1539 2668
148 219 185 249 10
551 219 684 248 TACITI
707 219 916 248 ANNALIUM
939 221 1012 248 LIB.
1038 221 1063 249 Ι.

144 292 305 323 «labores
321 291 461 332 perferre
485 301 492 323 :
521 301 559 323 ac
581 291 608 323 si
631 291 705 332 quis
729 292 779 322 tot
805 300 896 324 casus
916 292 982 324 vita
1008 292 1228 333 superaverit,
1253 291 1339 323 trahi
1368 294 1474 326 adhuc

147 353 162 367 «
177 340 323 371 diversas
340 340 372 370 in
386 342 488 371 terras
501 364 510 379 ,
527 339 582 370 ubi
596 348 652 379 per
675 348 794 370 nomen
807 349 957 379 agrorum
972 340 1105 380 uligines
1117 339 1273 381 paludum
1288 341 1338 371 vel
1355 340 1473 373 inculta

144 399 161 414 α
177 387 338 418 montium
357 387 528 427 accipiant.
550 387 715 418 enimvero
738 386 883 418 militiam
910 387 1014 428 ipsam
1037 396 1165 427 gravem
1179 412 1188 427 ‚
1213 387 1472 420 infructuosam:

145 447 159 461 «
176 434 269 465 denis
283 434 315 465 in
329 434 416 465 diem
430 433 557 465 assibus
571 433 711 465 animam
727 435 758 466 et
776 442 894 475 corpus
916 435 1081 466 aestimari.
1107 435 1182 466 hinc
1205 437 1347 475 vestem,
1363 443 1451 467 arma
1462 459 1472 475 ‚

142 495 158 509 κ
177 483 334 520 tentoria,
353 482 428 513 hinc
451 481 612 513 saevitiam
632 481 861 513 centurionum
881 485 913 514 et
938 482 1125 513 vacationes
1145 491 1317 513 munerum
1343 481 1471 514 redimi.
1499 502 1501 506 .

140 542 154 556 a
175 531 209 560 at
231 529 359 560 hercule
381 529 514 560 verbera
536 531 568 559 et
596 529 749 569 vulnera,
777 529 892 561 duram
922 530 1080 568 hiemem,
1107 530 1269 561 exercitas
1287 529 1298 547 ⁵
1325 531 1472 571 aestates,
1491 541 1493 543 ¹

140 589 155 603 «
174 576 294 607 bellum
315 579 406 607 atrox
429 578 485 607 aut
508 576 650 607 sterilem
667 585 798 616 pacem,
816 577 1022 617 sempiterna.
1041 585 1101 608 nec
1125 577 1213 608 aliud
1230 578 1450 608 levamentum
1463 599 1472 616 ,

139 636 154 651 «ι
174 633 273 664 quam
288 624 313 654 si
328 624 423 654 certis
437 623 497 654 sub
510 623 637 663 legibus
650 624 768 656 militia
788 625 935 664 iniretur,
957 626 991 655 ut
1010 624 1152 663 singulos
1174 624 1324 656 denarios
1338 624 1350 643 ⁶
1372 633 1478 656 mere--

138 683 153 697 «
172 674 263 708 rent,
289 671 547 702 sextusdecimus
575 671 727 711 stipendii
756 681 860 703 annus
888 672 983 703 {inem
1018 671 1200 711 afferret&
1232 681 1272 703 ne
1303 673 1389 703 ultra
1413 672 1472 704 sub

137 729 153 743 «
172 718 299 749 vexillis
326 720 525 757 tenerentur,
541 718 596 750 sed
610 718 721 750 iisdem
748 719 780 749 in
808 720 919 750 castris
934 720 1103 759 praemium
1124 719 1259 759 pecnnia
1279 719 1470 751 solveretur.
1484 736 1487 759 t

137 776 152 790 «
169 773 208 795 an
227 766 394 805 praetorias
408 766 568 805 cohortes,
584 775 655 805 quae
677 765 771 797 binos
787 766 932 798 denarios
948 767 958 784 ὃ
984 766 1184 806 acceperint,
1202 774 1275 806 quae
1296 768 1369 806 post
1383 767 1470 798 sede-

137 823 153 837 «
171 812 235 843 cim
250 822 353 843 annos
368 813 541 853 penatibus
562 814 628 845 suis
647 813 836 853 reddantur,
860 814 933 854 plus
956 814 1174 854 periculorum
1197 814 1384 853 suspicere?
1407 823 1472 846 non

137 871 154 887 κ
173 861 345 891 obtrectari
362 869 379 892 a
394 869 428 892 se
442 860 583 892 urbanas
606 861 783 893 excubias:
802 861 863 893 sibi
881 862 892 879 ³
918 864 1029 893 tamen
1046 861 1131 901 apud
1154 861 1301 892 horridas
1324 864 1435 901 gentes
1455 871 1472 893 e

140 920 155 935 t(
175 908 398 939 contuberniis
415 908 540 939 hostem
557 909 670 948 aspici.
688 921 703 936 »

173 957 285 986 XVIll.
306 955 497 995 Astrepebat
518 956 652 995 vulgus,
668 955 805 986 diversis
827 955 1045 987 incitamentis
1063 956 1070 973 ¹
1086 980 1094 995 ‚
1118 955 1150 986 hi
1169 955 1340 987 verberum
1356 956 1470 996 notas,

130 1001 175 1033 illi
200 1003 374 1041 canitiem,
398 1003 529 1042 plurimi
552 1002 669 1034 detrita
692 1002 832 1042 tegmina
855 1005 884 1033 et
909 1004 1031 1033 nudum
1050 1012 1167 1043 corpus
1193 1003 1426 1043 exprobrantes
1441 1002 1467 1036 ².

130 1052 297 1090 postremo
311 1058 349 1080 eo
366 1050 481 1081 furoris
495 1059 628 1089 venere,
650 1052 684 1081 ut
699 1051 763 1081 tres
780 1049 920 1088 legiones
934 1051 1067 1081 miscere
1083 1050 1115 1080 in
1139 1058 1238 1081 unam
1261 1050 1469 1090 agitaverint.

131 1097 254 1136 depulsi
270 1097 477 1129 aemulatione
489 1122 497 1136 ‚
521 1098 596 1138 quia
612 1106 680 1128 suae
695 1097 831 1138 quisque
854 1097 970 1136 legioni
993 1107 1066 1128 enm
1085 1098 1242 1128 honorem
1257 1097 1446 1137 quaerebant
1460 1121 1469 1137 ,

130 1143 192 1174 alio
216 1146 348 1175 vertunt
365 1144 395 1183 ³,
416 1147 515 1184 atque
541 1154 603 1175 una
628 1147 692 1175 tres
715 1144 836 1183 aquilas
853 1147 883 1174 et
906 1144 995 1182 signa
1016 1145 1199 1175 cohortium
1218 1144 1323 1175 locant
1341 1153 1347 1174 :
1375 1144 1470 1176 simul

129 1193 307 1230 congerunt
324 1192 474 1231 cespites,
492 1193 663 1222 exstruunt
678 1190 819 1221 tribunal
835 1190 842 1207 '⁴
859 1214 866 1228 ‚
881 1199 945 1229 quo
960 1191 1060 1229 magis
1075 1191 1251 1229 conspicua
1265 1190 1357 1222 sedes
1374 1191 1467 1223 soret.

127 1239 377 1277 properantibus
401 1239 522 1269 Blaesus
546 1238 697 1276 advenit,
728 1236 980 1276 increpabatque
1000 1246 1036 1268 ac
1055 1237 1215 1268 retinebat
1237 1238 1380 1278 singulos
1403 1240 1469 1272 cla-

127 1285 267 1324 mitans,
298 1287 377 1316 Mea
400 1287 517 1324 potius
539 1285 629 1316 ccede
655 1284 797 1315 imbuite
822 1292 967 1322 manns;
998 1285 1126 1315 leviore
1144 1284 1286 1324 slaqitio
1313 1286 1467 1326 teyatum

126 1332 340 1370 interficietis
355 1356 363 1370 ‚
382 1340 488 1371 quain
505 1331 547 1362 ab
564 1333 781 1370 Imperatore
794 1330 988 1361 desciscitis.
1013 1333 1076 1361 aut
1095 1332 1276 1362 incolumis
1286 1331 1396 1371 fidem
1419 1333 1467 1365 le-

126 1380 266 1419 qicnitm
284 1378 451 1416 retinebo,
470 1378 731 1417 azitjuqatatus
746 1379 986 1417 poenitenticim
1003 1378 1213 1409 accelerato.

167 1429 245 1456 XIX.
273 1425 489 1464 Aggerebalur
514 1424 728 1455 nihilominus
745 1432 874 1463 cespes:
891 1424 1023 1463 jamque
1047 1425 1169 1464 pectori
1196 1434 1295 1465 usque
1315 1434 1464 1458 accreve—

126 1476 177 1504 rat
194 1473 198 1489 ¹
216 1497 224 1510 ,
256 1481 357 1511 quum
381 1472 513 1503 tandem
535 1471 717 1512 pervicacia
744 1470 820 1502 victi
850 1471 1012 1510 inceptum
1036 1472 1184 1504 omisere.
1216 1473 1337 1504 Blaesns
1364 1473 1465 1506 multa

126 1519 253 1551 (licendi
272 1521 339 1562 arte
350 1543 358 1558 ,
375 1528 441 1550 non
453 1528 517 1559 per
529 1519 730 1550 seditionem
744 1520 777 1549 et
793 1518 916 1549 turbas
930 1518 1100 1549 desideria
1117 1520 1270 1551 militum
1287 1520 1335 1552 act
1353 1523 1464 1552 Ccesa-

126 1566 360 1606 reinferenda
380 1567 444 1597 ait:
469 1575 575 1607 neque
595 1568 722 1598 veteres
736 1565 780 1597 ab
797 1567 1063 1606 imperatoribus
1079 1569 1222 1606 priscis,
1251 1576 1357 1608 neque
1374 1570 1463 1608 ipsos

126 1614 236 1646 activo
254 1616 404 1654 Awstcsto
423 1615 496 1645 tam
516 1622 605 1645 nova
620 1615 779 1654 petivisse
792 1624 802 1644 .·
822 1615 854 1644 et
866 1622 997 1653 parum
1014 1615 1047 1644 in
1068 1616 1216 1653 tempore
1232 1614 1243 1632 2
1263 1616 1464 1655 incipientes

125 1662 300 1700 Principis
322 1669 427 1692 curas
448 1663 600 1692 onerari.
620 1663 649 1691 si
668 1662 783 1692 lamen
800 1660 979 1691 tenderent
998 1662 1031 1691 in
1045 1669 1132 1700 pace
1148 1663 1303 1701 tentare,
1322 1671 1399 1703 quc-¹3
1422 1672 1463 1695 ne

125 1709 281 1740 civilium
295 1708 435 1748 quidem
450 1707 619 1739 bellorum
636 1709 779 1739 victores
796 1708 1106 1746 expostulaverint,
1126 1711 1323 1740 cici-contra
1335 1717 1463 1741 morem

124 1755 297 1796 obsequii,
312 1754 504 1794 contrafas
527 1754 720 1794 de'seiptince
739 1756 807 1785 vim
833 1753 1068 1785 medicentur.»
1089 1753 1314 1786 decernerent
1332 1756 1462 1796 leyatos

123 1811 223 1843 seque
240 1810 357 1833 coram
373 1801 384 1819 ³
403 1801 576 1833 mandata
597 1802 735 1833 darent.
755 1802 979 1832 Acclamavere
1004 1802 1042 1832 ut
1057 1800 1158 1841 filins
1176 1802 1282 1834 Blaesi
1299 1803 1461 1836 tribanus

125 1848 295 1888 {effatione
313 1857 354 1880 ea
371 1848 608 1889 funyeretur,
627 1850 828 1889 peteretque
846 1848 1016 1879 militibus
1038 1850 1233 1880 missionem
1258 1849 1302 1881 ab
1317 1850 1462 1883 sedecim

123 1898 226 1927 annis
242 1907 252 1927 .·
271 1899 387 1928 cetera
402 1896 650 1934 mandaturos,
668 1896 726 1927 ubi
739 1898 858 1935 prima
871 1897 1108 1935 provenissent
1125 1896 1148 1927 ⁵.
1174 1897 1324 1928 Profecto
1339 1897 1460 1937 Juvene

123 1943 290 1975 modicum
313 1944 418 1975 otium
436 1953 444 1973 ε
463 1943 520 1975 sed
536 1943 703 1984 superbire
725 1943 836 1983 miles,
861 1942 949 1983 quod
971 1942 1056 1974 filius
1078 1943 1174 1983 legati
1195 1945 1305 1975 orator
1323 1944 1459 1985 publicae

123 2047 164 2070 nis
179 2046 364 2070 exauctoratis
380 2045 552 2069 debebantur
564 2046 621 2075 agri
642 2045 686 2069 vel
705 2044 846 2069 aliusmodi
860 2044 968 2073 praemia
985 2050 992 2067 :
1011 2049 1071 2073 quae
1090 2044 1154 2067 dum
1174 2047 1352 2075 pararentur,
1375 2047 1459 2072 vexil-

122 2082 251 2106 lariorum
267 2080 449 2109 appellatione
463 2081 490 2104 in
504 2082 626 2105 exercitu
645 2080 833 2104 retinebantur
846 2080 897 2103 sub
915 2079 1021 2103 veoetllo
1032 2097 1038 2107 ‚
1061 2080 1160 2102 ceteris
1179 2079 1336 2104 muneribus
1358 2084 1458 2111 praeter

123 2122 241 2145 pugnaui
261 2117 351 2139 soluti.
372 2127 402 2133 -
421 2121 443 2139 s.
465 2116 583 2145 Graves,
600 2116 737 2140 molestas.
759 2128 788 2132 —
809 2120 832 2138 c.
849 2115 957 2138 Denarii
974 2116 1015 2141 (80
1035 2113 1120 2137 terme
1139 2115 1225 2141 cent.)
1246 2116 1356 2145 proprie
1378 2119 1458 2142 erant

122 2154 216 2178 dec-em
233 2152 347 2178 assium:
361 2151 408 2175 sed
423 2152 485 2181 post
497 2152 564 2174 assis
579 2153 756 2175 mutationem
771 2157 794 2174 a.
813 2150 842 2174 U.
855 2155 897 2174 557
910 2150 1012 2173 sucta-n
1029 2154 1055 2173 ia
1065 2150 1172 2173 assium.
1188 2150 1351 2175 Demetrium
1366 2154 1459 2182 postu-

122 2189 162 2213 iat
173 2206 179 2217 ,
203 2193 256 2211 non
272 2192 299 2210 ιο
312 2192 386 2210 asses
397 2205 403 2215 ,
418 2192 485 2216 quos
499 2186 670 2215 accipiebant
681 2187 715 2211 ab
728 2193 752 2211 a.
766 2187 795 2211 U.
809 2190 861 2210 ⁷05.
882 2197 916 2202 —
935 2190 958 2208 ⁷.
987 2185 1019 2209 Ut
1033 2186 1214 2210 constituerat
1234 2188 1371 2216 Augustus
1385 2193 1408 2211 a.
1428 2188 1456 2213 U.

122 2228 174 2248 ⁷⁴¹.
187 2235 212 2239 —
228 2229 248 2246 8.
266 2223 400 2246 lnvidiose
415 2222 533 2249 dictum;
549 2227 603 2245 non
614 2227 627 2245 2
639 2223 765 2247 denarios
778 2223 808 2250 (i.
825 2227 849 2251 q.
862 2226 890 2244 52
904 2222 1004 2248 asses).
1020 2221 1067 2244 sed
1083 2220 1123 2244 bis
1138 2221 1232 2245 (locem
1249 2228 1324 2246 ³SS⁶³⁵
1339 2223 1458 2253 aceil’ie·

121 2257 196 2281 bant.
215 2259 391 2288 deceperint,
406 2258 561 2281 consecutae
575 2257 678 2282 fuerint
688 2264 704 2282 a
716 2259 822 2286 senatu,
837 2257 1006 2280 inhonorem
1023 2257 1144 2284 Augusti.
1159 2269 1188 2273 —
1201 2261 1224 2280 9.
1245 2257 1324 2288 Ipsis.

151 2293 251 2317 XVlll.
274 2299 295 2317 i.
313 2295 357 2318 sc.
371 2294 445 2317 inter
465 2298 495 2316 se
509 2293 603 2316 mutuo
618 2293 696 2318 datis.
712 2299 775 2318 -2.
793 2291 967 2317 ostendendo
979 2309 985 2320 ,
1007 2292 1036 2315 ut
1049 2290 1118 2315 intra
1134 2297 1158 2315 c.
1175 2296 1213 2316 ³9.
1230 2304 1257 2310 -—
1274 2298 1296 2317 s,
1319 2293 1362 2319 Arl
1382 2293 1456 2318 aliud

123 2329 266 2352 consilium
280 2335 309 2353 se
323 2329 442 2353 vertunt.
458 2328 580 2354 Vertere
594 2329 622 2352 et
635 2331 750 2354 mutare
766 2334 836 2358 saepe
858 2327 1030 2351 intransitive
1043 2327 1179 2351 dicuntur.
1198 2339 1227 2344 ·—
1245 2332 1266 2352 4.
1290 2329 1454 2360 suggestum

123 2369 154 2387 ex
170 2365 328 2394 cespitibus.

151 2401 222 2424 Xlx.
243 2406 260 2424 i.
276 2401 315 2425 Ad
336 2402 430 2431 pectus
444 2403 583 2432 creverat,
596 2403 628 2426 ut
644 2402 778 2427 accedere
797 2399 888 2425 alicui
905 2404 954 2428 pro
972 2401 1070 2424 cedere
1083 2401 1118 2424 ad
1131 2400 1258 2430 aliquem.
1282 2400 1453 2425 Pervicacia

122 2436 236 2460 Blaesi.—
247 2442 269 2460 2.
285 2438 381 2462 Parum
393 2440 548 2468 opportuno
560 2440 683 2469 tempore
693 2457 700 2467 ,
715 2434 771 2465 οὐκ
787 2433 817 2464 ἐν
833 2433 943 2473 καιρῷ.
960 2450 987 2454 -
1001 2442 1022 2461 3.
1038 2437 1070 2461 Et
1084 2442 1177 2461 coram
1190 2443 1228 2461 se.
1243 2448 1271 2454 -—
1285 2441 1307 2460 ⁴.
1319 2436 1452 2466 Prospere

1509 2481 1513 2491 Α

120 2472 323 2497 successissent.
