<?xml version="1.0" encoding="UTF-8"?>
<!DOCTYPE html PUBLIC "-//W3C//DTD XHTML 1.0 Transitional//EN"
    "http://www.w3.org/TR/xhtml1/DTD/xhtml1-transitional.dtd">
<html xmlns="http://www.w3.org/1999/xhtml" xml:lang="en" lang="en">
 <head>
  <title>
</title>
<meta http-equiv="Content-Type" content="text/html;charset=utf-8" />
  <meta name='ocr-system' content='tesseract 3.04.00' />
  <meta name='ocr-capabilities' content='ocr_page ocr_carea ocr_par ocr_line ocrx_word'/>
</head>
<body>
  <div class='ocr_page' id='page_1' title='image "./operaquaesupersu00taciuoft/operaquaesupersu00taciuoft_0206.png"; bbox 0 0 1539 2668; ppageno 0'>
   <div class='ocr_carea' id='block_1_1' title="bbox 115 129 1073 173">
    <p class='ocr_par' dir='ltr' id='par_1_1' title="bbox 115 129 1073 173">
     <span class='ocr_line' id='line_1_1' title="bbox 115 129 1073 173; baseline 0.006 -15"><span class='ocrx_word' id='word_1_1' title='bbox 115 169 117 173; x_wconf 16' lang='lat'>*</span> <span class='ocrx_word' id='word_1_2' title='bbox 144 129 203 159; x_wconf 82' lang='lat'>174</span> <span class='ocrx_word' id='word_1_3' title='bbox 524 133 657 161; x_wconf 85' lang='lat' dir='ltr'>TACITI</span> <span class='ocrx_word' id='word_1_4' title='bbox 679 132 887 162; x_wconf 82' lang='lat' dir='ltr'><strong>ANNALIUM</strong></span> <span class='ocrx_word' id='word_1_5' title='bbox 909 135 982 163; x_wconf 87' lang='lat' dir='ltr'>LIB.</span> <span class='ocrx_word' id='word_1_6' title='bbox 1007 135 1073 164; x_wconf 87' lang='lat' dir='ltr'>XII.</span> 
     </span>
    </p>
   </div>
   <div class='ocr_carea' id='block_1_2' title="bbox 132 205 1469 2079">
    <p class='ocr_par' dir='ltr' id='par_1_2' title="bbox 137 205 1464 482">
     <span class='ocr_line' id='line_1_2' title="bbox 139 205 1464 249; baseline 0.007 -15"><span class='ocrx_word' id='word_1_7' title='bbox 139 206 245 235; x_wconf 69' lang='lat' dir='ltr'>excisi</span> <span class='ocrx_word' id='word_1_8' title='bbox 257 206 291 236; x_wconf 79' lang='lat' dir='ltr'>et</span> <span class='ocrx_word' id='word_1_9' title='bbox 303 206 339 236; x_wconf 70' lang='lat' dir='ltr'>in</span> <span class='ocrx_word' id='word_1_10' title='bbox 357 205 489 236; x_wconf 76' lang='lat' dir='ltr'>Gallias</span> <span class='ocrx_word' id='word_1_11' title='bbox 504 206 763 245; x_wconf 73' lang='lat' dir='ltr'>trajectisorent</span> <span class='ocrx_word' id='word_1_12' title='bbox 778 206 803 245; x_wconf 78' lang='lat'>¹,</span> <span class='ocrx_word' id='word_1_13' title='bbox 817 209 868 240; x_wconf 75' lang='lat' dir='ltr'>ita</span> <span class='ocrx_word' id='word_1_14' title='bbox 880 208 1037 239; x_wconf 73' lang='lat' dir='ltr'>Silurum</span> <span class='ocrx_word' id='word_1_15' title='bbox 1052 216 1175 240; x_wconf 82' lang='lat' dir='ltr'>nomen</span> <span class='ocrx_word' id='word_1_16' title='bbox 1187 211 1325 249; x_wconf 77' lang='lat' dir='ltr'>penitus</span> <span class='ocrx_word' id='word_1_17' title='bbox 1339 212 1464 244; x_wconf 76' lang='lat' dir='ltr'>exstin-</span> 
     </span>
     <span class='ocr_line' id='line_1_3' title="bbox 139 251 1464 295; baseline 0.006 -14"><span class='ocrx_word' id='word_1_18' title='bbox 139 251 324 290; x_wconf 73' lang='lat' dir='ltr'>quendum.</span> <span class='ocrx_word' id='word_1_19' title='bbox 339 252 434 292; x_wconf 77' lang='lat' dir='ltr'>igitur</span> <span class='ocrx_word' id='word_1_20' title='bbox 451 253 531 283; x_wconf 89' lang='lat' dir='ltr'>duas</span> <span class='ocrx_word' id='word_1_21' title='bbox 544 253 716 284; x_wconf 77' lang='lat' dir='ltr'>auxiliares</span> <span class='ocrx_word' id='word_1_22' title='bbox 730 254 877 286; x_wconf 89' lang='lat' dir='ltr'>cohortes</span> <span class='ocrx_word' id='word_1_23' title='bbox 888 280 899 295; x_wconf 89' lang='lat'>,</span> <span class='ocrx_word' id='word_1_24' title='bbox 915 256 1049 287; x_wconf 82' lang='lat' dir='ltr'>avaritia</span> <span class='ocrx_word' id='word_1_25' title='bbox 1062 256 1288 295; x_wconf 74' lang='lat' dir='ltr'><strong>praefectorum</strong></span> <span class='ocrx_word' id='word_1_26' title='bbox 1302 257 1464 291; x_wconf 77' lang='lat' dir='ltr'><strong>incautius</strong></span> 
     </span>
     <span class='ocr_line' id='line_1_4' title="bbox 140 298 1464 345; baseline 0.006 -16"><span class='ocrx_word' id='word_1_27' title='bbox 140 298 351 339; x_wconf 78' lang='lat' dir='ltr'>populantes,</span> <span class='ocrx_word' id='word_1_28' title='bbox 371 299 586 340; x_wconf 82' lang='lat' dir='ltr'>intercepere3</span> <span class='ocrx_word' id='word_1_29' title='bbox 605 300 770 341; x_wconf 89' lang='lat' dir='ltr'>spoliaque</span> <span class='ocrx_word' id='word_1_30' title='bbox 793 303 826 333; x_wconf 88' lang='lat' dir='ltr'>et</span> <span class='ocrx_word' id='word_1_31' title='bbox 842 303 990 343; x_wconf 87' lang='lat' dir='ltr'>captivos</span> <span class='ocrx_word' id='word_1_32' title='bbox 1014 303 1178 343; x_wconf 85' lang='lat' dir='ltr'>largiendo</span> <span class='ocrx_word' id='word_1_33' title='bbox 1194 306 1316 335; x_wconf 86' lang='lat' dir='ltr'>ceteras</span> <span class='ocrx_word' id='word_1_34' title='bbox 1335 314 1464 345; x_wconf 88' lang='lat' dir='ltr'>quoque</span> 
     </span>
     <span class='ocr_line' id='line_1_5' title="bbox 138 346 1464 388; baseline 0.005 -12"><span class='ocrx_word' id='word_1_35' title='bbox 138 346 286 377; x_wconf 83' lang='lat' dir='ltr'>nationes</span> <span class='ocrx_word' id='word_1_36' title='bbox 300 347 338 377; x_wconf 85' lang='lat' dir='ltr'>ad</span> <span class='ocrx_word' id='word_1_37' title='bbox 354 346 566 378; x_wconf 78' lang='lat' dir='ltr'>defectionem</span> <span class='ocrx_word' id='word_1_38' title='bbox 580 348 766 387; x_wconf 84' lang='lat' dir='ltr'>trabebant,</span> <span class='ocrx_word' id='word_1_39' title='bbox 783 358 884 388; x_wconf 84' lang='lat' dir='ltr'>quum</span> <span class='ocrx_word' id='word_1_40' title='bbox 902 350 999 381; x_wconf 79' lang='lat' dir='ltr'>taedio</span> <span class='ocrx_word' id='word_1_41' title='bbox 1016 359 1167 381; x_wconf 87' lang='lat' dir='ltr'>curarum</span> <span class='ocrx_word' id='word_1_42' title='bbox 1194 351 1299 382; x_wconf 79' lang='lat' dir='ltr'>sessus</span> <span class='ocrx_word' id='word_1_43' title='bbox 1316 352 1464 384; x_wconf 80' lang='lat' dir='ltr'>Ostorius</span> 
     </span>
     <span class='ocr_line' id='line_1_6' title="bbox 137 394 1464 439; baseline 0.007 -16"><span class='ocrx_word' id='word_1_44' title='bbox 137 394 296 424; x_wconf 80' lang='lat' dir='ltr'>concessit</span> <span class='ocrx_word' id='word_1_45' title='bbox 313 394 397 433; x_wconf 72' lang='lat' dir='ltr'>vita,</span> <span class='ocrx_word' id='word_1_46' title='bbox 416 394 498 424; x_wconf 86' lang='lat' dir='ltr'>laetis</span> <span class='ocrx_word' id='word_1_47' title='bbox 523 394 668 426; x_wconf 77' lang='lat' dir='ltr'><strong>hostibus</strong></span> <span class='ocrx_word' id='word_1_48' title='bbox 680 419 688 434; x_wconf 95' lang='lat'>‚</span> <span class='ocrx_word' id='word_1_49' title='bbox 706 399 874 435; x_wconf 80' lang='lat' dir='ltr'><strong>tamquam</strong></span> <span class='ocrx_word' id='word_1_50' title='bbox 892 397 1009 429; x_wconf 89' lang='lat' dir='ltr'>ducem</span> <span class='ocrx_word' id='word_1_51' title='bbox 1039 397 1127 428; x_wconf 85' lang='lat' dir='ltr'>haud</span> <span class='ocrx_word' id='word_1_52' title='bbox 1147 397 1382 439; x_wconf 87' lang='lat' dir='ltr'>spernendum,</span> <span class='ocrx_word' id='word_1_53' title='bbox 1403 399 1464 432; x_wconf 86' lang='lat' dir='ltr'>etsi</span> 
     </span>
     <span class='ocr_line' id='line_1_7' title="bbox 137 441 1443 482; baseline 0.008 -13"><span class='ocrx_word' id='word_1_54' title='bbox 137 445 202 469; x_wconf 88' lang='lat' dir='ltr'>non</span> <span class='ocrx_word' id='word_1_55' title='bbox 220 441 391 480; x_wconf 83' lang='lat' dir='ltr'>proelium,</span> <span class='ocrx_word' id='word_1_56' title='bbox 409 444 442 472; x_wconf 82' lang='lat' dir='ltr'>at</span> <span class='ocrx_word' id='word_1_57' title='bbox 458 443 544 472; x_wconf 86' lang='lat' dir='ltr'>certe</span> <span class='ocrx_word' id='word_1_58' title='bbox 563 441 681 472; x_wconf 82' lang='lat' dir='ltr'>bellum</span> <span class='ocrx_word' id='word_1_59' title='bbox 697 442 940 482; x_wconf 80' lang='lat' dir='ltr'><strong>absumpsisset.</strong></span> <span class='ocrx_word' id='word_1_60' title='bbox 1442 476 1443 479; x_wconf 75' lang='grc'>,</span> 
     </span>
    </p>

    <p class='ocr_par' dir='ltr' id='par_1_3' title="bbox 132 488 1469 1460">
     <span class='ocr_line' id='line_1_8' title="bbox 179 488 1466 534; baseline 0.006 -17"><span class='ocrx_word' id='word_1_61' title='bbox 179 489 240 517; x_wconf 88' lang='lat' dir='ltr'>XL.</span> <span class='ocrx_word' id='word_1_62' title='bbox 265 491 304 518; x_wconf 83' lang='lat' dir='ltr'>At</span> <span class='ocrx_word' id='word_1_63' title='bbox 319 492 425 519; x_wconf 83' lang='lat' dir='ltr'>Caesar</span> <span class='ocrx_word' id='word_1_64' title='bbox 440 513 448 527; x_wconf 95' lang='lat'>,</span> <span class='ocrx_word' id='word_1_65' title='bbox 472 488 597 527; x_wconf 77' lang='lat' dir='ltr'>cognita</span> <span class='ocrx_word' id='word_1_66' title='bbox 615 491 719 521; x_wconf 87' lang='lat' dir='ltr'>morte</span> <span class='ocrx_word' id='word_1_67' title='bbox 737 489 851 529; x_wconf 82' lang='lat' dir='ltr'>legati,</span> <span class='ocrx_word' id='word_1_68' title='bbox 874 499 914 521; x_wconf 90' lang='lat' dir='ltr'>ne</span> <span class='ocrx_word' id='word_1_69' title='bbox 935 490 1101 531; x_wconf 87' lang='lat' dir='ltr'>provincia</span> <span class='ocrx_word' id='word_1_70' title='bbox 1125 490 1194 522; x_wconf 90' lang='lat' dir='ltr'>sine</span> <span class='ocrx_word' id='word_1_71' title='bbox 1213 492 1337 524; x_wconf 84' lang='lat' dir='ltr'>rectore</span> <span class='ocrx_word' id='word_1_72' title='bbox 1361 493 1466 534; x_wconf 87' lang='lat' dir='ltr'>soret,</span> 
     </span>
     <span class='ocr_line' id='line_1_9' title="bbox 137 533 1467 578; baseline 0.007 -15"><span class='ocrx_word' id='word_1_73' title='bbox 137 533 173 563; x_wconf 90' lang='lat' dir='ltr'>A.</span> <span class='ocrx_word' id='word_1_74' title='bbox 198 533 329 564; x_wconf 87' lang='lat' dir='ltr'>Didium</span> <span class='ocrx_word' id='word_1_75' title='bbox 350 535 488 566; x_wconf 77' lang='lat' dir='ltr'>suffecit.</span> <span class='ocrx_word' id='word_1_76' title='bbox 509 535 536 565; x_wconf 90' lang='lat' dir='ltr'>is</span> <span class='ocrx_word' id='word_1_77' title='bbox 552 545 686 576; x_wconf 77' lang='lat' dir='ltr'>propere</span> <span class='ocrx_word' id='word_1_78' title='bbox 712 539 827 568; x_wconf 90' lang='lat' dir='ltr'>vectus</span> <span class='ocrx_word' id='word_1_79' title='bbox 840 561 849 576; x_wconf 84' lang='lat'>,</span> <span class='ocrx_word' id='word_1_80' title='bbox 873 546 936 569; x_wconf 87' lang='lat' dir='ltr'>non</span> <span class='ocrx_word' id='word_1_81' title='bbox 956 541 1064 569; x_wconf 85' lang='lat' dir='ltr'>tamen</span> <span class='ocrx_word' id='word_1_82' title='bbox 1081 539 1222 578; x_wconf 82' lang='lat' dir='ltr'>integras</span> <span class='ocrx_word' id='word_1_83' title='bbox 1248 548 1298 570; x_wconf 90' lang='lat' dir='ltr'>res</span> <span class='ocrx_word' id='word_1_84' title='bbox 1319 538 1467 578; x_wconf 85' lang='lat' dir='ltr'>invenit,</span> 
     </span>
     <span class='ocr_line' id='line_1_10' title="bbox 136 578 1468 626; baseline 0.007 -16"><span class='ocrx_word' id='word_1_85' title='bbox 136 578 271 611; x_wconf 79' lang='lat' dir='ltr'>adversa</span> <span class='ocrx_word' id='word_1_86' title='bbox 288 581 416 612; x_wconf 81' lang='lat' dir='ltr'>interim</span> <span class='ocrx_word' id='word_1_87' title='bbox 435 582 570 621; x_wconf 81' lang='lat' dir='ltr'>legionis</span> <span class='ocrx_word' id='word_1_88' title='bbox 587 592 693 623; x_wconf 81' lang='lat' dir='ltr'>pugna</span> <span class='ocrx_word' id='word_1_89' title='bbox 706 608 714 623; x_wconf 95' lang='lat'>,</span> <span class='ocrx_word' id='word_1_90' title='bbox 732 584 785 615; x_wconf 89' lang='lat' dir='ltr'>cui</span> <span class='ocrx_word' id='word_1_91' title='bbox 800 585 938 617; x_wconf 81' lang='lat' dir='ltr'>Manlius</span> <span class='ocrx_word' id='word_1_92' title='bbox 952 585 1070 616; x_wconf 86' lang='lat' dir='ltr'>Valens</span> <span class='ocrx_word' id='word_1_93' title='bbox 1091 589 1237 626; x_wconf 86' lang='lat' dir='ltr'>praeerat.</span> <span class='ocrx_word' id='word_1_94' title='bbox 1258 587 1419 626; x_wconf 85' lang='lat' dir='ltr'>auctaque</span> <span class='ocrx_word' id='word_1_95' title='bbox 1434 588 1468 619; x_wconf 82' lang='lat' dir='ltr'>et</span> 
     </span>
     <span class='ocr_line' id='line_1_11' title="bbox 136 627 1468 673; baseline 0.005 -16"><span class='ocrx_word' id='word_1_96' title='bbox 136 627 221 666; x_wconf 87' lang='lat' dir='ltr'>apud</span> <span class='ocrx_word' id='word_1_97' title='bbox 240 628 350 660; x_wconf 85' lang='lat' dir='ltr'>hostes</span> <span class='ocrx_word' id='word_1_98' title='bbox 368 630 439 669; x_wconf 82' lang='lat' dir='ltr'>ejus</span> <span class='ocrx_word' id='word_1_99' title='bbox 457 630 501 660; x_wconf 92' lang='lat' dir='ltr'>rei</span> <span class='ocrx_word' id='word_1_100' title='bbox 522 630 606 661; x_wconf 85' lang='lat' dir='ltr'>sama</span> <span class='ocrx_word' id='word_1_101' title='bbox 620 655 628 669; x_wconf 86' lang='lat'>,</span> <span class='ocrx_word' id='word_1_102' title='bbox 648 640 712 670; x_wconf 87' lang='lat' dir='ltr'>quo</span> <span class='ocrx_word' id='word_1_103' title='bbox 730 631 912 663; x_wconf 87' lang='lat' dir='ltr'>venientem</span> <span class='ocrx_word' id='word_1_104' title='bbox 933 631 1048 663; x_wconf 90' lang='lat' dir='ltr'>ducem</span> <span class='ocrx_word' id='word_1_105' title='bbox 1066 634 1285 671; x_wconf 80' lang='lat' dir='ltr'>exterrerent,</span> <span class='ocrx_word' id='word_1_106' title='bbox 1302 635 1399 673; x_wconf 87' lang='lat' dir='ltr'>atque</span> <span class='ocrx_word' id='word_1_107' title='bbox 1413 633 1468 665; x_wconf 88' lang='lat' dir='ltr'>illo</span> 
     </span>
     <span class='ocr_line' id='line_1_12' title="bbox 136 676 1469 719; baseline 0.005 -16"><span class='ocrx_word' id='word_1_108' title='bbox 136 676 274 713; x_wconf 81' lang='lat' dir='ltr'>augente</span> <span class='ocrx_word' id='word_1_109' title='bbox 294 676 423 714; x_wconf 85' lang='lat' dir='ltr'>audita,</span> <span class='ocrx_word' id='word_1_110' title='bbox 452 680 487 708; x_wconf 90' lang='lat' dir='ltr'>ut</span> <span class='ocrx_word' id='word_1_111' title='bbox 510 678 611 717; x_wconf 83' lang='lat' dir='ltr'>major</span> <span class='ocrx_word' id='word_1_112' title='bbox 633 678 701 709; x_wconf 86' lang='lat' dir='ltr'>laus</span> <span class='ocrx_word' id='word_1_113' title='bbox 720 678 891 719; x_wconf 77' lang='lat' dir='ltr'>compositi</span> <span class='ocrx_word' id='word_1_114' title='bbox 911 679 918 696; x_wconf 92' lang='lat'><strong>¹</strong></span> <span class='ocrx_word' id='word_1_115' title='bbox 951 678 1021 718; x_wconf 88' lang='lat' dir='ltr'>vel,</span> <span class='ocrx_word' id='word_1_116' title='bbox 1052 678 1078 709; x_wconf 93' lang='lat' dir='ltr'>si</span> <span class='ocrx_word' id='word_1_117' title='bbox 1096 678 1325 710; x_wconf 82' lang='lat' dir='ltr'>duravissent²</span> <span class='ocrx_word' id='word_1_118' title='bbox 1339 703 1349 719; x_wconf 93' lang='lat'>‚</span> <span class='ocrx_word' id='word_1_119' title='bbox 1373 679 1469 711; x_wconf 87' lang='lat' dir='ltr'>venia</span> 
     </span>
     <span class='ocr_line' id='line_1_13' title="bbox 132 719 1469 766; baseline 0.006 -16"><span class='ocrx_word' id='word_1_120' title='bbox 132 719 254 759; x_wconf 86' lang='lat' dir='ltr'>justior</span> <span class='ocrx_word' id='word_1_121' title='bbox 281 722 492 755; x_wconf 82' lang='lat' dir='ltr'>tribueretur.</span> <span class='ocrx_word' id='word_1_122' title='bbox 511 725 632 756; x_wconf 85' lang='lat' dir='ltr'>Silures</span> <span class='ocrx_word' id='word_1_123' title='bbox 657 724 687 755; x_wconf 89' lang='lat' dir='ltr'>id</span> <span class='ocrx_word' id='word_1_124' title='bbox 706 734 835 766; x_wconf 84' lang='lat' dir='ltr'>quoque</span> <span class='ocrx_word' id='word_1_125' title='bbox 853 726 1008 756; x_wconf 89' lang='lat' dir='ltr'>damnum</span> <span class='ocrx_word' id='word_1_126' title='bbox 1028 726 1226 765; x_wconf 80' lang='lat' dir='ltr'>intulerant3</span> <span class='ocrx_word' id='word_1_127' title='bbox 1248 726 1374 766; x_wconf 85' lang='lat' dir='ltr'>lateque</span> <span class='ocrx_word' id='word_1_128' title='bbox 1399 735 1469 766; x_wconf 87' lang='lat' dir='ltr'>per-</span> 
     </span>
     <span class='ocr_line' id='line_1_14' title="bbox 136 767 1468 813; baseline 0.004 -16"><span class='ocrx_word' id='word_1_129' title='bbox 136 767 303 800; x_wconf 87' lang='lat' dir='ltr'>sultabant</span> <span class='ocrx_word' id='word_1_130' title='bbox 317 794 326 810; x_wconf 92' lang='lat'>,</span> <span class='ocrx_word' id='word_1_131' title='bbox 345 771 448 802; x_wconf 85' lang='lat' dir='ltr'>donec</span> <span class='ocrx_word' id='word_1_132' title='bbox 467 780 601 802; x_wconf 85' lang='lat' dir='ltr'>accursu</span> <span class='ocrx_word' id='word_1_133' title='bbox 618 771 705 803; x_wconf 88' lang='lat' dir='ltr'>Didii</span> <span class='ocrx_word' id='word_1_134' title='bbox 723 772 929 813; x_wconf 84' lang='lat' dir='ltr'>pellerentur.</span> <span class='ocrx_word' id='word_1_135' title='bbox 947 772 1007 803; x_wconf 87' lang='lat' dir='ltr'>Sed</span> <span class='ocrx_word' id='word_1_136' title='bbox 1026 775 1096 812; x_wconf 91' lang='lat' dir='ltr'>post</span> <span class='ocrx_word' id='word_1_137' title='bbox 1111 776 1241 811; x_wconf 87' lang='lat' dir='ltr'>captum</span> <span class='ocrx_word' id='word_1_138' title='bbox 1258 775 1468 804; x_wconf 74' lang='lat' dir='ltr'>Car-actacum</span> 
     </span>
     <span class='ocr_line' id='line_1_15' title="bbox 136 815 1469 860; baseline 0.007 -17"><span class='ocrx_word' id='word_1_139' title='bbox 136 815 320 856; x_wconf 88' lang='lat' dir='ltr'>praecipuus</span> <span class='ocrx_word' id='word_1_140' title='bbox 337 818 471 849; x_wconf 86' lang='lat' dir='ltr'>scientia</span> <span class='ocrx_word' id='word_1_141' title='bbox 486 818 529 850; x_wconf 88' lang='lat' dir='ltr'>rei</span> <span class='ocrx_word' id='word_1_142' title='bbox 547 819 698 850; x_wconf 86' lang='lat' dir='ltr'>militaris</span> <span class='ocrx_word' id='word_1_143' title='bbox 712 820 870 851; x_wconf 86' lang='lat' dir='ltr'>Venutius</span> <span class='ocrx_word' id='word_1_144' title='bbox 881 844 889 859; x_wconf 94' lang='lat'>,</span> <span class='ocrx_word' id='word_1_145' title='bbox 907 828 924 851; x_wconf 91' lang='lat' dir='ltr'>e</span> <span class='ocrx_word' id='word_1_146' title='bbox 938 821 1113 859; x_wconf 83' lang='lat' dir='ltr'>Jugantum</span> <span class='ocrx_word' id='word_1_147' title='bbox 1128 820 1259 851; x_wconf 87' lang='lat' dir='ltr'>civitate</span> <span class='ocrx_word' id='word_1_148' title='bbox 1272 819 1283 837; x_wconf 81' lang='lat'>³</span> <span class='ocrx_word' id='word_1_149' title='bbox 1299 844 1308 859; x_wconf 92' lang='lat'>,</span> <span class='ocrx_word' id='word_1_150' title='bbox 1323 820 1469 860; x_wconf 80' lang='lat' dir='ltr'>utsupra</span> 
     </span>
     <span class='ocr_line' id='line_1_16' title="bbox 135 863 1468 906; baseline 0.005 -15"><span class='ocrx_word' id='word_1_151' title='bbox 135 863 337 894; x_wconf 69' lang='lat' dir='ltr'>memoravi⁴</span> <span class='ocrx_word' id='word_1_152' title='bbox 354 889 363 904; x_wconf 89' lang='lat'><em>‚</em></span> <span class='ocrx_word' id='word_1_153' title='bbox 394 865 542 905; x_wconf 81' lang='lat' dir='ltr'>fidusque</span> <span class='ocrx_word' id='word_1_154' title='bbox 558 866 614 897; x_wconf 92' lang='lat' dir='ltr'>diu</span> <span class='ocrx_word' id='word_1_155' title='bbox 635 869 667 897; x_wconf 88' lang='lat' dir='ltr'>et</span> <span class='ocrx_word' id='word_1_156' title='bbox 683 867 837 897; x_wconf 84' lang='lat' dir='ltr'>Romanis</span> <span class='ocrx_word' id='word_1_157' title='bbox 852 865 951 897; x_wconf 89' lang='lat' dir='ltr'>armis</span> <span class='ocrx_word' id='word_1_158' title='bbox 972 866 1123 898; x_wconf 80' lang='lat' dir='ltr'>defensus</span> <span class='ocrx_word' id='word_1_159' title='bbox 1136 891 1145 906; x_wconf 91' lang='lat'>,</span> <span class='ocrx_word' id='word_1_160' title='bbox 1166 875 1267 906; x_wconf 90' lang='lat' dir='ltr'>quum</span> <span class='ocrx_word' id='word_1_161' title='bbox 1287 866 1468 898; x_wconf 86' lang='lat' dir='ltr'>Cartiman·</span> 
     </span>
     <span class='ocr_line' id='line_1_17' title="bbox 134 909 1466 953; baseline 0.004 -13"><span class='ocrx_word' id='word_1_162' title='bbox 134 909 233 941; x_wconf 89' lang='lat' dir='ltr'>duam</span> <span class='ocrx_word' id='word_1_163' title='bbox 249 910 388 951; x_wconf 84' lang='lat' dir='ltr'>reginam</span> <span class='ocrx_word' id='word_1_164' title='bbox 401 912 411 929; x_wconf 74' lang='lat'><strong>⁵</strong></span> <span class='ocrx_word' id='word_1_165' title='bbox 432 913 639 944; x_wconf 86' lang='lat' dir='ltr'>matrimonio</span> <span class='ocrx_word' id='word_1_166' title='bbox 665 915 807 953; x_wconf 88' lang='lat' dir='ltr'>teneret,</span> <span class='ocrx_word' id='word_1_167' title='bbox 825 923 899 945; x_wconf 77' lang='lat' dir='ltr'>mox</span> <span class='ocrx_word' id='word_1_168' title='bbox 927 917 998 945; x_wconf 91' lang='lat' dir='ltr'>orto</span> <span class='ocrx_word' id='word_1_169' title='bbox 1019 914 1156 945; x_wconf 88' lang='lat' dir='ltr'>discidio</span> <span class='ocrx_word' id='word_1_170' title='bbox 1179 916 1209 945; x_wconf 88' lang='lat' dir='ltr'>et</span> <span class='ocrx_word' id='word_1_171' title='bbox 1225 915 1333 945; x_wconf 87' lang='lat' dir='ltr'>statim</span> <span class='ocrx_word' id='word_1_172' title='bbox 1361 914 1444 946; x_wconf 88' lang='lat' dir='ltr'>bello</span> <span class='ocrx_word' id='word_1_173' title='bbox 1457 936 1466 953; x_wconf 95' lang='lat'>,</span> 
     </span>
     <span class='ocr_line' id='line_1_18' title="bbox 133 957 1467 1002; baseline 0.003 -14"><span class='ocrx_word' id='word_1_174' title='bbox 133 957 233 988; x_wconf 87' lang='lat' dir='ltr'>etiam</span> <span class='ocrx_word' id='word_1_175' title='bbox 250 958 405 990; x_wconf 87' lang='lat' dir='ltr'>adversus</span> <span class='ocrx_word' id='word_1_176' title='bbox 419 969 478 991; x_wconf 91' lang='lat' dir='ltr'>nos</span> <span class='ocrx_word' id='word_1_177' title='bbox 496 960 626 991; x_wconf 87' lang='lat' dir='ltr'>hostilia</span> <span class='ocrx_word' id='word_1_178' title='bbox 642 961 802 992; x_wconf 89' lang='lat' dir='ltr'>induerat.</span> <span class='ocrx_word' id='word_1_179' title='bbox 821 961 876 992; x_wconf 92' lang='lat' dir='ltr'>sed</span> <span class='ocrx_word' id='word_1_180' title='bbox 895 961 1001 1002; x_wconf 88' lang='lat' dir='ltr'>primo</span> <span class='ocrx_word' id='word_1_181' title='bbox 1018 963 1147 993; x_wconf 86' lang='lat' dir='ltr'>tantum</span> <span class='ocrx_word' id='word_1_182' title='bbox 1166 961 1248 991; x_wconf 87' lang='lat' dir='ltr'>inter</span> <span class='ocrx_word' id='word_1_183' title='bbox 1266 960 1351 1001; x_wconf 90' lang='lat' dir='ltr'>ipsos</span> <span class='ocrx_word' id='word_1_184' title='bbox 1367 961 1467 992; x_wconf 89' lang='lat' dir='ltr'>certa-</span> 
     </span>
     <span class='ocr_line' id='line_1_19' title="bbox 135 1002 1468 1048; baseline 0.003 -14"><span class='ocrx_word' id='word_1_185' title='bbox 135 1002 252 1044; x_wconf 80' lang='lat' dir='ltr'>batur,</span> <span class='ocrx_word' id='word_1_186' title='bbox 279 1006 468 1047; x_wconf 86' lang='lat' dir='ltr'>callidisque</span> <span class='ocrx_word' id='word_1_187' title='bbox 493 1007 722 1038; x_wconf 83' lang='lat' dir='ltr'>Cartimandua</span> <span class='ocrx_word' id='word_1_188' title='bbox 747 1008 873 1039; x_wconf 88' lang='lat' dir='ltr'>artibus</span> <span class='ocrx_word' id='word_1_189' title='bbox 894 1008 1025 1039; x_wconf 83' lang='lat' dir='ltr'>fratrem</span> <span class='ocrx_word' id='word_1_190' title='bbox 1053 1017 1090 1039; x_wconf 90' lang='lat' dir='ltr'>ac</span> <span class='ocrx_word' id='word_1_191' title='bbox 1116 1007 1314 1048; x_wconf 87' lang='lat' dir='ltr'>propinquos</span> <span class='ocrx_word' id='word_1_192' title='bbox 1335 1007 1468 1039; x_wconf 87' lang='lat' dir='ltr'>Venutii</span> 
     </span>
     <span class='ocr_line' id='line_1_20' title="bbox 134 1050 1467 1095; baseline 0.003 -14"><span class='ocrx_word' id='word_1_193' title='bbox 134 1050 318 1093; x_wconf 87' lang='lat' dir='ltr'>intercepit.</span> <span class='ocrx_word' id='word_1_194' title='bbox 336 1053 411 1085; x_wconf 83' lang='lat' dir='ltr'>inde</span> <span class='ocrx_word' id='word_1_195' title='bbox 425 1055 551 1085; x_wconf 80' lang='lat' dir='ltr'>accensi</span> <span class='ocrx_word' id='word_1_196' title='bbox 566 1054 674 1085; x_wconf 83' lang='lat' dir='ltr'>hostes</span> <span class='ocrx_word' id='word_1_197' title='bbox 686 1079 694 1094; x_wconf 85' lang='lat'>,</span> <span class='ocrx_word' id='word_1_198' title='bbox 716 1055 904 1087; x_wconf 81' lang='lat' dir='ltr'>stimulante</span> <span class='ocrx_word' id='word_1_199' title='bbox 921 1056 1111 1095; x_wconf 76' lang='lat' dir='ltr'>ignominia,</span> <span class='ocrx_word' id='word_1_200' title='bbox 1130 1064 1170 1085; x_wconf 86' lang='lat' dir='ltr'>ne</span> <span class='ocrx_word' id='word_1_201' title='bbox 1185 1056 1314 1086; x_wconf 80' lang='lat' dir='ltr'>teininae</span> <span class='ocrx_word' id='word_1_202' title='bbox 1330 1055 1467 1095; x_wconf 90' lang='lat' dir='ltr'>imperio</span> 
     </span>
     <span class='ocr_line' id='line_1_21' title="bbox 135 1098 1468 1142; baseline 0.002 -13"><span class='ocrx_word' id='word_1_203' title='bbox 135 1098 352 1131; x_wconf 84' lang='lat' dir='ltr'>subderentur</span> <span class='ocrx_word' id='word_1_204' title='bbox 367 1101 391 1130; x_wconf 74' lang='lat'>⁶.</span> <span class='ocrx_word' id='word_1_205' title='bbox 410 1101 517 1132; x_wconf 81' lang='lat' dir='ltr'>valida</span> <span class='ocrx_word' id='word_1_206' title='bbox 533 1104 564 1132; x_wconf 88' lang='lat' dir='ltr'>et</span> <span class='ocrx_word' id='word_1_207' title='bbox 580 1102 660 1133; x_wconf 88' lang='lat' dir='ltr'>lecta</span> <span class='ocrx_word' id='word_1_208' title='bbox 674 1102 772 1132; x_wconf 89' lang='lat' dir='ltr'>armis</span> <span class='ocrx_word' id='word_1_209' title='bbox 785 1101 942 1140; x_wconf 87' lang='lat' dir='ltr'>juventus</span> <span class='ocrx_word' id='word_1_210' title='bbox 957 1111 1091 1142; x_wconf 83' lang='lat' dir='ltr'>regnum</span> <span class='ocrx_word' id='word_1_211' title='bbox 1109 1102 1178 1141; x_wconf 88' lang='lat' dir='ltr'>ejus</span> <span class='ocrx_word' id='word_1_212' title='bbox 1195 1102 1364 1132; x_wconf 78' lang='lat' dir='ltr'>invadunt.</span> <span class='ocrx_word' id='word_1_213' title='bbox 1380 1100 1468 1142; x_wconf 89' lang='lat' dir='ltr'>quod</span> 
     </span>
     <span class='ocr_line' id='line_1_22' title="bbox 135 1144 1468 1188; baseline 0.005 -15"><span class='ocrx_word' id='word_1_214' title='bbox 135 1144 228 1176; x_wconf 86' lang='lat' dir='ltr'>nobis</span> <span class='ocrx_word' id='word_1_215' title='bbox 246 1147 439 1187; x_wconf 81' lang='lat' dir='ltr'>praevisum3</span> <span class='ocrx_word' id='word_1_216' title='bbox 463 1151 495 1179; x_wconf 91' lang='lat' dir='ltr'>et</span> <span class='ocrx_word' id='word_1_217' title='bbox 512 1148 623 1179; x_wconf 85' lang='lat' dir='ltr'>missae</span> <span class='ocrx_word' id='word_1_218' title='bbox 641 1149 762 1179; x_wconf 78' lang='lat' dir='ltr'>auxilio</span> <span class='ocrx_word' id='word_1_219' title='bbox 780 1149 929 1180; x_wconf 85' lang='lat' dir='ltr'>cohortes</span> <span class='ocrx_word' id='word_1_220' title='bbox 950 1158 1021 1179; x_wconf 86' lang='lat' dir='ltr'>acre</span> <span class='ocrx_word' id='word_1_221' title='bbox 1045 1149 1195 1188; x_wconf 68' lang='lat' dir='ltr'>proelium</span> <span class='ocrx_word' id='word_1_222' title='bbox 1226 1149 1331 1180; x_wconf 81' lang='lat' dir='ltr'>fecere</span> <span class='ocrx_word' id='word_1_223' title='bbox 1344 1173 1353 1188; x_wconf 94' lang='lat'>‚</span> <span class='ocrx_word' id='word_1_224' title='bbox 1376 1149 1468 1188; x_wconf 80' lang='lat' dir='ltr'>cujlis</span> 
     </span>
     <span class='ocr_line' id='line_1_23' title="bbox 134 1191 1468 1236; baseline 0.004 -16"><span class='ocrx_word' id='word_1_225' title='bbox 134 1191 226 1222; x_wconf 87' lang='lat' dir='ltr'>initio</span> <span class='ocrx_word' id='word_1_226' title='bbox 243 1193 394 1232; x_wconf 73' lang='lat' dir='ltr'>ambiguo</span> <span class='ocrx_word' id='word_1_227' title='bbox 410 1194 483 1225; x_wconf 81' lang='lat' dir='ltr'>finis</span> <span class='ocrx_word' id='word_1_228' title='bbox 500 1195 603 1225; x_wconf 80' lang='lat' dir='ltr'>laetior</span> <span class='ocrx_word' id='word_1_229' title='bbox 618 1195 690 1225; x_wconf 84' lang='lat' dir='ltr'>suit.</span> <span class='ocrx_word' id='word_1_230' title='bbox 711 1204 816 1235; x_wconf 89' lang='lat' dir='ltr'>neque</span> <span class='ocrx_word' id='word_1_231' title='bbox 833 1195 954 1235; x_wconf 81' lang='lat' dir='ltr'>dispari</span> <span class='ocrx_word' id='word_1_232' title='bbox 971 1198 1091 1226; x_wconf 86' lang='lat' dir='ltr'>eventu</span> <span class='ocrx_word' id='word_1_233' title='bbox 1106 1198 1284 1236; x_wconf 72' lang='lat' dir='ltr'>pugnatum</span> <span class='ocrx_word' id='word_1_234' title='bbox 1299 1205 1316 1226; x_wconf 92' lang='lat' dir='ltr'>a</span> <span class='ocrx_word' id='word_1_235' title='bbox 1332 1195 1468 1235; x_wconf 83' lang='lat' dir='ltr'>legione,</span> 
     </span>
     <span class='ocr_line' id='line_1_24' title="bbox 134 1239 1467 1282; baseline 0.002 -13"><span class='ocrx_word' id='word_1_236' title='bbox 134 1239 187 1269; x_wconf 79' lang='lat' dir='ltr'>cui</span> <span class='ocrx_word' id='word_1_237' title='bbox 210 1240 332 1271; x_wconf 82' lang='lat' dir='ltr'>Caesius</span> <span class='ocrx_word' id='word_1_238' title='bbox 346 1241 457 1272; x_wconf 82' lang='lat' dir='ltr'>Nasica</span> <span class='ocrx_word' id='word_1_239' title='bbox 476 1244 622 1281; x_wconf 77' lang='lat' dir='ltr'>praeerat.</span> <span class='ocrx_word' id='word_1_240' title='bbox 642 1250 716 1272; x_wconf 81' lang='lat' dir='ltr'>nam</span> <span class='ocrx_word' id='word_1_241' title='bbox 735 1242 848 1273; x_wconf 86' lang='lat' dir='ltr'>Didius</span> <span class='ocrx_word' id='word_1_242' title='bbox 869 1244 1035 1273; x_wconf 82' lang='lat' dir='ltr'>senectute</span> <span class='ocrx_word' id='word_1_243' title='bbox 1057 1243 1183 1282; x_wconf 72' lang='lat' dir='ltr'>gravis,</span> <span class='ocrx_word' id='word_1_244' title='bbox 1202 1245 1234 1274; x_wconf 86' lang='lat' dir='ltr'>et</span> <span class='ocrx_word' id='word_1_245' title='bbox 1251 1243 1351 1274; x_wconf 87' lang='lat' dir='ltr'>multa</span> <span class='ocrx_word' id='word_1_246' title='bbox 1376 1242 1467 1282; x_wconf 82' lang='lat' dir='ltr'>copia</span> 
     </span>
     <span class='ocr_line' id='line_1_25' title="bbox 134 1286 1466 1330; baseline 0.003 -15"><span class='ocrx_word' id='word_1_247' title='bbox 134 1286 308 1327; x_wconf 79' lang='lat' dir='ltr'>honorum,</span> <span class='ocrx_word' id='word_1_248' title='bbox 323 1296 380 1328; x_wconf 88' lang='lat' dir='ltr'>per</span> <span class='ocrx_word' id='word_1_249' title='bbox 394 1288 560 1319; x_wconf 86' lang='lat' dir='ltr'>ministros</span> <span class='ocrx_word' id='word_1_250' title='bbox 577 1298 669 1328; x_wconf 81' lang='lat' dir='ltr'>agere</span> <span class='ocrx_word' id='word_1_251' title='bbox 682 1291 714 1320; x_wconf 88' lang='lat' dir='ltr'>et</span> <span class='ocrx_word' id='word_1_252' title='bbox 728 1298 836 1319; x_wconf 87' lang='lat' dir='ltr'>arcere</span> <span class='ocrx_word' id='word_1_253' title='bbox 851 1289 977 1320; x_wconf 86' lang='lat' dir='ltr'>hostem</span> <span class='ocrx_word' id='word_1_254' title='bbox 991 1290 1068 1320; x_wconf 88' lang='lat' dir='ltr'>satis</span> <span class='ocrx_word' id='word_1_255' title='bbox 1085 1289 1232 1320; x_wconf 80' lang='lat' dir='ltr'>babebat.</span> <span class='ocrx_word' id='word_1_256' title='bbox 1249 1294 1335 1328; x_wconf 88' lang='lat' dir='ltr'>Haec,</span> <span class='ocrx_word' id='word_1_257' title='bbox 1351 1298 1466 1330; x_wconf 86' lang='lat' dir='ltr'>quam-</span> 
     </span>
     <span class='ocr_line' id='line_1_26' title="bbox 133 1334 1463 1376; baseline 0.006 -17"><span class='ocrx_word' id='word_1_258' title='bbox 133 1340 231 1370; x_wconf 67' lang='lat' dir='ltr'>quam</span> <span class='ocrx_word' id='word_1_259' title='bbox 248 1342 266 1364; x_wconf 92' lang='lat' dir='ltr'>a</span> <span class='ocrx_word' id='word_1_260' title='bbox 283 1334 410 1366; x_wconf 89' lang='lat' dir='ltr'>duobus</span> <span class='ocrx_word' id='word_1_261' title='bbox 421 1360 429 1375; x_wconf 95' lang='lat'>,</span> <span class='ocrx_word' id='word_1_262' title='bbox 447 1335 576 1367; x_wconf 82' lang='lat' dir='ltr'>Ostorio</span> <span class='ocrx_word' id='word_1_263' title='bbox 594 1335 766 1376; x_wconf 88' lang='lat' dir='ltr'>Didioque,</span> <span class='ocrx_word' id='word_1_264' title='bbox 786 1336 1044 1376; x_wconf 84' lang='lat' dir='ltr'>propraetoribus</span> <span class='ocrx_word' id='word_1_265' title='bbox 1060 1337 1166 1376; x_wconf 79' lang='lat' dir='ltr'>plures</span> <span class='ocrx_word' id='word_1_266' title='bbox 1180 1345 1235 1376; x_wconf 87' lang='lat' dir='ltr'>per</span> <span class='ocrx_word' id='word_1_267' title='bbox 1248 1345 1349 1367; x_wconf 90' lang='lat' dir='ltr'>annos</span> <span class='ocrx_word' id='word_1_268' title='bbox 1363 1337 1463 1376; x_wconf 86' lang='lat' dir='ltr'>gesta,</span> 
     </span>
     <span class='ocr_line' id='line_1_27' title="bbox 133 1379 1466 1423; baseline 0.004 -14"><span class='ocrx_word' id='word_1_269' title='bbox 133 1379 307 1419; x_wconf 75' lang='lat' dir='ltr'>conjunxi,</span> <span class='ocrx_word' id='word_1_270' title='bbox 326 1391 366 1412; x_wconf 90' lang='lat' dir='ltr'>ne</span> <span class='ocrx_word' id='word_1_271' title='bbox 382 1383 487 1413; x_wconf 79' lang='lat' dir='ltr'>divisa</span> <span class='ocrx_word' id='word_1_272' title='bbox 508 1382 593 1413; x_wconf 86' lang='lat' dir='ltr'>haud</span> <span class='ocrx_word' id='word_1_273' title='bbox 612 1383 744 1423; x_wconf 84' lang='lat' dir='ltr'>perinde</span> <span class='ocrx_word' id='word_1_274' title='bbox 769 1383 810 1414; x_wconf 91' lang='lat' dir='ltr'>ad</span> <span class='ocrx_word' id='word_1_275' title='bbox 829 1384 1019 1414; x_wconf 86' lang='lat' dir='ltr'>memoriam</span> <span class='ocrx_word' id='word_1_276' title='bbox 1039 1384 1088 1414; x_wconf 88' lang='lat' dir='ltr'>sui</span> <span class='ocrx_word' id='word_1_277' title='bbox 1112 1384 1265 1415; x_wconf 88' lang='lat' dir='ltr'>valerent.</span> <span class='ocrx_word' id='word_1_278' title='bbox 1287 1383 1326 1414; x_wconf 89' lang='lat' dir='ltr'>ad</span> <span class='ocrx_word' id='word_1_279' title='bbox 1343 1385 1466 1423; x_wconf 89' lang='lat' dir='ltr'>tempo-</span> 
     </span>
     <span class='ocr_line' id='line_1_28' title="bbox 136 1427 498 1460; baseline 0.003 -3"><span class='ocrx_word' id='word_1_280' title='bbox 136 1436 207 1457; x_wconf 83' lang='lat' dir='ltr'>rum</span> <span class='ocrx_word' id='word_1_281' title='bbox 226 1427 373 1459; x_wconf 90' lang='lat' dir='ltr'>ordinem</span> <span class='ocrx_word' id='word_1_282' title='bbox 392 1429 498 1460; x_wconf 88' lang='lat' dir='ltr'>redeo.</span> 
     </span>
    </p>

    <p class='ocr_par' dir='ltr' id='par_1_4' title="bbox 133 1475 1468 2079">
     <span class='ocr_line' id='line_1_29' title="bbox 177 1475 1466 1517; baseline 0.002 -12"><span class='ocrx_word' id='word_1_283' title='bbox 177 1478 251 1505; x_wconf 77' lang='lat' dir='ltr'>XLI.</span> <span class='ocrx_word' id='word_1_284' title='bbox 278 1476 348 1506; x_wconf 85' lang='lat' dir='ltr'>Tib.</span> <span class='ocrx_word' id='word_1_285' title='bbox 365 1476 499 1507; x_wconf 88' lang='lat' dir='ltr'>Claudio</span> <span class='ocrx_word' id='word_1_286' title='bbox 516 1477 668 1517; x_wconf 86' lang='lat' dir='ltr'>quintum</span> <span class='ocrx_word' id='word_1_287' title='bbox 680 1501 688 1515; x_wconf 95' lang='lat'>,</span> <span class='ocrx_word' id='word_1_288' title='bbox 703 1480 768 1508; x_wconf 88' lang='lat' dir='ltr'>Ser.</span> <span class='ocrx_word' id='word_1_289' title='bbox 786 1477 933 1509; x_wconf 90' lang='lat' dir='ltr'>Cornelio</span> <span class='ocrx_word' id='word_1_290' title='bbox 950 1477 1051 1508; x_wconf 79' lang='lat' dir='ltr'>orfito</span> <span class='ocrx_word' id='word_1_291' title='bbox 1067 1481 1157 1508; x_wconf 92' lang='lat' dir='ltr'>Coss.</span> <span class='ocrx_word' id='word_1_292' title='bbox 1172 1476 1179 1494; x_wconf 90' lang='lat'><strong>¹</strong></span> <span class='ocrx_word' id='word_1_293' title='bbox 1201 1475 1306 1507; x_wconf 89' lang='lat' dir='ltr'>virilis</span> <span class='ocrx_word' id='word_1_294' title='bbox 1322 1478 1397 1515; x_wconf 83' lang='lat' dir='ltr'>toga</span> <span class='ocrx_word' id='word_1_295' title='bbox 1409 1480 1466 1508; x_wconf 84' lang='lat' dir='ltr'>Ne-</span> 
     </span>
     <span class='ocr_line' id='line_1_30' title="bbox 134 1521 1468 1564; baseline 0.003 -13"><span class='ocrx_word' id='word_1_296' title='bbox 134 1521 205 1552; x_wconf 85' lang='lat' dir='ltr'>roni</span> <span class='ocrx_word' id='word_1_297' title='bbox 222 1524 385 1554; x_wconf 82' lang='lat' dir='ltr'>maturata</span> <span class='ocrx_word' id='word_1_298' title='bbox 399 1522 410 1541; x_wconf 80' lang='lat'><em>²</em></span> <span class='ocrx_word' id='word_1_299' title='bbox 426 1548 434 1563; x_wconf 89' lang='lat'>,</span> <span class='ocrx_word' id='word_1_300' title='bbox 453 1534 517 1564; x_wconf 87' lang='lat' dir='ltr'>quo</span> <span class='ocrx_word' id='word_1_301' title='bbox 534 1524 737 1564; x_wconf 80' lang='lat' dir='ltr'>capessendae.</span> <span class='ocrx_word' id='word_1_302' title='bbox 755 1525 943 1564; x_wconf 73' lang='lat' dir='ltr'>reipublicae</span> <span class='ocrx_word' id='word_1_303' title='bbox 964 1524 1080 1555; x_wconf 87' lang='lat' dir='ltr'>habilis</span> <span class='ocrx_word' id='word_1_304' title='bbox 1107 1524 1280 1555; x_wconf 65' lang='lat' dir='ltr'>videretur.</span> <span class='ocrx_word' id='word_1_305' title='bbox 1305 1526 1336 1555; x_wconf 87' lang='lat' dir='ltr'>et</span> <span class='ocrx_word' id='word_1_306' title='bbox 1361 1527 1468 1555; x_wconf 84' lang='lat' dir='ltr'>Caesar</span> 
     </span>
     <span class='ocr_line' id='line_1_31' title="bbox 133 1568 1466 1610; baseline 0.002 -11"><span class='ocrx_word' id='word_1_307' title='bbox 133 1568 377 1601; x_wconf 78' lang='lat' dir='ltr'>adulationibus</span> <span class='ocrx_word' id='word_1_308' title='bbox 391 1574 521 1602; x_wconf 86' lang='lat' dir='ltr'>senatus</span> <span class='ocrx_word' id='word_1_309' title='bbox 539 1571 642 1602; x_wconf 86' lang='lat' dir='ltr'>libens</span> <span class='ocrx_word' id='word_1_310' title='bbox 657 1571 753 1602; x_wconf 86' lang='lat' dir='ltr'>cessit</span> <span class='ocrx_word' id='word_1_311' title='bbox 767 1596 775 1610; x_wconf 93' lang='lat'>,</span> <span class='ocrx_word' id='word_1_312' title='bbox 797 1585 812 1598; x_wconf 90' lang='lat'>«</span> <span class='ocrx_word' id='word_1_313' title='bbox 830 1574 864 1602; x_wconf 93' lang='lat' dir='ltr'>ut</span> <span class='ocrx_word' id='word_1_314' title='bbox 879 1571 1033 1602; x_wconf 89' lang='lat' dir='ltr'>vicesimo</span> <span class='ocrx_word' id='word_1_315' title='bbox 1046 1571 1152 1602; x_wconf 85' lang='lat' dir='ltr'>aetatis</span> <span class='ocrx_word' id='word_1_316' title='bbox 1165 1580 1249 1602; x_wconf 91' lang='lat' dir='ltr'>anno</span> <span class='ocrx_word' id='word_1_317' title='bbox 1263 1570 1466 1602; x_wconf 87' lang='lat' dir='ltr'>consulatum</span> 
     </span>
     <span class='ocr_line' id='line_1_32' title="bbox 138 1616 1466 1658; baseline 0.002 -12"><span class='ocrx_word' id='word_1_318' title='bbox 138 1620 252 1647; x_wconf 84' lang='lat' dir='ltr'>«Nero</span> <span class='ocrx_word' id='word_1_319' title='bbox 278 1616 372 1648; x_wconf 89' lang='lat' dir='ltr'>iniret</span> <span class='ocrx_word' id='word_1_320' title='bbox 387 1617 417 1656; x_wconf 76' lang='lat'>³,</span> <span class='ocrx_word' id='word_1_321' title='bbox 442 1622 539 1658; x_wconf 81' lang='lat' dir='ltr'>atque</span> <span class='ocrx_word' id='word_1_322' title='bbox 558 1618 688 1649; x_wconf 85' lang='lat' dir='ltr'>interim</span> <span class='ocrx_word' id='word_1_323' title='bbox 717 1618 904 1657; x_wconf 75' lang='lat' dir='ltr'>designatus</span> <span class='ocrx_word' id='word_1_324' title='bbox 928 1618 1154 1658; x_wconf 88' lang='lat' dir='ltr'>proconsulare</span> <span class='ocrx_word' id='word_1_325' title='bbox 1178 1618 1351 1656; x_wconf 82' lang='lat' dir='ltr'>imperium</span> <span class='ocrx_word' id='word_1_326' title='bbox 1376 1620 1466 1648; x_wconf 85' lang='lat' dir='ltr'>extra</span> 
     </span>
     <span class='ocr_line' id='line_1_33' title="bbox 137 1663 1466 1705; baseline 0.001 -12"><span class='ocrx_word' id='word_1_327' title='bbox 137 1674 153 1689; x_wconf 75' lang='grc' dir='ltr'>«ι</span> <span class='ocrx_word' id='word_1_328' title='bbox 169 1663 287 1694; x_wconf 89' lang='lat' dir='ltr'>Urbem</span> <span class='ocrx_word' id='word_1_329' title='bbox 306 1664 437 1696; x_wconf 79' lang='lat' dir='ltr'>liaberet</span> <span class='ocrx_word' id='word_1_330' title='bbox 454 1674 491 1695; x_wconf 91' lang='lat' dir='ltr'>ac</span> <span class='ocrx_word' id='word_1_331' title='bbox 511 1668 670 1705; x_wconf 75' lang='lat' dir='ltr'>princeps</span> <span class='ocrx_word' id='word_1_332' title='bbox 681 1666 881 1705; x_wconf 72' lang='lat' dir='ltr'>juventutis</span> <span class='ocrx_word' id='word_1_333' title='bbox 897 1665 1123 1705; x_wconf 85' lang='lat' dir='ltr'>appellaretur.</span> <span class='ocrx_word' id='word_1_334' title='bbox 1142 1677 1156 1691; x_wconf 71' lang='grc' dir='ltr'><strong>υ</strong></span> <span class='ocrx_word' id='word_1_335' title='bbox 1174 1664 1321 1695; x_wconf 85' lang='lat' dir='ltr'>additum</span> <span class='ocrx_word' id='word_1_336' title='bbox 1335 1664 1466 1695; x_wconf 89' lang='lat' dir='ltr'>nomine</span> 
     </span>
     <span class='ocr_line' id='line_1_34' title="bbox 134 1708 1467 1752; baseline 0.001 -12"><span class='ocrx_word' id='word_1_337' title='bbox 134 1708 205 1748; x_wconf 80' lang='lat' dir='ltr'>ejus</span> <span class='ocrx_word' id='word_1_338' title='bbox 222 1710 412 1742; x_wconf 77' lang='lat' dir='ltr'>donativum</span> <span class='ocrx_word' id='word_1_339' title='bbox 431 1712 541 1751; x_wconf 88' lang='lat' dir='ltr'>militi,</span> <span class='ocrx_word' id='word_1_340' title='bbox 560 1712 758 1751; x_wconf 79' lang='lat' dir='ltr'>congiarium</span> <span class='ocrx_word' id='word_1_341' title='bbox 771 1711 867 1752; x_wconf 89' lang='lat' dir='ltr'>plebi.</span> <span class='ocrx_word' id='word_1_342' title='bbox 885 1714 917 1742; x_wconf 91' lang='lat' dir='ltr'>et</span> <span class='ocrx_word' id='word_1_343' title='bbox 934 1711 1059 1742; x_wconf 89' lang='lat' dir='ltr'>ludicro</span> <span class='ocrx_word' id='word_1_344' title='bbox 1075 1711 1273 1742; x_wconf 84' lang='lat' dir='ltr'>Circensium</span> <span class='ocrx_word' id='word_1_345' title='bbox 1287 1735 1295 1750; x_wconf 90' lang='lat'>,</span> <span class='ocrx_word' id='word_1_346' title='bbox 1314 1711 1402 1750; x_wconf 89' lang='lat' dir='ltr'>quod</span> <span class='ocrx_word' id='word_1_347' title='bbox 1417 1719 1467 1742; x_wconf 88' lang='lat' dir='ltr'>ac-</span> 
     </span>
     <span class='ocr_line' id='line_1_35' title="bbox 136 1757 1466 1798; baseline 0 -11"><span class='ocrx_word' id='word_1_348' title='bbox 136 1757 302 1798; x_wconf 86' lang='lat' dir='ltr'>quirendis</span> <span class='ocrx_word' id='word_1_349' title='bbox 318 1758 403 1798; x_wconf 71' lang='lat' dir='ltr'>vulgi</span> <span class='ocrx_word' id='word_1_350' title='bbox 427 1759 544 1789; x_wconf 85' lang='lat' dir='ltr'>studiis</span> <span class='ocrx_word' id='word_1_351' title='bbox 570 1758 726 1789; x_wconf 81' lang='lat' dir='ltr'>edebatur</span> <span class='ocrx_word' id='word_1_352' title='bbox 740 1783 748 1798; x_wconf 94' lang='lat'>,</span> <span class='ocrx_word' id='word_1_353' title='bbox 772 1758 974 1790; x_wconf 85' lang='lat' dir='ltr'>Britannicus</span> <span class='ocrx_word' id='word_1_354' title='bbox 990 1758 1021 1789; x_wconf 91' lang='lat' dir='ltr'>in</span> <span class='ocrx_word' id='word_1_355' title='bbox 1037 1760 1192 1798; x_wconf 81' lang='lat' dir='ltr'>praetexta</span> <span class='ocrx_word' id='word_1_356' title='bbox 1207 1758 1216 1775; x_wconf 77' lang='lat'><strong><em>⁴</em></strong></span> <span class='ocrx_word' id='word_1_357' title='bbox 1233 1782 1242 1797; x_wconf 88' lang='lat'>‚</span> <span class='ocrx_word' id='word_1_358' title='bbox 1256 1762 1338 1789; x_wconf 85' lang='lat' dir='ltr'>Nero</span> <span class='ocrx_word' id='word_1_359' title='bbox 1355 1757 1466 1788; x_wconf 87' lang='lat' dir='ltr'>trium-</span> 
     </span>
     <span class='ocr_line' id='line_1_36' title="bbox 135 1803 1466 1845; baseline 0.002 -12"><span class='ocrx_word' id='word_1_360' title='bbox 135 1803 281 1844; x_wconf 85' lang='lat' dir='ltr'>phalium</span> <span class='ocrx_word' id='word_1_361' title='bbox 300 1809 391 1836; x_wconf 85' lang='lat' dir='ltr'>veste</span> <span class='ocrx_word' id='word_1_362' title='bbox 405 1806 582 1837; x_wconf 78' lang='lat' dir='ltr'>transvecti</span> <span class='ocrx_word' id='word_1_363' title='bbox 599 1809 675 1836; x_wconf 86' lang='lat' dir='ltr'>sunt</span> <span class='ocrx_word' id='word_1_364' title='bbox 694 1815 701 1835; x_wconf 71' lang='grc' dir='ltr'><strong><em>ς</em></strong></span> <span class='ocrx_word' id='word_1_365' title='bbox 722 1809 881 1845; x_wconf 80' lang='lat' dir='ltr'>spectaret</span> <span class='ocrx_word' id='word_1_366' title='bbox 899 1805 1038 1845; x_wconf 92' lang='lat' dir='ltr'>populus</span> <span class='ocrx_word' id='word_1_367' title='bbox 1055 1806 1142 1836; x_wconf 88' lang='lat' dir='ltr'>hunc</span> <span class='ocrx_word' id='word_1_368' title='bbox 1158 1805 1272 1835; x_wconf 85' lang='lat' dir='ltr'>decore</span> <span class='ocrx_word' id='word_1_369' title='bbox 1294 1804 1466 1844; x_wconf 86' lang='lat' dir='ltr'>imperato-</span> 
     </span>
     <span class='ocr_line' id='line_1_37' title="bbox 135 1850 1463 1892; baseline 0.002 -11"><span class='ocrx_word' id='word_1_370' title='bbox 135 1850 202 1890; x_wconf 87' lang='lat' dir='ltr'>rio,</span> <span class='ocrx_word' id='word_1_371' title='bbox 226 1851 317 1882; x_wconf 87' lang='lat' dir='ltr'>illum</span> <span class='ocrx_word' id='word_1_372' title='bbox 343 1853 456 1892; x_wconf 85' lang='lat' dir='ltr'>puerili</span> <span class='ocrx_word' id='word_1_373' title='bbox 482 1853 611 1891; x_wconf 79' lang='lat' dir='ltr'>habitu,</span> <span class='ocrx_word' id='word_1_374' title='bbox 638 1862 675 1882; x_wconf 89' lang='lat' dir='ltr'>ac</span> <span class='ocrx_word' id='word_1_375' title='bbox 701 1852 832 1892; x_wconf 84' lang='lat' dir='ltr'>perinde</span> <span class='ocrx_word' id='word_1_376' title='bbox 861 1852 1023 1883; x_wconf 84' lang='lat' dir='ltr'>fortunam</span> <span class='ocrx_word' id='word_1_377' title='bbox 1051 1852 1220 1892; x_wconf 88' lang='lat' dir='ltr'>utriusque</span> <span class='ocrx_word' id='word_1_378' title='bbox 1246 1852 1463 1892; x_wconf 67' lang='lat' dir='ltr'>przrsumerct.</span> 
     </span>
     <span class='ocr_line' id='line_1_38' title="bbox 135 1897 1463 1939; baseline 0 -11"><span class='ocrx_word' id='word_1_379' title='bbox 135 1898 233 1929; x_wconf 86' lang='lat' dir='ltr'>simul</span> <span class='ocrx_word' id='word_1_380' title='bbox 249 1923 256 1937; x_wconf 88' lang='lat'>,</span> <span class='ocrx_word' id='word_1_381' title='bbox 275 1899 328 1938; x_wconf 88' lang='lat' dir='ltr'>qui</span> <span class='ocrx_word' id='word_1_382' title='bbox 350 1900 574 1931; x_wconf 84' lang='lat' dir='ltr'>centurionum</span> <span class='ocrx_word' id='word_1_383' title='bbox 591 1900 862 1939; x_wconf 87' lang='lat' dir='ltr'>tribunorumque</span> <span class='ocrx_word' id='word_1_384' title='bbox 880 1903 1000 1930; x_wconf 80' lang='lat' dir='ltr'>sortem</span> <span class='ocrx_word' id='word_1_385' title='bbox 1024 1899 1198 1930; x_wconf 85' lang='lat' dir='ltr'>Britannici</span> <span class='ocrx_word' id='word_1_386' title='bbox 1216 1897 1463 1936; x_wconf 87' lang='lat' dir='ltr'>miserabantur,</span> 
     </span>
     <span class='ocr_line' id='line_1_39' title="bbox 137 1944 1466 1987; baseline -0.001 -12"><span class='ocrx_word' id='word_1_387' title='bbox 137 1946 251 1976; x_wconf 83' lang='lat' dir='ltr'>remoti</span> <span class='ocrx_word' id='word_1_388' title='bbox 266 1946 350 1976; x_wconf 86' lang='lat' dir='ltr'>fictis</span> <span class='ocrx_word' id='word_1_389' title='bbox 369 1948 473 1978; x_wconf 84' lang='lat' dir='ltr'>causis</span> <span class='ocrx_word' id='word_1_390' title='bbox 486 1971 494 1986; x_wconf 96' lang='lat'>,</span> <span class='ocrx_word' id='word_1_391' title='bbox 511 1950 540 1978; x_wconf 85' lang='lat' dir='ltr'>et</span> <span class='ocrx_word' id='word_1_392' title='bbox 556 1947 610 1977; x_wconf 89' lang='lat' dir='ltr'>alii</span> <span class='ocrx_word' id='word_1_393' title='bbox 625 1955 680 1987; x_wconf 91' lang='lat' dir='ltr'>per</span> <span class='ocrx_word' id='word_1_394' title='bbox 703 1945 842 1986; x_wconf 83' lang='lat' dir='ltr'>speciem</span> <span class='ocrx_word' id='word_1_395' title='bbox 860 1945 1003 1977; x_wconf 77' lang='lat' dir='ltr'>lionoris.</span> <span class='ocrx_word' id='word_1_396' title='bbox 1022 1946 1119 1976; x_wconf 88' lang='lat' dir='ltr'>etiam</span> <span class='ocrx_word' id='word_1_397' title='bbox 1141 1945 1331 1976; x_wconf 88' lang='lat' dir='ltr'>libertorum</span> <span class='ocrx_word' id='word_1_398' title='bbox 1351 1944 1376 1975; x_wconf 93' lang='lat' dir='ltr'>si</span> <span class='ocrx_word' id='word_1_399' title='bbox 1393 1944 1466 1983; x_wconf 88' lang='lat' dir='ltr'>quis</span> 
     </span>
     <span class='ocr_line' id='line_1_40' title="bbox 135 1990 1465 2034; baseline 0 -13"><span class='ocrx_word' id='word_1_400' title='bbox 135 1990 323 2033; x_wconf 86' lang='lat' dir='ltr'>incorrupta</span> <span class='ocrx_word' id='word_1_401' title='bbox 341 1992 401 2024; x_wconf 86' lang='lat' dir='ltr'>fide</span> <span class='ocrx_word' id='word_1_402' title='bbox 413 2018 421 2033; x_wconf 95' lang='lat'>,</span> <span class='ocrx_word' id='word_1_403' title='bbox 445 1994 634 2034; x_wconf 81' lang='lat' dir='ltr'>depellitur,</span> <span class='ocrx_word' id='word_1_404' title='bbox 653 1992 708 2024; x_wconf 92' lang='lat' dir='ltr'>tali</span> <span class='ocrx_word' id='word_1_405' title='bbox 726 1992 905 2024; x_wconf 89' lang='lat' dir='ltr'>occasione.</span> <span class='ocrx_word' id='word_1_406' title='bbox 925 1992 1012 2023; x_wconf 91' lang='lat' dir='ltr'>obvii</span> <span class='ocrx_word' id='word_1_407' title='bbox 1031 1992 1114 2024; x_wconf 85' lang='lat' dir='ltr'>inter</span> <span class='ocrx_word' id='word_1_408' title='bbox 1138 2002 1172 2023; x_wconf 90' lang='lat' dir='ltr'>se</span> <span class='ocrx_word' id='word_1_409' title='bbox 1188 1996 1268 2023; x_wconf 76' lang='lat' dir='ltr'>Nero</span> <span class='ocrx_word' id='word_1_410' title='bbox 1286 1991 1465 2023; x_wconf 73' lang='lat' dir='ltr'>Britanni·</span> 
     </span>
     <span class='ocr_line' id='line_1_41' title="bbox 137 2037 1466 2079; baseline -0.001 -9"><span class='ocrx_word' id='word_1_411' title='bbox 137 2048 217 2071; x_wconf 80' lang='lat' dir='ltr'>cum</span> <span class='ocrx_word' id='word_1_412' title='bbox 241 2040 373 2072; x_wconf 87' lang='lat' dir='ltr'>nomine</span> <span class='ocrx_word' id='word_1_413' title='bbox 386 2064 395 2079; x_wconf 94' lang='lat'>,</span> <span class='ocrx_word' id='word_1_414' title='bbox 434 2041 487 2072; x_wconf 90' lang='lat' dir='ltr'>ille</span> <span class='ocrx_word' id='word_1_415' title='bbox 518 2042 712 2072; x_wconf 72' lang='lat' dir='ltr'>Domitium</span> <span class='ocrx_word' id='word_1_416' title='bbox 739 2039 934 2071; x_wconf 85' lang='lat' dir='ltr'>salutavere.</span> <span class='ocrx_word' id='word_1_417' title='bbox 970 2039 1057 2079; x_wconf 90' lang='lat' dir='ltr'>quod</span> <span class='ocrx_word' id='word_1_418' title='bbox 1084 2042 1121 2071; x_wconf 84' lang='lat' dir='ltr'>ut</span> <span class='ocrx_word' id='word_1_419' title='bbox 1145 2038 1317 2070; x_wconf 81' lang='lat' dir='ltr'>discordiae</span> <span class='ocrx_word' id='word_1_420' title='bbox 1337 2037 1466 2069; x_wconf 88' lang='lat' dir='ltr'>initium</span> 
     </span>
    </p>
   </div>
   <div class='ocr_carea' id='block_1_3' title="bbox 120 2149 1466 2428">
    <p class='ocr_par' dir='ltr' id='par_1_5' title="bbox 120 2149 1466 2428">
     <span class='ocr_line' id='line_1_42' title="bbox 169 2149 493 2176; baseline 0.012 -4"><span class='ocrx_word' id='word_1_421' title='bbox 169 2149 290 2174; x_wconf 76' lang='lat' dir='ltr'>XXXIX.</span> <span class='ocrx_word' id='word_1_422' title='bbox 304 2156 324 2174; x_wconf 75' lang='grc' dir='ltr'>ι.</span> <span class='ocrx_word' id='word_1_423' title='bbox 341 2153 361 2175; x_wconf 79' lang='lat' dir='ltr'>A</span> <span class='ocrx_word' id='word_1_424' title='bbox 373 2152 493 2176; x_wconf 79' lang='lat' dir='ltr'>Tiberio.</span> 
     </span>
     <span class='ocr_line' id='line_1_43' title="bbox 168 2185 1464 2216; baseline -0.001 -6"><span class='ocrx_word' id='word_1_425' title='bbox 168 2185 221 2210; x_wconf 70' lang='lat' dir='ltr'>XL.</span> <span class='ocrx_word' id='word_1_426' title='bbox 239 2193 257 2209; x_wconf 84' lang='grc' dir='ltr'>ι-</span> <span class='ocrx_word' id='word_1_427' title='bbox 272 2187 313 2210; x_wconf 88' lang='lat' dir='ltr'>Sc.</span> <span class='ocrx_word' id='word_1_428' title='bbox 327 2186 417 2210; x_wconf 80' lang='lat' dir='ltr'>hostes</span> <span class='ocrx_word' id='word_1_429' title='bbox 431 2188 520 2211; x_wconf 81' lang='lat' dir='ltr'>esset:</span> <span class='ocrx_word' id='word_1_430' title='bbox 535 2188 564 2211; x_wconf 86' lang='lat' dir='ltr'>ut</span> <span class='ocrx_word' id='word_1_431' title='bbox 575 2187 735 2216; x_wconf 83' lang='lat' dir='ltr'>compositio</span> <span class='ocrx_word' id='word_1_432' title='bbox 746 2185 920 2216; x_wconf 83' lang='lat' dir='ltr'>(pacificatio)</span> <span class='ocrx_word' id='word_1_433' title='bbox 931 2186 1049 2210; x_wconf 82' lang='lat' dir='ltr'>hostium</span> <span class='ocrx_word' id='word_1_434' title='bbox 1064 2185 1157 2216; x_wconf 68' lang='lat' dir='ltr'>maiori</span> <span class='ocrx_word' id='word_1_435' title='bbox 1170 2185 1242 2209; x_wconf 86' lang='lat' dir='ltr'>laudi</span> <span class='ocrx_word' id='word_1_436' title='bbox 1255 2186 1394 2209; x_wconf 51' lang='lat' dir='ltr'>essen—2.</span> <span class='ocrx_word' id='word_1_437' title='bbox 1409 2185 1464 2209; x_wconf 86' lang='lat' dir='ltr'>Ob-</span> 
     </span>
     <span class='ocr_line' id='line_1_44' title="bbox 120 2220 1465 2251; baseline 0.001 -8"><span class='ocrx_word' id='word_1_438' title='bbox 120 2224 121 2227; x_wconf 76' lang='grc'>’</span> <span class='ocrx_word' id='word_1_439' title='bbox 137 2220 301 2249; x_wconf 81' lang='lat' dir='ltr'>stinassent,</span> <span class='ocrx_word' id='word_1_440' title='bbox 315 2227 409 2250; x_wconf 83' lang='lat' dir='ltr'>pacem</span> <span class='ocrx_word' id='word_1_441' title='bbox 422 2223 603 2251; x_wconf 82' lang='lat' dir='ltr'>repudiantes.</span> <span class='ocrx_word' id='word_1_442' title='bbox 620 2235 646 2239; x_wconf 87' lang='lat'><em>-</em></span> <span class='ocrx_word' id='word_1_443' title='bbox 656 2228 677 2246; x_wconf 77' lang='lat'>3.</span> <span class='ocrx_word' id='word_1_444' title='bbox 690 2221 775 2245; x_wconf 85' lang='lat' dir='ltr'>Hodie</span> <span class='ocrx_word' id='word_1_445' title='bbox 790 2222 890 2251; x_wconf 80' lang='lat' dir='ltr'>ignota.</span> <span class='ocrx_word' id='word_1_446' title='bbox 909 2221 1060 2251; x_wconf 76' lang='lat' dir='ltr'>corrigitur</span> <span class='ocrx_word' id='word_1_447' title='bbox 1070 2227 1083 2245; x_wconf 78' lang='lat' dir='ltr'>c</span> <span class='ocrx_word' id='word_1_448' title='bbox 1099 2221 1270 2250; x_wconf 73' lang='lat' dir='ltr'>Briyantnm</span> <span class='ocrx_word' id='word_1_449' title='bbox 1286 2220 1418 2249; x_wconf 78' lang='lat' dir='ltr'>civitate,</span> <span class='ocrx_word' id='word_1_450' title='bbox 1431 2225 1465 2244; x_wconf 84' lang='lat' dir='ltr'>ex</span> 
     </span>
     <span class='ocr_line' id='line_1_45' title="bbox 140 2255 1466 2286; baseline 0 -7"><span class='ocrx_word' id='word_1_451' title='bbox 140 2256 213 2280; x_wconf 76' lang='lat' dir='ltr'>llisc.</span> <span class='ocrx_word' id='word_1_452' title='bbox 227 2256 269 2284; x_wconf 83' lang='grc' dir='ltr'><strong>ΙΙΙ,</strong></span> <span class='ocrx_word' id='word_1_453' title='bbox 282 2261 317 2279; x_wconf 64' lang='lat'>425-</span> <span class='ocrx_word' id='word_1_454' title='bbox 331 2269 358 2272; x_wconf 97' lang='lat'><strong>—</strong></span> <span class='ocrx_word' id='word_1_455' title='bbox 370 2262 391 2280; x_wconf 73' lang='grc'>4.</span> <span class='ocrx_word' id='word_1_456' title='bbox 411 2257 524 2281; x_wconf 76' lang='lat' dir='ltr'>inlibris</span> <span class='ocrx_word' id='word_1_457' title='bbox 537 2258 657 2286; x_wconf 82' lang='lat' dir='ltr'>perditis.</span> <span class='ocrx_word' id='word_1_458' title='bbox 669 2271 696 2274; x_wconf 90' lang='lat'>-</span> <span class='ocrx_word' id='word_1_459' title='bbox 715 2263 738 2281; x_wconf 72' lang='lat'>5.</span> <span class='ocrx_word' id='word_1_460' title='bbox 758 2257 784 2278; x_wconf 83' lang='lat' dir='ltr'>V·</span> <span class='ocrx_word' id='word_1_461' title='bbox 800 2262 822 2281; x_wconf 91' lang='lat' dir='ltr'>c.</span> <span class='ocrx_word' id='word_1_462' title='bbox 833 2262 869 2279; x_wconf 75' lang='lat' dir='ltr'>sc.</span> <span class='ocrx_word' id='word_1_463' title='bbox 882 2268 910 2272; x_wconf 92' lang='lat'>—</span> <span class='ocrx_word' id='word_1_464' title='bbox 923 2262 944 2280; x_wconf 81' lang='lat' dir='ltr'>e.</span> <span class='ocrx_word' id='word_1_465' title='bbox 959 2257 1022 2280; x_wconf 87' lang='lat' dir='ltr'>Post</span> <span class='ocrx_word' id='word_1_466' title='bbox 1038 2257 1142 2280; x_wconf 84' lang='lat' dir='ltr'>tantum</span> <span class='ocrx_word' id='word_1_467' title='bbox 1162 2256 1258 2280; x_wconf 87' lang='lat' dir='ltr'>ducem</span> <span class='ocrx_word' id='word_1_468' title='bbox 1270 2262 1284 2279; x_wconf 88' lang='lat' dir='ltr'>a</span> <span class='ocrx_word' id='word_1_469' title='bbox 1298 2255 1399 2280; x_wconf 79' lang='lat' dir='ltr'>femina</span> <span class='ocrx_word' id='word_1_470' title='bbox 1414 2255 1466 2279; x_wconf 88' lang='lat' dir='ltr'>cit·-</span> 
     </span>
     <span class='ocr_line' id='line_1_46' title="bbox 139 2292 977 2321; baseline -0.002 -5"><span class='ocrx_word' id='word_1_471' title='bbox 139 2292 334 2316; x_wconf 82' lang='lat' dir='ltr'>eumventum:</span> <span class='ocrx_word' id='word_1_472' title='bbox 350 2298 410 2315; x_wconf 85' lang='lat' dir='ltr'>nam</span> <span class='ocrx_word' id='word_1_473' title='bbox 426 2298 472 2321; x_wconf 84' lang='lat' dir='ltr'>per</span> <span class='ocrx_word' id='word_1_474' title='bbox 487 2298 515 2315; x_wconf 84' lang='lat' dir='ltr'>se</span> <span class='ocrx_word' id='word_1_475' title='bbox 532 2293 640 2321; x_wconf 71' lang='lat' dir='ltr'>reginas</span> <span class='ocrx_word' id='word_1_476' title='bbox 652 2292 833 2316; x_wconf 84' lang='lat' dir='ltr'>admittebant</span> <span class='ocrx_word' id='word_1_477' title='bbox 853 2292 977 2315; x_wconf 74' lang='lat' dir='ltr'>Britanni.</span> 
     </span>
     <span class='ocr_line' id='line_1_47' title="bbox 170 2323 1463 2356; baseline -0.001 -6"><span class='ocrx_word' id='word_1_478' title='bbox 170 2326 234 2350; x_wconf 72' lang='lat' dir='ltr'>xm.</span> <span class='ocrx_word' id='word_1_479' title='bbox 251 2331 269 2349; x_wconf 79' lang='grc' dir='ltr'>ι.</span> <span class='ocrx_word' id='word_1_480' title='bbox 287 2328 315 2350; x_wconf 73' lang='grc' dir='ltr'>Α.</span> <span class='ocrx_word' id='word_1_481' title='bbox 330 2327 358 2350; x_wconf 90' lang='lat' dir='ltr'>U.</span> <span class='ocrx_word' id='word_1_482' title='bbox 375 2333 426 2356; x_wconf 78' lang='lat'>80²,</span> <span class='ocrx_word' id='word_1_483' title='bbox 439 2334 462 2356; x_wconf 89' lang='lat' dir='ltr'>p.</span> <span class='ocrx_word' id='word_1_484' title='bbox 474 2327 525 2351; x_wconf 69' lang='lat' dir='ltr'>(ihr</span> <span class='ocrx_word' id='word_1_485' title='bbox 547 2333 584 2351; x_wconf 76' lang='lat'>51.</span> <span class='ocrx_word' id='word_1_486' title='bbox 599 2341 622 2344; x_wconf 91' lang='lat'><em>-</em></span> <span class='ocrx_word' id='word_1_487' title='bbox 639 2333 660 2351; x_wconf 83' lang='lat'>2.</span> <span class='ocrx_word' id='word_1_488' title='bbox 673 2328 741 2351; x_wconf 83' lang='lat' dir='ltr'>Nam</span> <span class='ocrx_word' id='word_1_489' title='bbox 754 2328 851 2351; x_wconf 75' lang='lat' dir='ltr'>exacto</span> <span class='ocrx_word' id='word_1_490' title='bbox 869 2332 940 2350; x_wconf 82' lang='lat' dir='ltr'>anno</span> <span class='ocrx_word' id='word_1_491' title='bbox 957 2326 1193 2356; x_wconf 86' lang='lat' dir='ltr'>quattuordecimo</span> <span class='ocrx_word' id='word_1_492' title='bbox 1204 2327 1291 2350; x_wconf 83' lang='lat' dir='ltr'>aetatis</span> <span class='ocrx_word' id='word_1_493' title='bbox 1305 2325 1362 2349; x_wconf 80' lang='lat' dir='ltr'>uari</span> <span class='ocrx_word' id='word_1_494' title='bbox 1376 2323 1463 2354; x_wconf 75' lang='lat' dir='ltr'>solita,</span> 
     </span>
     <span class='ocr_line' id='line_1_48' title="bbox 141 2361 1465 2395; baseline -0.001 -11"><span class='ocrx_word' id='word_1_495' title='bbox 141 2362 252 2385; x_wconf 70' lang='lat' dir='ltr'>incunte</span> <span class='ocrx_word' id='word_1_496' title='bbox 266 2362 345 2385; x_wconf 84' lang='lat' dir='ltr'>datur</span> <span class='ocrx_word' id='word_1_497' title='bbox 357 2363 464 2387; x_wconf 82' lang='lat' dir='ltr'>Neroni.</span> <span class='ocrx_word' id='word_1_498' title='bbox 477 2374 502 2378; x_wconf 93' lang='lat'><strong>—</strong></span> <span class='ocrx_word' id='word_1_499' title='bbox 518 2369 538 2386; x_wconf 74' lang='lat'>5.</span> <span class='ocrx_word' id='word_1_500' title='bbox 554 2364 603 2387; x_wconf 81' lang='lat' dir='ltr'>Lex</span> <span class='ocrx_word' id='word_1_501' title='bbox 622 2364 727 2387; x_wconf 83' lang='lat' dir='ltr'>annalis</span> <span class='ocrx_word' id='word_1_502' title='bbox 743 2362 919 2393; x_wconf 80' lang='lat' dir='ltr'>quadraginta</span> <span class='ocrx_word' id='word_1_503' title='bbox 942 2363 1022 2385; x_wconf 79' lang='lat' dir='ltr'>trium</span> <span class='ocrx_word' id='word_1_504' title='bbox 1042 2368 1173 2386; x_wconf 86' lang='lat' dir='ltr'>annorum</span> <span class='ocrx_word' id='word_1_505' title='bbox 1195 2364 1301 2395; x_wconf 70' lang='lat' dir='ltr'>aetatem</span> <span class='ocrx_word' id='word_1_506' title='bbox 1323 2361 1465 2391; x_wconf 83' lang='lat' dir='ltr'>praecepit.</span> 
     </span>
     <span class='ocr_line' id='line_1_49' title="bbox 143 2395 1461 2428; baseline -0.001 -6"><span class='ocrx_word' id='word_1_507' title='bbox 143 2398 202 2422; x_wconf 77' lang='lat' dir='ltr'>iniit</span> <span class='ocrx_word' id='word_1_508' title='bbox 216 2397 287 2421; x_wconf 88' lang='lat' dir='ltr'>Nero</span> <span class='ocrx_word' id='word_1_509' title='bbox 298 2403 368 2421; x_wconf 78' lang='lat' dir='ltr'>auno</span> <span class='ocrx_word' id='word_1_510' title='bbox 382 2398 487 2422; x_wconf 85' lang='lat' dir='ltr'>decimo</span> <span class='ocrx_word' id='word_1_511' title='bbox 502 2399 626 2427; x_wconf 82' lang='lat' dir='ltr'>septimo,</span> <span class='ocrx_word' id='word_1_512' title='bbox 637 2400 689 2428; x_wconf 86' lang='lat' dir='ltr'>jam</span> <span class='ocrx_word' id='word_1_513' title='bbox 704 2400 872 2428; x_wconf 85' lang='lat' dir='ltr'>Princeps.—</span> <span class='ocrx_word' id='word_1_514' title='bbox 885 2398 991 2427; x_wconf 60' lang='lat' dir='ltr'>4-,Toga</span> <span class='ocrx_word' id='word_1_515' title='bbox 1005 2403 1159 2427; x_wconf 81' lang='lat' dir='ltr'>puerorum.</span> <span class='ocrx_word' id='word_1_516' title='bbox 1177 2395 1410 2427; x_wconf 69' lang='lat' dir='ltr'>Triumphalium</span> <span class='ocrx_word' id='word_1_517' title='bbox 1420 2399 1461 2418; x_wconf 75' lang='lat' dir='ltr'>sc-</span> 
     </span>
    </p>
   </div>
  </div>
 </body>
</html>
