1539 2668
129 186 205 217 '350
507 181 639 211 TACITI
661 179 938 210 flis'romrffluiu
959 180 1034 209 LIB.
1058 179 1114 209 111.

142 267 244 300 quum
267 256 428 289 sustinere
451 253 894 295 vitellianinequinentset
917 252 1102 294 superjacta
1116 254 1181 285 tela
1196 255 1359 288 testudine
1382 256 1467 291 labe-

141 305 265 343 rentur,
289 303 391 344 ipsam
412 302 768 343 postremo-ballistam
793 301 826 332 in
853 300 1029 332 subeuntes
1051 301 1242 342 propulere,
1267 311 1341 342 quae
1365 306 1402 336 ut
1419 305 1465 338 vad

139 360 284 393 praesens
308 351 434 391 disjecit
455 351 629 391 obruitque
656 358 739 390 quos
763 348 942 389 inciderat,
967 349 1012 380 113
1035 349 1151 390 pinnas
1176 357 1213 380 ac
1238 358 1367 382 summa
1390 352 1464 384 valli

138 398 233 430 ruina
250 407 307 430 sua
329 398 441 431 traxit.
466 399 561 430 simul
579 397 696 437 juncta
716 397 818 428 turris
837 397 954 428 ictibus
975 404 1130 428 saxorum
1148 397 1254 428 cessit.
1275 407 1340 438 qua
1362 400 1462 440 septi-

125 445 226 476 vmani
242 445 320 476 dum
343 445 494 477 nituntur
515 444 648 485 cuneis,
672 444 834 476 tertianus
861 443 1028 475 securibus
1052 443 1232 485 gladiisque
1251 449 1376 486 portam
1394 457 1463 488 per·

136 491 240 532 fregit.
260 494 401 532 primum
419 493 574 533 irrupisse
591 496 625 524 C.
645 492 815 524 Volusium
832 491 937 523 tertiae
953 491 1087 531 legionis
1105 492 1243 524 militem
1259 494 1340 526 inter
1353 504 1464 529 omnes

135 543 283 572 auctores
300 542 436 571 constat.
458 541 533 572 isin
556 541 677 571 vallum
698 548 865 579 egressus,
885 537 1068 569 deturbatis
1086 539 1140 578 qui
1165 542 1370 583 restiterant,
1389 553 1463 577 con-

134 588 267 628 spicuus
286 597 384 619 manu
403 596 441 618 ac
456 597 536 619 voce
559 590 664 628 capta
680 589 798 619 castra
816 586 1039 618 conclamavit.
1068 587 1165 618 ceteri
1180 589 1316 629 trepidis
1327 590 1463 630 311111Ὓί-

132 634 271 666 tellianis
285 644 383 675 seque
397 644 414 667 e
423 635 507 666 vallo
524 633 804 677 praecipitanti-bus
816 642 1000 675 perrupere.
1013 635 1191 675 completur
1205 637 1293 668 caede
1306 639 1465 677 quantum

123 681 218 713 ,inter
232 685 337 714 castra
351 692 528 724 murosque
546 683 641 715 vacui
657 683 719 714 fuit
734 681 756 713 ¹.

173 733 264 763 XXX.
290 733 336 762 Ac
362 740 475 763 rursus
502 731 766 763 novalaborum
795 728 918 769 facieS,
946 729 1048 761 ardua
1073 731 1164 762 urbis
1192 733 1330 772 moenia,
1359 742 1464 767 saxeae

130 778 247 818 turres,
266 778 375 810 ferrati
390 782 560 819 portarum
575 779 700 819 obices,
715 777 849 809 vibrans
866 777 930 808 tela
943 778 1047 817 miles,
1063 779 1214 819 frequens
1228 779 1466 822 obstrictusque

130 825 312 858 Vitellianis
333 828 482 867 partibus
507 827 738 859 Cremonensis
762 827 923 868 populus,
949 835 1065 866 magna
1092 835 1166 866 pars
1192 827 1295 859 ltaliae
1321 828 1406 860 stato
1433 830 1466 862 in

129 873 256 904 eosdem
274 875 342 906 dies
359 879 504 906 mercatu
522 877 733 915 congregata3
751 875 840 916 quod
859 874 1089 906 defensoribus
1106 875 1270 906 auxilium
1291 874 1333 906 ob
1356 876 1465 908 inulti-

127 921 275 952 tudinem
289 946 297 961 ,
316 923 582 963 oppugnantibus
598 922 850 954 incitamentum
867 923 909 954 ob
926 923 1068 963 praedam
1094 924 1173 954 erat.
1197 925 1277 962 rapi
1293 925 1387 963 iqnes
1401 927 1462 955 An-

129 968 236 999 tonius
252 970 447 1011 inferrique
462 971 704 1002 amoenissimis
720 972 824 1002 extra
841 971 964 1002 urbem
977 969 1133 1010 aedificiis
1148 970 1259 1010 jubet,
1278 972 1305 1002 si
1321 971 1326 988 ¹
1346 971 1464 1002 damno

114 1022 240 1047 {rerum
257 1026 389 1059 suarum
409 1022 645 1050 Cremonenses
661 1018 702 1049 ad
723 1019 914 1050 mutandam
932 1018 1027 1049 iidem
1046 1018 1263 1049 traherentur.
1283 1019 1465 1059 propinqua

112 1064 234 1095 {muris
254 1067 339 1097 tecta
355 1068 386 1097 et
409 1066 618 1098 altitudinem
645 1066 802 1097 moenium
825 1074 953 1105 egressa
977 1066 1153 1096 fortissimo
1176 1075 1306 1106 quoque
1322 1066 1464 1098 militum

129 1112 291 1153 complet3
309 1114 356 1144 illi
374 1113 522 1145 trabibus
533 1113 543 1131 ²
565 1114 748 1154 tegulisque
765 1115 798 1145 et
814 1113 938 1144 facibus
955 1115 1212 1153 propugnatores
1226 1114 1414 1146 deturbant.

158 1162 274 1191 XXXI.
299 1165 369 1192 Jam
386 1161 525 1200 legiones
546 1162 579 1192 111
600 1161 798 1193 testudinem
818 1160 1099 1201 glomerabantur,
1117 1162 1147 1191 et
1164 1161 1219 1192 alii
1237 1161 1302 1192 tela
1323 1169 1464 1202 saxaque

113 1205 350 1248 incutiebant,
379 1218 478 1249 quum
504 1209 711 1249 languescere
740 1209 896 1249 paulatim
919 1208 1165 1240 Vitellianorum
1189 1208 1300 1240 animi.
1327 1211 1364 1241 ut
1391 1208 1464 1249 quis

126 1252 240 1286 ordine
257 1256 403 1287 anteibat
419 1281 428 1296 ‚
448 1257 560 1288 cedere
577 1258 720 1288 fortunae
733 1281 744 1295 ,
770 1266 811 1288 ne
828 1262 988 1288 Cremona
1002 1265 1133 1297 quoque
1146 1257 1254 1288 excisa
1275 1256 1364 1288 nulla
1380 1257 1465 1288 ultra

127 1303 241 1342 venia,
268 1304 441 1343 omnisque
469 1304 518 1335 ira
543 1304 678 1336 victoris
698 1314 763 1336 non
783 1305 816 1336 iu
837 1305 954 1344 vulgus
969 1305 1084 1345 inops,
1102 1303 1158 1336 sed
1176 1304 1209 1335 in
1224 1303 1373 1336 tribunos
1389 1313 1461 1336 cen·

126 1348 335 1391 turionesque
347 1375 355 1391 ‚
381 1355 416 1383 111
433 1353 575 1392 pretium
591 1353 692 1384 caedis
708 1356 796 1391 erat,
815 1354 1047 1385 reverteretur.
1068 1352 1232 1393 gregarius
1249 1352 1342 1384 miles
1360 1352 1461 1384 futuri

127 1405 238 1429 500015
255 1402 287 1429 et
307 1399 511 1438 ignobilitate
535 1401 638 1431 tutior
654 1400 829 1441 perstabat.
852 1400 924 1440 vagi
945 1410 1001 1440 per
1018 1401 1106 1439 viaS,
1123 1400 1156 1431 iu
1173 1399 1324 1431 domibus
1340 1399 1461 1441 abditi,

110 1458 111 1461 ¹
126 1453 238 1486 pacem
254 1456 292 1477 ne
308 1450 376 1478 111111
391 1447 522 1488 quidem
537 1447 686 1488 orabant,
701 1457 803 1489 quum
818 1447 938 1479 bellum
952 1448 1151 1488 posuissent.
1168 1449 1327 1487 primores
1341 1448 1459 1479 castro-

126 1504 200 1526 rum
230 1504 347 1526 nomen
371 1498 470 1536 atque
499 1496 656 1536 imagines
681 1496 802 1527 Vitellii
829 1498 1044 1529 amoliuntur.
1065 1499 1194 1528 catenas
1211 1497 1346 1528 Caecinae
1364 1497 1461 1535 (nam

125 1543 224 1575 etiam
238 1544 310 1573 tum
328 1545 458 1574 vinctus
476 1545 567 1584 erat)
588 1544 765 1575 exsolvunt
784 1547 945 1584 orantque
965 1546 1006 1575 ut
1024 1553 1142 1576 causoe
1164 1553 1238 1576 suae
1255 1543 1460 1584 deprecator

127 1592 281 1622 assistat.
306 1593 531 1631 aspernantem
544 1593 794 1630 tumentemque
812 1591 955 1622 lacrimis
980 1591 1135 1630 fatigant,
1156 1594 1344 1622 extremum
1361 1589 1460 1621 malo-

115 1646 198 1667 ·rum
210 1661 218 1677 ,
236 1639 285 1669 tot
310 1638 481 1669 fortissimi
510 1640 573 1670 viri
592 1639 771 1679 proditoris
788 1647 882 1678 opem
900 1639 1101 1669 invocantes.
1127 1646 1203 1668 mox
1227 1638 1410 1668 velamenta
1427 1637 1461 1670 et

126 1684 266 1715 infulas¹
290 1695 347 1725 pro
370 1686 473 1716 muris
494 1688 671 1718 ostentant.
700 1695 804 1726 quum
828 1686 990 1717 Antonius
1016 1685 1164 1717 inhiberi
1194 1685 1264 1716 tela
1290 1684 1459 1724 jussisset,

127 1730 218 1770 signa
228 1732 419 1772 aquilasque
433 1734 579 1764 extulere
590 1733 601 1751 ²
618 1743 625 1764 ε
642 1735 794 1765 moestum
813 1734 988 1765 inermium
1005 1741 1133 1772 agmen,
1145 1732 1278 1771 deiectis
1292 1732 1326 1763 in
1340 1735 1458 1763 terram

127 1779 244 1818 0011115,
265 1780 473 1819 sequebatur.
493 1781 770 1813 circumstiterant
789 1781 938 1820 victores,
953 1783 986 1812 01
1003 1780 1109 1821 primo
1123 1779 1312 1819 ingerebant
1326 1779 1458 1820 probra,

126 1827 329 1858 intentabant
348 1828 431 1859 ictus
448 1838 455 1858 :
476 1837 572 1866 mox,
589 1830 625 1859 ut
648 1828 786 1868 praeberi
802 1837 859 1859 ora
878 1827 1106 1866 coutumeliis,
1129 1830 1162 1858 et
1185 1827 1288 1867 posita
1307 1828 1396 1859 omni
1415 1827 1459 1860 fe·

126 1875 212 1904 rot-ia
232 1876 349 1905 cuncta
367 1876 444 1906 victi
461 1875 681 1915 patiebantur,
701 1875 790 1907 subit
811 1875 993 1907 recordatio
1012 1875 1086 1906 illos
1111 1883 1181 1906 esse
1198 1875 1255 1915 qui
1280 1883 1383 1915 nuper
1399 1878 1457 1907 Be-

128 1921 228 1952 driaci
253 1922 397 1953 victoriae
424 1923 695 1963 ternper·assent³.
728 1922 785 1954 sed
813 1922 869 1954 ubi
889 1922 1016 1955 caecina
1041 1924 1198 1963 praetexta
1224 1922 1457 1963 lictoribusque

126 1969 260 2008 insignis
272 1993 282 2009 ,
302 1970 425 2000 dimota
442 1970 539 2001 turba
551 1994 559 2009 ,
585 1970 700 2002 consul
719 1970 869 2025 incessit,
894 1979 1040 2003 exarsere
1057 1970 1199 2002 victores
1223 1980 1230 2001 :
1256 1970 1456 2010 superbiam

125 2018 367 2057 scevmamque
383 2017 478 2055 (adeo
499 2017 603 2049 invisa
627 2018 748 2050 scelera
769 2018 889 2058 sunt),
914 2019 1012 2050 etiam
1033 2017 1217 2058 perfidiam
1238 2017 1453 2058 objectabant.

126 2063 250 2094 obstitit
268 2065 444 2102 Antonius,
463 2064 615 2105 datisque
630 2065 857 2097 defensoribus
871 2065 911 2096 ad
929 2065 1160 2106 Vespasianum
1178 2065 1311 2096 dimisit.

170 2114 290 2142 XXXII.
313 2112 406 2143 Plebs
423 2112 556 2143 interim
572 2114 840 2145 Cremonensium
858 2112 942 2144 inter
955 2115 1097 2144 armatos
1112 2112 1356 2144 conflictabatur
1368 2122 1378 2153 ;
1391 2120 1454 2145 nec

128 2158 241 2196 procul
265 2159 354 2190 caede
370 2159 525 2200 aberant,
549 2169 651 2201 quum
668 2161 817 2202 precibus
833 2160 952 2192 ducum
969 2160 1135 2200 mitigatus
1152 2161 1201 2191 est
1217 2160 1321 2191 miles.
1339 2160 1372 2192 et
1394 2168 1453 2192 vo·

129 2208 217 2236 catos
239 2206 279 2237 ad
295 2208 483 2240 concionem
508 2209 668 2240 Antonius
685 2209 862 2250 alloquitur
873 2232 883 2250 ,
901 2208 1070 2249 magnifice
1091 2208 1252 2248 victores,
1267 2208 1372 2241 victos
1387 2207 1453 2241 cle·

158 2314 257 2338 XXIX.
274 2320 295 2338 1.
312 2315 425 2338 Periisse
438 2315 485 2339 illo
496 2308 589 2345 praei‘io
601 2320 630 2339 :50
643 2315 726 2339 millia
736 2315 875 2339 hominum
891 2315 988 2339 auctor
1000 2315 1041 2338 est
1051 2314 1101 2338 Dio
1112 2315 1229 2339 Cassius.

163 2349 250 2373 XXX·
266 2354 286 2373 Ι·
297 2350 365 2373 Nllffi
381 2349 461 2379 forte,
474 2352 504 2374 ut
518 2346 544 2377 εἷ
562 2348 594 2378 et
608 2345 634 2377 εἲ
648 2357 714 2382 πως
730 2352 893 2376 Graecis—2.
905 2350 1012 2374 Avulsis
1029 2351 1058 2374 et
1070 2350 1214 2375 devolutis.

159 2384 256 2408 XXXI.
276 2390 295 2407 1.
308 2385 462 2414 supplicum
482 2387 545 2410 11111.
566 2386 644 2411 eunt.
661 2389 729 2417 Lac.
746 2399 776 2404 —
800 2391 821 2410 2.
843 2387 885 2410 Sc.
900 2385 935 2409 ad
956 2386 1111 2410 Antonium.
1135 2386 1254 2411 Honesta
1276 2385 1386 2411 deditio·
1400 2384 1450 2410 suh

131 2419 214 2449 signis
227 2418 318 2448 fiebat,
331 2426 390 2449 qua:
403 2420 444 2444 his
455 2422 681 2446 {infernmum-5.
695 2422 772 2452 Quod
786 2422 925 2446 narratum
939 2420 971 2449 ll,
991 2426 1028 2445 ⁴5.
