1539 2668
127 127 170 157 62
539 121 666 153 TACITl
687 121 896 151 ANNALIUM
917 121 990 150 LIB.
1014 121 1052 151 11.

129 199 194 230 mis
218 197 375 228 maneret
395 196 432 228 in
450 195 593 228 castello
607 217 615 232 ‚
635 193 718 226 dum
734 194 864 234 Caesar,
879 195 935 226 cui
954 196 1093 234 Syriam
1112 194 1352 234 permitteret,
1375 202 1450 226 con·

127 245 273 277 sulitur.
299 252 365 275 non
382 243 520 283 receptae
541 241 759 282 conditiones,
784 249 845 273 nec
870 241 958 274 aliud
986 249 1085 282 quam
1108 249 1205 273 naves
1232 241 1264 272 et
1283 241 1392 272 tutum
1416 241 1450 273 in

128 291 248 324 Urbem
261 291 321 322 iter
338 299 527 322 concessum
552 293 611 321 est.

170 341 315 370 LXXXII.
340 339 381 369 At
393 342 522 376 Romae,
547 337 718 377 postquam
734 334 909 368 Germanici
923 335 1074 367 valetudo
1097 334 1299 376 percrebuit,
1322 335 1453 366 cuncta-

127 394 210 425 que,
229 386 265 415 ut
292 393 332 417 ex
362 384 556 425 longinquo,
585 384 679 414 aucta
704 383 738 414 in
755 382 897 415 deterius
919 382 1149 422 asserebantur,
1176 382 1279 422 dolor,
1306 382 1391 413 ira.¹
1418 382 1452 414 et

127 431 340 472 erumpebant
357 432 491 472 questus
506 441 515 462 ε
539 443 555 457 ·‹
569 430 641 462 ideo
659 429 812 463 nimirum
828 431 860 462 in
876 431 1035 462 extremas
1051 432 1153 462 terras
1168 430 1358 469 relegatum,
1376 428 1451 460 ideo

127 492 145 504 «
162 479 270 510 Pisoni
293 478 483 519 permissam
505 478 705 518 provinciam
715 489 726 518 ;
744 478 805 510 hoc
827 478 925 518 egisse
944 478 1083 509 secretos
1098 477 1251 517 Augustae
1269 485 1343 508 cum
1361 476 1452 507 Plan·

128 536 145 553 «
163 525 237 557 cina
261 534 432 558 sermones.
464 534 539 557 vera
561 534 694 566 prorsus
715 525 756 557 de
785 529 888 557 Druso
903 524 915 542 ²
945 525 1087 556 seniores
1114 525 1239 556 locutos
1257 533 1265 554 z
1283 523 1453 564 displicere

128 584 147 600 «ι
164 572 371 612 regnantibus
387 572 493 604 civilia
507 572 647 604 filiorum
663 572 789 613 ingenia
800 597 808 612 ,
836 581 940 612 neque
961 572 1003 603 ob
1019 571 1106 603 aliud
1122 572 1337 611 interceptos,
1353 578 1450 610 quam

129 630 147 646 e<
163 619 239 659 quia
253 620 408 660 populum
431 623 614 652 Romanum
636 629 730 661 aequo
747 619 818 660 jure
836 620 1007 660 complecti
1027 619 1153 650 reddita
1174 618 1324 650 libertate
1349 617 1451 656 agita-

129 678 147 693 ε(
164 666 312 698 verint.»
337 670 401 698 Hos
418 666 506 707 vulgi
523 676 688 699 sermones
707 667 817 699 audita
837 676 924 699 mors
944 667 1024 697 adeo
1046 665 1208 705 incendit,
1231 666 1267 696 ut
1296 667 1371 696 ante
1388 663 1452 694 edi-

127 712 218 744 ctum
234 713 477 754 magistratuum
489 739 497 755 ‚
508 717 588 751 ,ante
603 715 914 747 senatusconsultum
931 714 1060 753 sumpto
1075 712 1204 753 justitio
1229 712 1453 743 desererentur

127 759 214 799 fora,
230 760 458 794 clauderentur
474 761 610 801 domus3
629 762 746 802 passim
764 761 893 793 silentia
909 762 941 793 et
956 762 1110 801 gemitus,
1136 759 1216 790 nihil
1234 758 1452 798 compositum

127 806 160 837 in
179 808 445 849 ostentationem3
465 812 497 840 et
513 818 711 849 quamquam
729 818 833 849 neque
851 808 1026 848 insignibus
1045 807 1223 847 lugentium
1241 805 1452 843 abstinerent,

126 852 223 884 allius
247 854 364 886 animis
389 854 580 887 moerebant.
605 857 701 887 Forte
723 856 956 895 negotiatores,
981 854 1111 886 vivente
1134 853 1240 884 adhuc
1266 850 1454 884 Germanico

127 899 217 938 Syria
233 900 372 942 egressi,
390 902 514 934 laetiora
534 902 575 934 de
592 902 778 934 valetudine
797 902 866 942 ejus
884 903 1032 937 attulere.
1056 900 1164 932 statim
1181 899 1302 931 credita
1314 923 1323 939 ,
1341 899 1452 930 statim

126 946 256 986 vulgata
272 949 369 990 sunt;
386 951 424 981 ut
440 949 578 989 quisque
592 949 707 980 obvius
717 973 726 989 ,
744 949 894 989 quamvis
911 949 1026 980 leviter
1046 948 1156 979 audita
1178 947 1211 978 in
1234 946 1314 978 alios
1328 970 1338 986 ,
1356 948 1454 985 atque

126 992 173 1023 illi
191 994 223 1024 in
241 994 348 1036 plures
363 997 527 1028 cumulata
544 996 660 1036 gaudio
685 997 890 1027 transferunt.
910 998 1039 1027 cursant
1052 1005 1108 1035 per
1126 994 1236 1026 urbem
1248 1018 1257 1034 ‚
1275 993 1454 1025 moliuntur

128 1041 322 1081 templorum
348 1042 431 1074 sores
447 1042 471 1074 ³.
495 1043 582 1082 Juvit
597 1043 820 1075 credulitatem
846 1052 911 1074 nox
932 1044 964 1074 et
992 1042 1170 1083 promptior
1193 1041 1278 1072 inter
1302 1039 1453 1072 tenebras

129 1086 313 1120 affirmatio.
328 1098 387 1121 nec
404 1090 531 1122 obstitit
548 1089 634 1121 salsis
650 1090 799 1121 Tiberius
809 1113 817 1129 ,
831 1090 933 1121 donec
949 1091 1093 1129 tempore
1106 1098 1144 1120 ac
1159 1088 1263 1129 spatio
1275 1087 1285 1106 ⁴
1302 1095 1455 1120 vanesce-

127 1137 209 1165 rent.
227 1137 258 1166 et
276 1136 415 1176 populus
436 1136 529 1177 quasi
545 1146 674 1168 rursum
689 1139 835 1177 ereptum
853 1145 958 1167 acrius
975 1135 1086 1167 doluit.

128 1193 131 1200 ‘
170 1185 331 1214 LXXXIII.
356 1187 500 1215 Honores
511 1208 520 1224 ,
538 1185 575 1215 ut
590 1184 663 1223 quis
681 1192 789 1215 amore
806 1183 838 1214 in
857 1183 1081 1215 Germanicum
1099 1183 1156 1214 aut
1168 1182 1295 1222 ingenio
1311 1181 1453 1222 validus,

127 1229 248 1268 reperti
265 1229 450 1270 decretique
469 1240 475 1261 :
500 1243 516 1257 «
533 1232 570 1261 ut
587 1240 705 1262 nomen
724 1231 793 1270 ejus
821 1230 932 1263 Saliari
961 1230 1101 1261 carmine
1120 1229 1126 1247 ¹
1148 1230 1337 1269 caneretur3
1360 1227 1452 1260 sedes

129 1285 146 1300 <t
166 1275 294 1307 curules
309 1276 320 1293 ²
345 1277 550 1309 sacerdotum
577 1277 802 1317 Augustalium
830 1277 909 1307 locis
922 1301 931 1316 ‚
951 1285 1113 1316 superque
1130 1284 1183 1307 eas
1201 1284 1348 1316 querceae
1364 1284 1454 1306 coro-

130 1332 146 1348 «
165 1330 215 1353 nac
228 1321 239 1340 ³
259 1323 498 1362 statuerentur3
519 1323 611 1355 ludos
637 1323 796 1354 circenses
818 1323 939 1354 eburna
956 1323 1075 1363 effigies
1100 1323 1227 1363 praeiret
1241 1322 1267 1361 ⁴3
1284 1332 1365 1354 neve
1382 1322 1454 1363 quis

129 1379 147 1394 α
163 1367 280 1400 flamen
297 1369 307 1387 ⁵
325 1372 382 1400 aut
399 1379 501 1409 augur
524 1371 558 1401 in
577 1371 686 1401 locum
710 1369 889 1402 Germanici
914 1370 975 1400 nisi
997 1369 1100 1409 gentis
1123 1369 1215 1400 Iuliae
1243 1370 1418 1402 crearetur.
1434 1382 1450 1397 »

126 1413 222 1446 arcus
244 1416 346 1447 additi
363 1420 473 1448 Romae
493 1417 525 1448 et
540 1417 626 1457 apud
648 1417 749 1458 ripam
776 1416 877 1448 Rheni
892 1417 924 1448 et
946 1416 978 1447 in
1001 1417 1111 1447 monte
1127 1416 1226 1457 Syriae
1240 1419 1363 1448 Amano
1379 1426 1453 1450 cum

127 1460 336 1502 inscriptione
353 1472 461 1494 rerum
477 1465 639 1504 gestarum
661 1473 699 1495 ac
714 1466 859 1496 mortem
874 1463 913 1494 ol)
930 1463 1179 1503 rempublicam
1194 1463 1322 1496 obiisse.
1348 1465 1454 1505 sepul-

129 1515 222 1540 crum
234 1509 245 1526 ⁶
264 1509 462 1550 Antiochiae,
480 1510 535 1541 ubi
553 1512 732 1551 crematus,
756 1510 895 1541 tribunal
913 1510 1109 1550 Epidaphnae
1120 1534 1129 1549 ,
1144 1519 1208 1551 quo
1221 1511 1255 1541 in
1268 1511 1339 1542 loco
1352 1511 1454 1543 vitam

130 1554 268 1587 finierat.
287 1557 471 1588 statuarum
488 1557 693 1597 locorumve,
708 1558 740 1588 in
753 1559 825 1598 quis
838 1558 1029 1595 colerentur,
1046 1557 1133 1588 haud
1151 1557 1241 1589 facile
1255 1558 1328 1598 quis
1342 1566 1454 1590 nume·

131 1611 206 1635 rum
221 1602 342 1634 inierit.
359 1613 459 1644 quum
476 1606 661 1636 censeretur
676 1604 798 1644 clipeus
812 1604 821 1622 '¹
844 1613 921 1635 auro
934 1605 967 1635 et
982 1604 1202 1644 magnitudine
1218 1605 1355 1645 insignis
1370 1606 1455 1637 inter

131 1650 281 1680 auctores
301 1650 512 1692 eloquentiae,
534 1651 732 1683 asseveravit
753 1651 919 1691 Tiberius,
948 1652 1087 1683 solitum
1107 1660 1300 1692 paremque
1331 1655 1454 1685 ceteris

132 1695 335 1729 dicaturum
351 1709 361 1729 .·
377 1706 485 1739 neque
503 1700 592 1730 enim
616 1699 847 1740 eloquentiam
865 1698 1018 1738 fortuna
1047 1698 1194 1730 discerni
1209 1698 1234 1738 ⁸,
1251 1701 1285 1730 et
1308 1701 1392 1731 satis
1413 1701 1452 1732 il-

132 1743 267 1783 lustre,
291 1746 321 1775 si
349 1746 476 1777 veleres
500 1746 591 1777 inter
618 1747 804 1785 scriptores
821 1745 1019 1777 haberetur.
1038 1746 1187 1785 equester
1211 1745 1290 1776 ordo
1307 1754 1455 1779 cuneum

135 1789 335 1823 Germanici
359 1792 550 1833 appellavit,
575 1792 630 1833 qui
647 1793 830 1833 juniorum
854 1791 1065 1832 dicebatur⁹;
1089 1792 1298 1833 instituitque
1317 1793 1363 1824 uti
1386 1795 1455 1826 tur-

164 1906 293 1932 Lxxxll.
310 1913 331 1932 ι.
348 1909 390 1932 Sc.
402 1909 481 1932 erant
507 1909 596 1938 Junge
610 1914 670 1933 cum
685 1908 788 1933 Romoe.
799 1921 827 1925 -
840 1913 863 1932 2.
877 1909 1031 1933 Germanici
1041 1909 1218 1938 patreconf.
1229 1909 1248 1938 Ι,
1263 1914 1299 1933 ³⁵.
1314 1922 1341 1926 —
1351 1915 1375 1935 z.
1386 1913 1454 1938 sue-

132 1942 225 1966 tonius
237 1942 318 1973 Calig.
334 1949 385 1971 cqc
396 1950 403 1967 ε
421 1944 516 1977 Quum
529 1944 624 1968 Romoe
635 1945 750 1974 repente
753 1943 817 1974 jam
827 1944 945 1974 vesperi,
957 1945 1075 1968 incertis
1089 1944 1265 1974 auctoribus,
1276 1946 1456 1974 convaluisse

132 1977 250 2001 tandem
260 1977 469 2006 percrebuisset
481 1979 679 2005 Germanicum.
688 1979 798 2008 passim
811 1984 876 2003 cum
887 1979 1045 2004 luminibus
1056 1981 1085 2003 et
1094 1979 1219 2003 victimis
1232 1979 1262 2003 in
1278 1979 1453 2009 Capitolium

131 2017 306 2038 concursum
317 2015 366 2043 est,
381 2020 415 2039 ac
426 2020 505 2044 pa'ne
520 2015 642 2040 revulsa·
656 2015 753 2045 templi
757 2015 848 2045 sores,
861 2021 897 2040 ne
912 2015 982 2046 quid
992 2016 1139 2046 gestientes
1149 2016 1214 2039 vota
1227 2015 1348 2039 reddere
1357 2022 1455 2043 mora-

132 2048 231 2071 retur.
246 2061 274 2065 -
288 2054 310 2072 4.
321 2049 380 2073 1)υο
394 2050 528 2074 voeabula
541 2056 590 2080 pro
601 2055 655 2074 uno
666 2055 674 2073 z
689 2051 814 2079 tempore
823 2052 852 2075 et
859 2051 954 2080 spatio
963 2050 1070 2080 quidem
1085 2051 1153 2079 ejus»,
1169 2050 1299 2079 temporis
1309 2052 1407 2080 spatio.

164 2083 307 2108 LXXXIII.
324 2089 344 2108 ι.
363 2085 563 2116 Antiquissimo,
575 2085 648 2116 quod
661 2091 676 2109 a
689 2085 765 2110 Saliis
786 2086 973 2110 sacerdotibus
984 2085 1146 2109 saltantibus
1165 2085 1192 2108 in
1205 2084 1337 2109 honorem
1360 2086 1455 2114 Martis

134 2118 294 2147 canebatur,
311 2123 362 2142 nee
387 2120 437 2142 nisi
454 2120 565 2144 deorum
590 2122 701 2145 nomina
720 2121 890 2146 continebat.
908 2133 936 2139 —
951 2125 972 2144 2.
995 2121 1024 2144 In
1039 2121 1112 2145 circo
1127 2121 1154 2144 et
1176 2120 1296 2144 theatris.
1316 2121 1455 2151 Ejusmodi

132 2152 213 2178 sedes
231 2153 341 2177 decreta
364 2155 424 2177 erat
441 2156 523 2178 etiam
541 2156 672 2180 Marcello
691 2158 808 2181 mortuo.
821 2169 851 2174 —
864 2161 886 2180 ³.
911 2157 976 2186 Quae
993 2157 1072 2180 erant
1086 2156 1179 2179 civicae
1203 2160 1319 2179 coronae.
1335 2168 1363 2174 -
1379 2161 1400 2181 ι.
1424 2159 1456 2183 In

133 2194 234 2219 pompa
248 2188 401 2212 divinarum
417 2189 573 2220 imaginum,
594 2197 653 2220 quae
668 2198 683 2216 a
697 2191 829 2222 Capitolio
842 2192 870 2216 in
883 2192 990 2216 Circum
1015 2190 1208 2215 descendebat.
1218 2202 1247 2207 -
1263 2196 1288 2215 ε.
1302 2191 1346 2216 Sc.
1362 2192 1455 2221 Augu-

133 2225 220 2248 stalis,
234 2224 299 2248 Vide
314 2224 333 2252 1,
350 2228 388 2247 ει.
402 2235 432 2240 -
444 2229 467 2248 6.
480 2226 684 2255 cenotaphium.
697 2239 725 2244 —
739 2232 760 2251 7.
775 2228 862 2257 Quum
885 2227 1081 2251 decerneretur
1096 2226 1120 2249 ei
1136 2231 1151 2249 a
1165 2226 1263 2250 senatu
1280 2226 1458 2256 anaglyphon

132 2258 217 2289 clipei
233 2258 320 2283 torma
333 2258 477 2288 sculptum.
490 2260 645 2285 Excellebat
667 2263 758 2286 autem
784 2262 958 2286 Germanicus
972 2261 1128 2291 eloquentia
1150 2262 1178 2285 et
1197 2261 1293 2290 graecls
1309 2260 1454 2292 latinisque

132 2294 242 2319 litteris.
256 2295 406 2324 Supersunt
418 2300 511 2319 versus
525 2296 590 2326 eJus,
601 2296 698 2326 quibus
711 2298 787 2321 Arati
799 2298 976 2322 Phaenomena
987 2297 1068 2320 latine
1081 2296 1243 2320 reddidit.—-
1256 2303 1280 2321 8.
1294 2298 1332 2321 Ex
1345 2296 1457 2322 fortuna

134 2331 164 2354 et
178 2330 247 2359 loco,
257 2330 284 2354 in
301 2335 355 2359 quo
370 2328 501 2360 eloquens
511 2331 594 2356 homo
612 2333 699 2362 natus,
712 2334 845 2357 aestimari.
857 2337 919 2356 -9,
933 2332 966 2356 Ut
991 2332 1070 2356 erant
1094 2331 1234 2356 centuriae
1257 2332 1408 2362 iuniorum
1428 2333 1458 2356 et

131 2366 274 2392 centurion
289 2366 436 2392 seniorum
452 2366 479 2391 in
496 2367 607 2393 civibus.
624 2367 712 2394 cunei
723 2371 786 2394 sunt
798 2369 907 2394 ordines
920 2367 1043 2392 sedilium
1055 2367 1083 2392 ln
1101 2367 1217 2399 theatro,
1229 2367 1426 2400 mnenon-mes.
1438 2372 1458 2392 a
