1539 2668
485 154 519 183 A.
541 153 584 182 U.
608 153 644 182 C.
668 151 738 181 818.
766 153 800 180 A.
826 151 860 180 C.
887 153 937 181 65.
1327 153 1384 185 251

97 230 204 261 LVIII.
229 227 314 267 Quin
331 228 363 259 et
376 227 506 266 Urbem,
520 235 575 267 per
592 226 773 266 manipulos
786 225 950 265 occupatis
966 223 1137 264 moenibus,
1156 225 1278 257 insesso
1291 225 1389 259 etiam

57 276 139 308 mari
152 277 185 308 et
202 285 296 308 amne
308 300 317 315 ,
342 275 430 307 velut
445 275 478 307 in
493 274 675 306 custodiam
692 274 790 305 dedit.
810 273 1052 313 volitabantque
1068 281 1125 313 per
1141 273 1210 304 sora
1221 297 1229 312 ‚
1251 283 1306 314 per
1322 274 1388 306 do-

57 332 141 363 mos,
153 332 230 355 rura
243 332 371 364 quoque
386 325 419 354 et
434 322 581 363 proxima
596 321 846 361 municipiorum
856 346 864 360 ‚
880 320 1002 361 pedites
1016 320 1217 360 equitesque,
1236 321 1388 361 permixti

56 371 224 404 Germanis
238 395 245 410 ‚
261 371 378 411 quibus
395 370 513 402 fidebat
533 370 684 410 Princeps
701 369 790 409 quasi
807 368 958 400 externis.
976 368 1130 399 continua
1145 368 1220 399 binc
1235 370 1267 400 et
1280 370 1388 402 vincta

55 418 183 458 agmina
197 419 280 450 trahi
291 428 328 449 ac
343 418 464 449 foribus
476 417 644 448 hortorum
658 417 813 457 adjacere.
832 418 929 456 atque
945 415 998 447 ubi
1017 415 1185 447 dicendam
1200 416 1238 448 ad
1255 425 1386 450 causam

54 465 259 505 introissent,
276 466 439 497 [celatum
460 464 466 482 ¹
495 473 579 505 erqa
595 465 815 504 consto-alos,
845 466 873 495 si
890 463 1068 502 fortuitus
1092 472 1204 495 sermo
1229 466 1261 496 et
1278 464 1386 496 subiti

53 520 238 552 occursus,
258 515 286 544 εἰ
301 514 514 551 convivium,
531 513 560 543 εἰ
584 512 823 552 spectaculmn
850 511 956 543 simul
978 512 1143 550 inissent,
1169 520 1227 551 pro
1250 510 1385 543 crimine

51 561 176 601 accipi,
199 570 301 600 quum
326 569 423 601 super
450 560 584 592 Neronis
614 568 650 591 ac
673 560 819 598 Tigellini
844 568 947 590 saevas
970 559 1250 599 percunctationes
1267 559 1384 593 Fenius

51 617 180 649 quoque
207 608 310 640 Rufus
328 608 483 639 violenter
508 608 655 648 urgeret,
683 606 829 638 nondum
852 607 892 638 ab
917 605 1079 637 indicibus
1097 606 1304 646 nominatus,
1328 608 1385 640 sed

51 665 116 697 quo
144 655 240 686 fidem
261 655 395 687 inscitiae
418 658 562 696 pararet,
586 658 676 686 atrox
706 654 864 685 adversus
892 654 1008 685 socios.
1031 653 1116 684 idem
1137 653 1250 685 Subrio
1275 654 1384 689 Flavio

50 703 213 735 assistenti
230 703 449 743 annuentique
468 702 495 743 ²,
515 712 554 734 an
571 703 654 734 inter
668 702 770 741 ipsam
788 702 1003 741 cognitionem
1015 700 1227 741 destringeret
1244 701 1385 741 gladium
1430 734 1434 737 ,

49 750 237 790 caedemque
259 753 398 791 patraret
412 774 421 790 ,
444 750 552 783 renuit
565 750 758 790 infregitque
774 750 930 790 impetum
945 748 1012 789 jam
1026 757 1158 780 manum
1173 749 1213 781 ad
1230 749 1385 790 capulum
1423 771 1437 779 ..

50 798 228 830 referentis.

89 848 166 877 LIX.
191 849 289 875 Fuere
309 844 365 885 qui
386 844 512 885 prodita
530 844 774 884 conjuratione,
792 845 870 876 dum
888 844 1022 876 auditur
1038 843 1206 883 Milichus,
1224 844 1303 875 dum
1319 845 1381 877 du-

49 891 129 923 bitat
142 892 328 930 Scaevinus,
347 892 554 924 hortarentur
567 892 714 924 Pisonem
735 905 749 918 «
765 900 895 931 pergere
912 892 945 922 in
959 894 1065 922 castra
1081 892 1137 922 aut
1151 892 1256 922 rostra
1272 900 1382 925 escen-

50 950 66 966 «
84 938 159 971 dere
180 938 354 978 studiaque
379 939 521 971 militum
548 941 580 971 et
610 939 723 980 populi
746 941 881 970 tentare.
912 938 939 969 si
969 937 1140 970 conatibus
1166 939 1234 979 ejus
1261 940 1382 972 conscii

49 999 66 1014 «ι
83 990 342 1027 aggregarentur,
359 989 527 1018 secuturos
542 986 640 1018 etiam
657 986 815 1026 integros3
834 995 1049 1026 magnamque
1065 987 1164 1016 motae
1182 986 1224 1017 rei
1249 986 1380 1027 samam,

47 1047 64 1063 et
82 1043 155 1075 quae
174 1033 349 1074 plurimum
373 1034 406 1065 in
431 1034 522 1065 novis
541 1034 684 1065 consiliis
702 1034 835 1065 valeret.
863 1033 943 1064 nibil
969 1033 1142 1065 adversum
1172 1033 1234 1064 hoc
1262 1032 1381 1065 Neroni

46 1095 63 1110 »
81 1081 260 1123 provisum.
280 1081 378 1113 etiam
396 1081 495 1113 sortes
515 1081 601 1113 viros
621 1081 739 1113 subitis
757 1081 892 1120 terreri;
913 1081 1034 1112 nedum
1060 1081 1113 1112 ille
1137 1081 1299 1120 scenicus,
1329 1080 1380 1112 Ti-

48 1143 64 1157 «
82 1129 199 1169 gellino
212 1128 336 1160 scilicet
356 1138 430 1160 cum
446 1128 612 1168 pellicibus
629 1129 694 1160 suis
711 1129 903 1168 comitante,
922 1138 1011 1160 anna
1028 1132 1140 1160 contra
1154 1129 1262 1161 cieret.
1279 1128 1383 1160 multa

47 1189 64 1205 «
81 1175 275 1216 experiendo
298 1176 430 1207 confieri
446 1176 470 1215 ¹,
485 1184 559 1215 quae
578 1176 731 1215 segnibus
751 1177 852 1207 ardna
869 1176 1048 1207 videantur.
1078 1176 1197 1207 frustra
1216 1176 1382 1208 silentium

47 1235 64 1251 α
82 1224 115 1255 et
131 1223 227 1254 fidem
244 1222 276 1253 in
295 1224 342 1254 tot
365 1222 569 1254 consciorum
587 1223 703 1254 animis
730 1225 761 1254 et
781 1222 969 1263 corporibus
984 1223 1106 1263 sperari
1126 1232 1133 1253 :
1155 1223 1301 1254 cruciatu
1325 1223 1382 1253 aut

48 1282 64 1298 «
83 1270 217 1310 praemio
235 1272 352 1301 cuncta
369 1271 479 1310 pervia
501 1278 581 1301 esse.
601 1271 755 1301 venturos
772 1270 827 1310 qui
850 1270 956 1310 ipsum
971 1279 1099 1310 quoque
1122 1270 1302 1309 vincirent,
1326 1279 1381 1310 po-

47 1330 63 1345 «
80 1319 201 1349 sti-emo
227 1317 359 1357 indigna
390 1326 467 1349 nece
488 1318 665 1349 allicerent.
696 1319 818 1357 quanto
848 1317 1041 1349 laudabilius
1067 1317 1267 1358 periturum,
1300 1317 1380 1349 dum

46 1377 63 1392 «
80 1365 284 1405 amplectitur
301 1364 555 1404 rempublicam,
575 1365 653 1396 (lum
678 1365 799 1396 auxilia
826 1364 965 1396 libertati
987 1365 1127 1395 invocat.
1153 1365 1246 1395 miles
1273 1364 1380 1405 potius

44 1424 59 1440 ιι
79 1411 202 1443 deesset
227 1412 259 1442 et
289 1410 397 1451 plebes
421 1411 607 1451 desereret,
625 1411 704 1443 dum
721 1411 731 1429 ²
752 1413 820 1452 ipse
847 1411 1047 1452 majoribus,
1078 1411 1156 1442 dum
1178 1411 1333 1452 posteris,
1351 1409 1378 1441 si

44 1470 60 1486 τι
79 1459 146 1490 vita
163 1458 402 1498 praeriperetur,
422 1461 559 1490 mortem
576 1459 769 1499 approbaret
784 1459 807 1491 ³.
829 1472 843 1486 »
865 1459 1024 1491 Immotus
1043 1459 1092 1490 liis
1105 1459 1136 1490 et
1149 1458 1328 1499 paullulum
1345 1458 1378 1490 in

43 1505 175 1547 publico
194 1507 341 1537 versatus
357 1531 366 1545 ,
398 1508 469 1546 post
486 1506 574 1538 (lomi
592 1509 738 1539 secretus
753 1508 899 1539 animum
915 1506 1088 1538 adversum
1106 1514 1257 1547 suprema
1267 1505 1377 1537 firma-

42 1551 119 1592 bat,
136 1552 238 1584 donec
266 1561 381 1584 manus
397 1553 538 1585 militum
558 1554 744 1593 adveniret,
764 1563 845 1595 quos
862 1558 945 1586 Nero
968 1553 1091 1585 tirones
1118 1557 1174 1584 aut
1203 1552 1376 1594 stipendiis

41 1601 186 1631 recentes
201 1600 359 1640 delegerat
376 1610 382 1631 ε
400 1610 473 1632 nam
490 1604 585 1634 vetus
602 1602 695 1634 miles
716 1602 890 1633 timebatur
904 1609 1101 1642 quamquam
1118 1600 1226 1632 favore
1242 1600 1250 1618 ⁴
1269 1600 1377 1631 imbu-

40 1648 102 1679 tus.
127 1647 207 1679 obiit
226 1647 370 1688 abruptis
385 1647 592 1681 brachiorum
612 1649 716 1681 venis.
740 1651 973 1682 testamentum
998 1648 1090 1687 sudis
1106 1647 1262 1679 adversus
1276 1652 1376 1679 Nero-

40 1702 115 1726 nem
138 1694 379 1727 adulationibus
400 1696 503 1728 amori
521 1697 634 1729 uxoris
651 1696 761 1737 dedit,
781 1706 879 1737 quam
897 1695 1086 1737 degenerem
1101 1697 1134 1727 et
1148 1696 1215 1727 sola
1229 1695 1376 1736 corporis

42 1741 147 1773 forma
162 1741 421 1775 commendatam
438 1744 536 1776 amici
553 1745 761 1776 matrimonio
775 1745 964 1776 abstulerat.
984 1752 1103 1775 nomen
1130 1743 1276 1774 mulicris
1290 1743 1379 1774 Atria

40 1788 148 1828 Galla,
173 1789 272 1829 priori
285 1790 402 1822 marito
418 1791 579 1823 Domitius
601 1791 687 1825 silus
706 1802 713 1823 ε
735 1791 789 1824 bic
810 1791 987 1833 patientia,
1006 1791 1059 1823 illa
1076 1791 1278 1832 impudicitia
1294 1791 1378 1822 Piso·

41 1836 93 1867 nis
111 1835 277 1867 infamiam
294 1845 521 1877 propagavere.

82 1886 142 1915 LX.
168 1882 351 1915 Proximam
365 1892 476 1915 necem
494 1884 609 1915 Plautii
620 1884 770 1916 Laterani
783 1885 925 1916 consulis
942 1884 1097 1925 designati
1113 1889 1196 1916 Nero
1219 1884 1377 1931 adjungit

40 1927 120 1960 adeo
132 1938 266 1970 propere
280 1931 394 1962 utnon
414 1931 586 1971 complecti
599 1931 734 1970 liberos,
761 1940 826 1962 non
848 1931 928 1963 illud
943 1931 1041 1963 biexe
1057 1931 1169 1962 mortis
1188 1916 1377 1964 arbitrium¹

40 1976 254 2014 permitteret.
276 1980 386 2018 raptus
402 1978 435 2009 in
457 1978 564 2011 locum
581 1978 748 2010 servilibus
765 1978 868 2018 poenis
885 1978 1060 2019 sepositum
1078 1987 1175 2010 manu
1198 1978 1290 2011 Statii
1315 1980 1377 2012 tri-

41 2021 118 2054 buni
136 2024 328 2064 trucidatur,
352 2025 466 2066 plenus
489 2026 672 2058 constantis
698 2026 818 2058 silentii
838 2035 897 2058 nec
915 2026 1043 2058 tribuno
1060 2026 1215 2066 objiciens
1241 2026 1376 2059 eandem

40 2071 274 2103 conscientiam
291 2070 316 2102 ².
336 2073 489 2114 sequitur
506 2073 612 2106 caedes
628 2073 741 2106 Annaei
770 2077 899 2106 Senecae
911 2098 920 2114 ,
944 2074 1110 2105 laetissima
1130 2072 1269 2114 Principi
1282 2097 1290 2113 ,
1313 2083 1378 2107 non

41 2117 116 2158 qnia
131 2119 363 2159 conjurationis
372 2121 580 2154 manifestum
594 2123 808 2162 compererat,
817 2120 875 2153 sed
888 2123 923 2153 ut
934 2120 1018 2153 ferro
1028 2120 1375 2162 grassaretur,quando

43 2173 206 2198 venenum
220 2175 285 2198 non
313 2169 524 2209 processerat.
544 2168 556 2187 ³
572 2168 660 2201 solus
673 2169 791 2210 quippe
807 2169 929 2201 Natalis
941 2169 974 2201 et
993 2169 1150 2201 hactenus
1167 2168 1177 2187 ⁴
1198 2167 1376 2209 prompsit,

74 2241 163 2265 LVlll.
183 2247 203 2266 ¹.
217 2242 260 2266 Sc.
280 2248 339 2267 esse
352 2249 360 2268 ε
373 2244 420 2274 qul
438 2244 586 2270 infinitivus
607 2251 657 2275 pro
676 2245 802 2275 subjecto
822 2246 863 2269 est
886 2245 963 2269 verbi
976 2246 1069 2275 accipi
1086 2251 1143 2276 pro
1162 2245 1294 2270 crimine.
1312 2250 1376 2271 —2.

46 2277 118 2301 Nutu
130 2278 270 2306 quaerenti,
285 2284 320 2302 an
333 2280 405 2305 Nero
418 2280 447 2304 in
460 2280 516 2310 ipsa
531 2281 680 2310 quaestione
695 2281 903 2305 interficiendus
917 2283 998 2306 esset.

75 2312 142 2337 le-
168 2317 188 2336 ι.
204 2313 368 2339 Constet—2.
383 2316 602 2340 Dummodo—3.
620 2316 793 2341 Laudandam
814 2316 1018 2342 exhiberet—⁴.
1037 2317 1080 2342 Sc.
1095 2316 1227 2345 Neronis,
1248 2317 1278 2340 ut
1299 2314 1374 2340 Hist.

47 2348 80 2377 ll,
94 2352 122 2372 εις
136 2354 143 2371 :
159 2348 291 2378 Leqiones
306 2350 535 2382 imbutaesat·ore
550 2352 677 2377 Othonis.

77 2383 128 2408 Lx.
144 2389 165 2408 ι.
179 2385 296 2414 Tempus
310 2392 362 2416 quo
378 2387 412 2412 de
428 2388 525 2413 mortis
545 2394 647 2418 genere
667 2388 840 2413 deliberaret.
854 2401 884 2406 -
898 2393 919 2413 2.
933 2390 975 2414 Sc.
994 2388 1213 2420 conspirationis,
1229 2387 1305 2417 cujus
1319 2386 1378 2417 ipse

47 2422 156 2450 quoque
168 2420 268 2446 Statius
282 2423 415 2449 conscius.
430 2436 461 2443 --
475 2429 499 2448 ³.
514 2424 543 2450 V.
556 2430 637 2455 supra
652 2430 674 2450 c.
686 2425 791 2455 ⁴⁵--l4-
802 2425 862 2450 Non
873 2424 960 2455 plura.
