1539 2668
117 157 177 187 318
476 153 609 182 ’mem
631 152 906 182 ffls'romnmit
928 153 1002 183 LIB.
1025 154 1067 183 11.

116 229 329 265 minationem
344 228 523 259 verterunt.
540 227 616 268 post
631 234 715 266 quos
732 229 792 258 Cn’.
808 226 1172 267 Pompeiusvoccultior..
1187 235 1252 258 non
1269 227 1395 260 melion
1408 229 1441 261 et

117 284 283 317 nunquam
300 277 410 315 postea
424 274 487 305 nisi
502 274 543 305 de
560 273 745 314 principatu
762 273 950 313 quaesitum.
971 283 1039 305 noni
1052 273 1227 306 discessere
1241 274 1283 306 ab
1297 275 1395 307 armis
1408 276 1442 309 in

116 324 279 356 Pharsalia
291 332 328 354 ac
341 322 497 363 Philippis
510 322 630 352 civium
643 321 784 361 legiones
797 330 806 352 ι
820 321 942 354 nedum
951 321 1089 353 othonis
1101 321 1269 354 aevitellii
1281 322 1443 356 exercitus

115 372 232 411 sponte
254 370 391 411 posituri
417 369 537 400 bellum
561 368 692 400 suerint.
712 367 831 401 eadem
844 369 917 401 illos
936 369 1034 401 deum
1051 369 1119 409 ira,
1137 369 1251 401 eadem
1274 369 1443 403 hominum

115 418 222 450 rabies
235 441 244 457 ‚
267 417 390 450 eaedem
412 417 570 448 scelerum
593 424 700 448 causae
720 415 754 447 in
769 415 966 448 discordiam
982 425 1085 457 egere.
1103 415 1190 454 quod
1208 415 1342 456 singulis
1355 417 1445 450 velut

114 465 233 497 ictibus
255 466 418 496 transacta
438 465 515 495 sunt
536 462 641 502 bella,
655 462 790 503 ‚ignavia
808 463 996 504 Principum
1014 464 1138 496 sactum
1154 465 1214 496 est.
1232 463 1291 495 sed
1313 473 1367 497 me
1383 474 1443 498 've-

114 511 221 546 terum
236 520 462 551 novorumque
478 519 610 542 morum
628 510 788 551 reputatio
804 511 931 552 longius
949 511 1026 543 tulit
1041 521 1050 543 :
1069 520 1155 543 nunc
1171 511 1210 542 ad
1235 512 1444 544 rei-umordi-

113 568 190 593 nem
207 559 314 591 venio.

155 611 289 639 xxxlx.
314 605 462 638 Profecto
484 605 659 637 Brixellum
679 605 805 637 Othone
822 606 926 637 bonor
941 606 1069 646 imperii
1086 614 1186 646 penes
1201 605 1365 637 Titianum
1380 606 1446 639 sra-

112 653 197 687 trem
211 679 219 694 ,
240 655 288 686 vis
309 663 346 685 ac
371 654 517 694 potestas
537 661 637 693 penes
661 652 835 684 Proculum
859 652 1061 693 praesectum.
1079 653 1191 684 Celsus
1213 655 1246 684 et
1270 653 1446 696 Paulinus,

112 710 215 743 quum
235 701 403 742 prudentia
416 710 528 732 corum
542 709 638 732 nemo
654 702 813 740 uteretur,
829 700 917 731 inani
934 699 1066 731 nomine
1082 699 1203 730 ducum
1218 700 1448 742 alienaecutpae

111 749 409 790 praetendebantur.
425 748 546 780 tribuni
564 748 837 788 centurionesque
853 746 1010 787 ambigui,
1027 747 1113 787 quod
1127 747 1246 787 spretis
1260 747 1448 780 melioribus

111 795 278 828 deterrimi
304 796 466 827 valebant.
495 795 588 826 miles
612 795 740 834 alacer3
770 794 827 835 qui
850 797 961 826 tamen
980 794 1073 834 ,iussa
1096 794 1219 825 ducum
1244 792 1448 834 interpretari

111 853 208 885 quam
226 843 361 882 exsequi
383 843 503 874 mallet.
523 842 713 874 Promoveri
727 842 771 873 ad:
785 841 960 881 quartum¹
982 850 1001 872 a
1016 840 1170 872 Bedriaco
1186 843 1292 872 castra
1306 840 1447 882 placuit,

111 891 191 923 adeo
217 890 363 930 imperite
389 893 423 920 ut
442 899 640 929 quamquam
666 898 767 919 verno
785 892 931 928 tempore
947 888 1024 919 anni
1039 890 1072 919 et
1088 889 1139 919 tot
1155 888 1279 919 circum
1298 887 1448 919 amnibus

112 937 247 978 penuria
261 946 355 976 aquae
372 937 594 974 fatigarentur.
611 936 656 967 ibi
675 936 714 966 de
732 934 868 975 proelio²
888 934 1093 973 dubitatum,
1112 935 1241 966 Othone
1256 944 1312 976 per
1325 935 1448 968 litteras

112 984 278 1022 flagitante
303 986 337 1015 ut
361 986 583 1020 maturarent,
606 983 764 1014 militibus
781 984 817 1013 ut
835 986 1014 1022 Imperator
1034 990 1152 1022 pugnae
1172 982 1296 1013 adesset
1316 991 1446 1022 poscen-

111 1032 212 1064 tibus.
233 1031 375 1070 plerique
386 1032 498 1071 copias
514 1035 601 1062 trans
613 1030 736 1062 Padum
753 1032 886 1068 agentes
898 1029 996 1060 acciri
1012 1029 1231 1069 postulabant.
1246 1038 1304 1061 nec
1317 1029 1448 1069 perinde

112 1072 288 1118 dijudicari
302 1081 406 1117 potest
422 1078 501 1118 quid
517 1079 680 1118 optimum
697 1078 784 1108 sactu
800 1076 898 1108 suerit
910 1103 919 1115 ,
938 1085 1036 1116 quam
1053 1076 1236 1116 pessimum
1249 1076 1347 1108 fuisse
1359 1077 1448 1117 quod

112 1127 234 1157 sactum
251 1126 311 1156 est.

153 1177 215 1204 XL.
241 1177 309 1203 Non
329 1174 364 1203 ut
381 1171 420 1202 ad
439 1180 579 1212 pugnam
591 1194 600 1209 ,
619 1171 676 1202 scd
693 1170 732 1201 ad
751 1169 941 1201 bellandum
958 1169 1096 1210 profecti
1112 1170 1136 1208 ¹,
1154 1169 1354 1202 confluentes
1370 1170 1447 1202 Padi

111 1221 143 1251 et
169 1220 291 1250 Addua}
318 1219 506 1258 numinum,
532 1218 673 1250 sedecim
699 1217 774 1248 inde
795 1217 932 1248 millium
954 1217 1058 1257 spatio
1081 1217 1260 1255 distantes,
1278 1217 1443 1257 petebant.

112 1268 203 1300 Celso
220 1271 251 1298 et
271 1266 404 1297 Paulino
419 1266 639 1298 abnuentibus
655 1265 803 1296 mititem
824 1266 947 1296 itincre
956 1264 1093 1303 fessum
1105 1290 1116 1305 ,
1137 1266 1286 1296 sarcinis
1304 1273 1446 1305 yravem

111 1315 254 1354 objicere
277 1314 384 1354 hasti,
407 1323 474 1345 non
497 1314 693 1346 admissio-0
715 1313 897 1352 quominus
924 1311 1103 1352 expeditus
1131 1313 1163 1342 et
1188 1314 1247 1343 cix
1275 1313 1446 1353 quattuor

111 1363 226 1393 millia
240 1370 408 1400 pessuma
424 1370 605 1401 proyesszcs
630 1362 693 1392 (ιιιί
718 1360 955 1399 incompositos
973 1361 1009 1389 z'n
1030 1360 1167 1397 aqme‘ne
1189 1361 1253 1390 aut
1275 1359 1444 1399 dispersos

111 1410 143 1439 cc
166 1409 297 1440 vallum
319 1409 494 1440 molientes
516 1407 783 1448 affirmaretur,
808 1406 957 1437 Titianus
979 1408 1011 1437 et
1032 1406 1203 1444 Proculus,
1231 1406 1283 1437 ubi
1304 1407 1444 1439 consiliis

111 1455 330 1494 vincerentur,
348 1459 386 1487 ad
408 1457 460 1495 jus
478 1455 604 1495 imperii
623 1453 817 1485 transibant.
840 1453 951 1484 aderat
975 1462 1051 1484 sane
1070 1452 1155 1484 citus
1176 1463 1259 1494 equo
1281 1453 1441 1486 Numida²

111 1512 185 1534 cum
210 1503 374 1534 atrocibus
400 1503 578 1541 mandatis,
594 1501 714 1542 quibus
731 1501 815 1532 Otlio
831 1501 987 1540 increpita
1001 1500 1131 1531 ducum
1148 1502 1297 1540 seqnitia
1318 1510 1394 1533 rem
1407 1503 1443 1533 in

111 1550 298 1582 ellscmmen
322 1553 413 1581 ηιὶίίὶ
433 1551 585 1590 jubebat,
609 1558 693 1588 aeger
709 1557 798 1579 mora
817 1550 849 1578 et
864 1548 931 1587 spei
949 1547 1131 1587 impatiens.

152 1602 228 1629 XLI.
256 1599 372 1629 Eadem
398 1600 449 1631 die
465 1599 505 1630 ad
532 1597 693 1629 caminam
713 1596 801 1634 operi
828 1595 935 1634 pontis
952 1595 1115 1625 intentum
1133 1593 1199 1624 duo
1218 1595 1443 1634 praetoriarum

111 1645 295 1677 cohortium
314 1646 453 1684 tribuni,
471 1644 672 1684 colloquium
687 1643 757 1682 ejus
771 1642 972 1682 postulantes
985 1665 993 1680 ,
1012 1642 1181 1672 venerunt.
1201 1640 1314 1672 audire
1332 1641 1443 1672 condi·

111 1693 216 1723 tiones
240 1702 277 1723 ac
297 1694 431 1724 reddere
449 1692 599 1733 parabat,
622 1700 723 1729 quum
749 1689 932 1730 praecipites
957 1688 1174 1728 exploratores
1190 1687 1302 1719 adesse
1319 1688 1442 1720 hostem

110 1741 314 1771 nuntiavere.
337 1740 539 1780 interruptus
553 1738 760 1770 tribunorum
775 1746 901 1775 serin03
917 1744 1020 1775 eoque
1034 1736 1196 1765 incertum
1214 1735 1294 1773 suit,
1311 1735 1444 1767 insidias

109 1798 149 1818 an
171 1787 389 1827 proditionem
406 1788 456 1818 vel
477 1786 608 1826 aliquod
630 1786 804 1816 liouestum
825 1784 1000 1815 consilium
1015 1782 1243 1822 coeptaverint.
1259 1782 1385 1813 Caecina
1402 1783 1444 1814 di-

110 1835 216 1866 missis
241 1835 380 1866 tribunis
404 1838 552 1865 revectus
580 1835 613 1864 iu
642 1835 746 1864 castra
762 1856 771 1871 ,
798 1831 913 1863 datum
937 1831 1030 1870 jussu
1054 1829 1142 1860 Fabii
1165 1829 1312 1861 Valentis
1329 1838 1444 1869 pugnae

110 1885 241 1920 signum
255 1885 287 1913 et
304 1882 444 1913 militem
462 1882 496 1912 in
512 1881 611 1912 armis
627 1880 763 1912 invenit.
784 1879 863 1911 dum
882 1878 1022 1918 legiones
1037 1876 1077 1908 de
1094 1876 1207 1908 ordine
1223 1876 1359 1916 agminis
1376 1885 1442 1907 sor-

111 1933 259 1970 liuntur,
285 1931 412 1969 equites
437 1938 632 1970 prorupere;
650 1930 683 1960 et
697 1928 822 1959 mirum
841 1926 953 1965 dictu,
977 1933 998 1956 a
1022 1924 1232 1965 paucioribus
1249 1923 1443 1956 Othonianis

109 1978 287 2020 quonimus
319 1978 348 2008 in
373 1977 495 2009 vallum
521 1974 817 2016 impingerentur¹‚
836 1973 957 2006 Italicae
982 1972 1118 2012 legionis
1152 1971 1271 2003 virtute
1297 1970 1442 2003 deterriti

109 2031 197 2058 sunt.
223 2036 260 2057 ea
281 2025 405 2056 strictis
429 2024 639 2056 mucronibus
657 2023 761 2055 redire
784 2022 892 2062 pulsos
913 2022 946 2052 et
968 2028 1110 2061 pugnam
1133 2027 1299 2050 resumere
1324 2017 1441 2058 coegit.

108 2074 270 2112 disposita
284 2073 531 2104 Vitellianarum
546 2071 709 2111 legionum
724 2070 809 2101 acies
821 2069 890 2100 sine
904 2067 1122 2108 trepidatione
1145 2075 1153 2097 ε
1167 2066 1286 2098 etenim
1297 2090 1306 2105 ,
1329 2072 1440 2105 quam-

108 2130 207 2160 quam
228 2121 333 2152 vicino
349 2121 441 2152 hoste
452 2144 461 2160 ‚
477 2121 629 2160 aspectus
643 2126 810 2149 armorum
822 2115 930 2147 densis
946 2114 1085 2146 arbustis
1098 2112 1339 2154 prohibebatur.
1354 2111 1448 2153 apudv

139 2224 263 2249 XXXlX.
279 2229 298 2247 i.
312 2226 354 2248 Sc.
369 2223 497 2253 lapidem,
513 2225 676 2247 Cremonam
690 2225 854 2245 versus.-2.
869 2221 909 2244 De
920 2219 983 2243 loco
995 2223 1091 2248 pugnae
1102 2217 1281 2246 potissimum.

140 2261 194 2284 XL.
210 2265 230 2283 i.
245 2263 281 2282 Ac
301 2261 323 2282 si
339 2265 371 2282 ex
385 2259 455 2283 Urbe
470 2260 503 2283 ad
518 2258 677 2283 bellandum
688 2256 940 2286 proficiscerentur,
953 2254 1101 2283 longinquo
1114 2253 1206 2281 noste;
1222 2252 1296 2276 nullo
1310 2254 1389 2277 erant
1404 2253 1437 2278 ad

111 2301 229 2326 pugnam
245 2296 343 2318 idoneo
356 2296 497 2324 apparatu.
513 2300 564 2318 nec
580 2293 708 2323 expedita·
724 2292 797 2324 (sine
810 2291 944 2318 sarcinis).
957 2291 987 2313 ut
1003 2287 1141 2312 Vitelliani
1158 2293 1181 2311 c.
1199 2288 1438 2313 ⁴1⁵.—⁴2.<Ex1›servts

110 2332 231 2356 Othonis.
249 2331 351 2353 seneca
370 2331 452 2359 Epist.
468 2335 508 2353 ¹23
523 2337 528 2352 ;
542 2329 669 2353 ‹oOinnes
680 2329 736 2358 jam
754 2328 793 2351 sic
809 2325 1076 2356 peregrinantur-yut
1096 2323 1158 2347 illos
1178 2322 1361 2347 Numidarum¹
1374 2329 1438 2354 prae-

114 2368 209 2391 currat
221 2366 368 2393 equitatus,
383 2367 414 2388 ut
425 2371 524 2394 agmen
538 2370 684 2388 cursorum
699 2362 863 2387 antecedas
873 2370 887 2381 ν»

140 2402 207 2426 XLI.
225 2406 243 2424 i.
263 2400 295 2424 Ut
308 2400 400 2428 Virgii.
412 2400 478 2424 AEn.
494 2400 582 2430 Ἥκω
592 2405 599 2422 i
611 2393 1289 2428 Irnpvciweretaymtnmmurisi'rrujanaAchilles.
