1539 2668
478 150 516 180 A.
539 150 577 180 U.
600 146 638 178 C.
663 147 737 180 811.
761 149 798 179 A.
822 149 858 179 C.
882 149 935 179 58.
1313 152 1373 183 205

48 229 159 263 ambos
177 227 328 268 donavit,
345 227 475 259 Frisios
491 224 651 257 decedere
667 226 762 265 ayris
776 223 884 264 jussit,
907 227 1004 264 atque
1017 221 1083 255 illis
1103 225 1350 264 aspernantibus
1361 250 1373 267 ‚

46 276 210 308 auxiliaris
225 284 325 316 eques
339 276 469 315 repente
481 271 648 304 immissus
665 271 891 304 necessitatem
909 270 1041 311 attulit,
1053 270 1160 312 captis
1173 273 1304 306 caesisve
1317 274 1373 315 qui

46 323 246 363 pervicacius
260 323 452 354 restiterant.

87 375 148 402 LV.
168 371 301 402 Eosdem
317 378 408 410 agros
416 368 609 409 Ampsivarii
619 376 818 408 occupavere
829 391 838 407 ‚
854 366 993 399 validior
1009 375 1087 407 gens
1098 391 1106 407 ‚
1121 376 1187 399 non
1201 368 1297 400 modo
1314 378 1373 401 sua

44 418 137 458 copia
150 443 158 457 ,
180 419 236 450 sed
253 417 467 458 adjacentium
484 415 677 456 populorum
695 415 905 448 miseratione
916 438 925 454 ,
951 414 1027 455 quia
1042 414 1126 455 pulsi
1150 424 1168 447 a
1184 415 1321 448 Chaucis
1342 418 1375 449 et

43 466 127 497 sedis
146 466 255 506 inopes
273 467 378 496 tutum
392 464 542 495 exsilium
556 464 703 495 orabant.
719 463 893 504 aderatque
909 462 968 494 iis¹
984 462 1091 494 clarus
1104 472 1161 503 per
1177 463 1248 496 illas
1262 464 1373 504 gentes

42 515 74 544 et
91 513 182 544 nobis
198 521 327 553 quoque
341 511 423 543 fidus
436 537 445 551 ‚
460 512 591 543 nomine
609 511 775 543 Boiocalus
788 536 799 550 ,
830 524 846 538 «
864 511 1011 542 vinctum
1037 519 1071 542 se
1097 510 1269 542 rebellione
1294 511 1372 543 Clie-

44 572 60 586 «
79 568 172 591 rusca
190 559 202 577 ²
224 561 317 599 jussu
340 559 502 591 Arminii»
521 559 680 598 reserens,
704 571 719 586 «
737 568 813 589 mox
833 558 960 589 Tiberio
975 559 1006 589 et
1023 558 1211 590 Germanico
1224 558 1366 589 ducibus

44 618 59 632 «
78 606 239 646 stipendia
262 606 439 645 meruisse3
464 608 496 639 et
512 606 746 647 quinquaginta
767 615 926 637 annorum
946 605 1103 645 obsequio
1121 606 1153 637 id
1169 614 1298 646 quoque
1314 605 1373 636 ad·

44 665 59 679 «
74 653 225 693 jungere,
247 654 334 694 quod
349 656 477 694 gentem
495 663 587 686 suam
604 653 721 685 ditioni
747 656 867 685 nostrae
883 653 1068 692 subjiceret.
1100 656 1233 693 quotam
1249 655 1374 694 partem

42 701 179 741 «campi
201 703 328 742 jacere,
358 702 390 733 in
413 712 511 742 quam
538 711 656 742 pecora
673 704 705 733 et
732 705 878 733 armenta
904 701 1043 732 militum
1072 700 1244 742 aliquando
1271 703 1374 732 trans-

43 761 59 775 α
75 748 316 780 mitterentur3?
331 751 500 781 servarent
527 758 603 780 sane
620 750 766 789 receptos
779 749 929 789 gregibus
943 749 1026 780 inter
1041 749 1210 779 hominum
1224 747 1373 785 samam&

44 808 59 822 ιι
78 795 174 826 modo
192 805 231 827 ne
251 796 436 827 vastitatem
453 799 484 828 et
506 797 714 827 solitudinem
730 796 863 827 mallent
875 806 973 836 quam
988 797 1108 827 amicos
1124 796 1271 836 populos.
1296 796 1375 828 Clia-

43 854 58 868 «ι
77 851 245 874 marorum
263 844 425 883 quondam
441 853 478 875 ea
491 852 568 875 arva
580 867 588 881 ‚
613 853 686 874 mox
713 843 899 875 Tubantum
915 844 949 874 'et
969 846 1041 882 post
1058 844 1241 883 Usipiorum
1265 844 1372 874 fuisse.

43 902 57 915 «
76 889 168 920 sicuti
184 891 299 921 cofflum
315 891 393 929 diis,
409 891 454 922 ita
470 894 571 922 terras
586 891 693 930 generi
707 891 890 921 mortalium
905 889 996 921 datas
1010 902 1017 927 ς
1031 900 1170 931 quaeque
1184 900 1307 928 vacuae,
1322 899 1376 921 eas

44 948 57 962 «ι
76 936 219 976 publicas
235 947 314 968 esse.
329 951 343 964 »
359 939 457 969 solem
475 938 590 969 deiude
606 938 766 978 aspiciens
792 939 824 970 et
849 939 956 969 cetera
985 937 1090 969 sidera
1114 947 1233 969 vocans
1245 962 1253 976 ,
1279 937 1373 977 quasi

41 990 147 1015 coram
165 985 392 1025 interrogabat,
412 998 426 1013 «
442 986 585 1017 velintne
606 986 751 1017 contueri
767 986 862 1017 inane
885 986 1010 1017 solum?
1029 986 1137 1026 potius
1155 994 1242 1016 mare
1260 993 1374 1024 super·

43 1042 58 1056 ⁴<
76 1030 249 1063 funderent
267 1033 421 1063 adversus
443 1035 602 1064 terrarum
623 1035 798 1074 ereptores.
818 1045 834 1061 n

82 1081 159 1110 LVI.
185 1082 222 1111 Et
237 1083 420 1112 commotus
438 1081 487 1111 liis
504 1081 635 1120 Avitus,
664 1094 678 1107 ι(
695 1080 847 1121 patienda
863 1081 1033 1112 meliorum
1052 1080 1057 1097 ¹
1080 1080 1212 1119 imperia
1231 1090 1237 1110 :
1254 1080 1283 1111 id
1301 1078 1374 1117 diis,

44 1135 158 1167 «quos
185 1127 417 1166 implorarent,
445 1128 622 1167 placitum,
644 1130 681 1159 ut
707 1128 877 1158 arbitrium
904 1137 1001 1168 penes
1028 1132 1191 1158 Romanos
1211 1127 1373 1164 maneret,

44 1188 58 1201 «ι
77 1173 154 1214 quid
172 1173 302 1213 darent,
324 1174 401 1213 quid
421 1174 620 1214 adimerent,
641 1184 743 1214 neque
760 1175 838 1205 alios
852 1174 979 1213 judices
999 1183 1095 1214 quam
1120 1183 1154 1205 se
1177 1174 1263 1214 ipsos
1288 1174 1375 1214 patc-

42 1236 56 1246 «
75 1222 202 1259 rentur,
219 1234 233 1247 ιι
251 1221 320 1252 liaec
331 1221 362 1251 in
372 1220 537 1261 pubiicum
546 1222 754 1261 Ampsivariis
770 1221 952 1261 respondit,
968 1222 1025 1260 ipsi
1045 1221 1191 1252 Boiocalo
1205 1221 1244 1252 ol)
1256 1229 1378 1252 memo-

42 1270 131 1299 riam
155 1270 317 1299 anticilice
334 1268 505 1300 daturum
519 1278 631 1309 (zqros.
658 1268 742 1308 quod
763 1268 815 1299 ille
839 1272 873 1299 ut
888 1268 1080 1308 proditionis
1105 1268 1243 1308 pretium
1270 1277 1376 1308 asper·

40 1316 153 1353 natus,
172 1314 309 1353 addidit,
335 1318 456 1346 Deesse
473 1315 567 1347 nobis
594 1317 691 1346 terra
705 1340 715 1354 ,
743 1316 800 1346 ubi
820 1317 996 1355 vivamus,
1026 1317 1059 1347 in
1079 1325 1148 1356 qua
1168 1317 1373 1353 moriamur,

41 1370 105 1393 non
119 1363 243 1401 polest.
266 1364 362 1401 atque
378 1362 423 1392 ita
440 1362 574 1393 intensis
588 1362 753 1401 utrimque
770 1362 886 1393 animis
901 1362 1088 1393 discessum.
1119 1362 1166 1393 Illi
1186 1363 1354 1393 Bructeros
1365 1383 1373 1398 ‚

41 1410 211 1439 Tencteros
223 1432 230 1446 ,
254 1409 420 1440 ulteriores
435 1409 532 1440 etiam
551 1410 695 1440 nationes
712 1410 816 1440 socias
830 1409 912 1440 bello
931 1409 1099 1440 vocabant.
1118 1410 1235 1440 Avitus
1255 1410 1376 1449 scripto

41 1455 79 1486 ad
95 1455 263 1486 Curtilium
280 1456 437 1487 Manciam
448 1481 456 1495 ,
476 1456 651 1496 superioris
663 1456 673 1473 ²
692 1456 852 1488 exercitus
868 1457 1071 1496 legatiumzct
1086 1456 1244 1488 Rhenum
1259 1458 1373 1488 trans-

41 1510 193 1541 qresszcs,
212 1512 313 1533 arma
337 1512 359 1534 (ι
375 1505 469 1543 {erqo
494 1503 705 1541 ostenderet,
730 1504 797 1543 ipse.
824 1504 965 1543 legiones
996 1504 1026 1534 in
1050 1513 1161 1543 agrum
1181 1507 1373 1534 Tencterum

42 1548 184 1587 induxit,
207 1550 316 1581 «1-ςί(ῖὲ
324 1559 382 1581 um
398 1550 555 1581 minitans
568 1574 576 1589 ,
595 1552 659 1581 nisi
675 1558 820 1581 eausam
833 1559 935 1582 suam
949 1550 1185 1582 dissociarent.
1211 1551 1308 1590 igitur
1325 1550 1375 1581 ab·

43 1595 231 1627 sistentibus
250 1597 312 1635 liis,
340 1597 405 1637 pari
425 1600 512 1628 metu
528 1597 672 1628 exterriti
695 1597 848 1637 Bructeri,
863 1600 908 1637 et,
928 1598 1041 1629 ceteris
1059 1607 1188 1637 quoque
1208 1598 1312 1628 aliena
1323 1606 1374 1638 pe-

42 1643 141 1674 ricula
158 1643 406 1675 defendentibus
424 1644 450 1683 ³,
470 1644 536 1675 sola
553 1644 834 1684 Ampsivariorum
851 1653 928 1684 gens
946 1647 1030 1676 retro
1056 1645 1095 1675 ad
1123 1645 1248 1684 Usipios
1261 1648 1294 1676 et
1309 1649 1373 1676 Tu-

41 1689 155 1721 bantes
179 1691 346 1722 concessit.
373 1700 513 1731 quorum
529 1692 622 1722 terris
646 1691 774 1727 exacti,
798 1700 899 1726 quum
926 1691 1177 1731 Cliattossdein
1198 1692 1376 1723 Cheruscos

41 1736 215 1778 petissent,
234 1746 342 1768 errore
356 1737 451 1777 longo
465 1761 473 1776 ‚
500 1738 663 1778 hospites,
680 1747 792 1778 egem,
811 1740 938 1778 hostes,
956 1742 988 1770 in
1009 1739 1133 1779 alieno,
1156 1739 1243 1779 quod
1261 1739 1376 1779 juven·

41 1786 120 1816 tutis
133 1786 202 1815 erat
217 1808 225 1823 ,
246 1784 437 1823 caeduntur3
461 1783 695 1816 imbellis‘aetas
713 1786 746 1815 in
763 1785 906 1824 praedam
924 1785 1029 1816 divisa
1043 1788 1101 1817 est.

84 1834 176 1862 LVII.
198 1831 315 1862 Eadem
344 1833 456 1862 aestate
481 1831 564 1862 inter
582 1831 827 1862 Hermunduros
850 1832 1049 1871 Chattosque
1077 1835 1235 1864 certatum
1258 1842 1375 1872 magno

43 1878 174 1919 proelio,
193 1878 272 1909 dum
301 1877 418 1908 [lumen
435 1877 594 1917 gignendo
619 1877 684 1908 sale
710 1877 887 1908 fecundum
904 1881 936 1909 et
962 1879 1227 1910 conterminum¹
1254 1880 1286 1910 vi
1314 1882 1375 1910 tra-

46 1926 125 1956 liunt
141 1924 167 1964 ²,
186 1933 283 1965 super
297 1923 462 1955 libidinem
482 1926 600 1955 cuncta
622 1924 720 1954 armis
740 1924 854 1963 agendi
876 1924 1027 1964 religione
1048 1925 1163 1963 insita,
1191 1938 1206 1952 «
1224 1933 1280 1956 eos
1305 1934 1374 1956 ma-

47 1986 61 1999 «
81 1972 164 2004 xime
190 1972 276 2003 locos
298 1971 518 2012 propinquare
542 1970 646 2002 coelo³
672 1980 848 2012 precesque
874 1972 1063 2003 mortalium
1089 1981 1107 2003 a
1125 1972 1193 2003 deis
1212 1982 1374 2013 nusquam

72 2085 126 2108 LV.
142 2088 162 2107 ι.
180 2084 279 2107 Eorum
300 2087 410 2106 causam
434 2081 544 2111 agebat,
559 2082 691 2111 tanquam
716 2082 859 2111 patronus,
873 2082 919 2111 qui
942 2082 1051 2112 proprie
1078 2082 1206 2106 dicuntur
1224 2083 1321 2108 adesse
1342 2085 1374 2108 iis

45 2125 112 2149 quos
125 2118 341 2142 defendunt.—2.
352 2118 390 2142 Ex
405 2123 456 2147 qua
469 2118 585 2141 Variana
600 2117 754 2141 clades—3.
773 2117 856 2141 valde
868 2123 980 2147 parvam
1001 2119 1105 2148 partem
1127 2118 1215 2147 campi
1229 2119 1292 2148 ipsis
1311 2120 1372 2143 inu-

44 2155 119 2179 tuem
139 2153 215 2177 reddi
228 2153 391 2177 transmissis
401 2158 432 2176 ex
446 2152 533 2176 altera
546 2153 601 2182 ripa
619 2152 704 2177 Rheni
721 2152 749 2176 in
768 2158 826 2176 eam
840 2152 985 2182 pecoribus
1013 2153 1137 2182 militum,
1154 2159 1242 2183 neque
1256 2160 1372 2184 semper,

44 2190 92 2214 sed
115 2188 282 2218 aliquando.
303 2200 332 2205 —
345 2192 369 2211 ⁴.
399 2188 545 2212 servarent
558 2189 671 2212 Romani
686 2188 869 2217 Ampsivarios
894 2189 971 2213 inter
990 2188 1139 2213 hominum
1155 2188 1279 2219 samam,
1302 2190 1374 2214 inter

45 2230 92 2250 eos
103 2222 218 2253 populos
241 2222 274 2246 de
285 2222 382 2252 quibus
406 2222 530 2247 homines
548 2224 621 2247 inter
639 2230 668 2247 se
689 2223 848 2252 loquuntur,
867 2223 940 2248 inter
962 2224 1078 2254 populos
1091 2225 1137 2254 qui
1154 2226 1270 2254 exstant,
1293 2230 1371 2249 suum

46 2263 145 2283 nomen
159 2259 265 2287 gerunt,
279 2263 440 2287 quamquam
455 2263 509 2282 non
522 2257 611 2282 daturi
629 2263 708 2287 agros
718 2259 851 2288 proprios,
865 2260 941 2283 certe
954 2260 1119 2289 recipientes
1130 2265 1176 2283 eos
1190 2260 1262 2283 inter
1274 2265 1372 2289 greges

46 2299 118 2322 suos,
131 2298 177 2317 eos
196 2297 276 2322 agros
289 2292 477 2322 concedendo,
486 2298 602 2322 quorum
616 2299 679 2322 pars
693 2294 788 2323 exigua
802 2299 817 2317 a
827 2294 1083 2325 gregibusflmilitum
1094 2296 1277 2319 Romanorum
1292 2295 1373 2325 depa-

46 2329 139 2352 scitur.

77 2363 141 2387 LVI.
156 2368 175 2386 i.
191 2362 414 2387 Potentiorum-
427 2367 451 2386 2.
464 2363 496 2387 ln
513 2364 655 2393 superiore
667 2365 813 2389 Germania
822 2364 966 2395 posim—5.
981 2365 1022 2390 Ab
1036 2372 1065 2390 se
1079 2365 1248 2390 arcentibus.

77 2393 152 2416 Lvll.
168 2397 188 2415 ι.
202 2392 364 2421 ὃαίαπη,ενει
374 2393 541 2421 saxonicam,
552 2393 595 2417 vel
608 2394 813 2419 Franconicam.
832 2407 862 2413 —
874 2399 897 2419 2.
907 2395 950 2420 Sc.
962 2395 997 2420 ad
1016 2401 1046 2420 se
1060 2402 1066 2420 ε
1080 2396 1132 2420 sibi
1149 2396 1266 2420 invicem
1286 2395 1373 2420 vindi-

49 2429 173 2452 cant.--.·..
191 2428 257 2452 Num
269 2427 331 2451 sunt
343 2428 464 2452 montani
480 2429 507 2453 et
520 2427 640 2453 saltuosi.
