1539 2668
139 217 199 247 400
505 211 637 241 TAct‘rl
660 211 936 240 HISTOntARUM
959 212 1030 240 LIB.
1055 212 1109 240 IV.

139 290 252 322 deinde
269 289 300 320 in
316 288 423 328 partes
435 284 624 325 Vespasiani
640 286 851 324 transgressa.
871 286 1008 325 praeerat
1022 285 1125 316 Julius
1141 285 1342 324 Briganticus
1356 295 1463 319 sorore

139 337 249 368 Civilis
267 335 395 375 genitus
411 358 418 373 ,
437 335 474 363 ut
494 333 593 363 ferme
609 335 765 363 acerrima
787 333 1010 372 proximorum
1025 331 1098 363 odia
1114 335 1208 371 sunt,
1225 333 1348 363 invisus
1363 342 1462 364 avun-

139 385 212 415 culo
228 383 448 420 infensusque.
466 382 567 410 Tutor
583 383 798 410 Treverorum
818 379 928 419 copias
942 404 950 418 ‚
974 380 1095 410 recenti
1115 380 1337 418 vangionum,
1357 385 1464 411 Caera-

138 432 268 468 catium,
284 429 494 460 Tribocorum
510 426 633 456 delectu
649 429 772 465 auctas,
787 429 940 457 veterano
955 427 1063 467 pedite
1077 428 1173 466 atque
1188 427 1295 466 equite
1312 427 1464 464 firmavit,

139 477 298 518 corruptis
316 485 371 516 spe
396 476 452 505 aut
478 475 567 504 metu
589 473 733 504 subactis
757 474 964 513 legionariis3
989 473 1045 513 qui
1069 474 1172 513 primo
1197 475 1361 504 cohortem
1387 482 1465 514 prae·

139 527 268 558 missam
288 534 305 555 a
322 521 454 554 sextilio
468 521 574 551 Felice
593 520 904 560 inte1·ticiunt,mox
923 520 978 551 ubi
997 520 1094 551 duces
1110 521 1336 560 exercitusque
1353 525 1465 552 Roma-

139 582 201 605 nus
221 568 498 612 propinquabant,
519 569 654 599 honesto
671 568 852 607 transfugio
869 568 1020 606 rediere,
1039 569 1157 598 secutis
1172 568 1317 599 Tribocis
1332 567 1467 607 Vangio·

139 621 194 652 uil.
198 627 298 658 usque
315 620 346 647 et
361 615 593 647 Οαιᾶαιῑίὴυ5.
606 618 707 645 Tuto·
719 619 800 646 '·r1ev
805 616 867 646 eris
882 614 1123 653 comitantibus,
1140 615 1240 646 vitato
1254 620 1294 646 M
1296 626 1311 644 ι
1306 614 1402 650 onti
1396 623 1467 654 ico,

139 666 217 705 Bin<O
209 666 285 695 ium
313 663 493 700 concessit,
515 662 616 693 ti‹l‹ns
640 663 730 701 loco,
755 663 832 702 quia
853 665 984 702 pontem
1002 665 1100 692 Nava}
1118 662 1257 692 fluminis
1279 639 1467 701 alimperaftt

139 713 193 744 sed
217 712 349 743 incursu
372 709 558 741 cohortium
576 719 656 749 quas
673 710 829 740 Sextilius
847 709 1008 746 ducebat,
1031 712 1061 739 et
1076 712 1205 748 reperto
1222 708 1303 739 vado
1323 718 1378 748 pro
1370 708 1467 738 ditus

140 759 307 799 fususque.
334 767 370 789 ea
394 756 484 788 clade
508 756 648 796 perculsi
671 756 801 787 'rtcvcri
816 780 824 794 ,
845 757 877 787 et
896 755 1006 795 plebes
1024 755 1155 786 omissis
1173 756 1271 786 armis
1296 765 1351 795 per
1376 762 1467 793 agros

139 807 264 846 palatur
282 815 288 836 z
305 805 434 845 quidam
453 803 636 845 principum
649 828 659 843 ‚
678 806 713 834 ut
731 804 829 843 primi
847 803 995 843 posuisse
1012 802 1131 834 bellum
1150 803 1351 840 viderentur,
1372 802 1402 832 in
1420 800 1466 831 ci-

143 854 254 884 vitates
273 861 346 892 quae
363 853 554 882 societatem
569 856 746 882 Romanam
770 859 834 881 non
856 851 1036 889 exuerant,
1053 851 1275 890 pei-sugerunt.
1295 850 1433 889 legiones
1449 857 1467 879 a

140 900 276 932 Novesio
300 904 470 938 Bonnaque
492 899 525 929 in
546 902 704 929 Treveros
718 921 726 936 ,
755 899 791 928 ut
814 897 933 937 supra³
958 897 1235 936 memoravimus,
1252 897 1412 928 traductae
1433 902 1467 925 se

140 949 218 988 ipsae
233 948 264 978 in
286 947 383 978 verba
400 945 590 985 Vespasiani
612 945 759 984 adigunt.
786 944 855 975 llaec
868 944 1041 975 Valentino
1062 944 1195 975 absente
1210 946 1320 984 gesta3
1339 944 1393 983 qui
1412 942 1467 973 ubi

140 995 335 1027 adventabat
362 994 469 1024 furens
488 996 669 1032 cunctaque
694 1001 806 1023 rursus
828 992 860 1022 in
887 991 997 1022 turbas
1021 992 1053 1022 ct
1073 992 1208 1022 exitium
1231 999 1465 1030 conversurus,

140 1042 278 1082 legione:
302 1042 333 1072 in
361 1039 617 1071 Mediomatricos
630 1064 637 1078 ‚
660 1040 780 1070 sociam
797 1039 963 1069 civitatem
978 1063 986 1077 ‚
1006 1038 1203 1069 abscessere.
1218 1038 1406 1069 Valentinus
1429 1046 1466 1069 ac

140 1094 240 1122 Tutor
259 1090 289 1120 iu
305 1098 339 1119 ar
343 1098 393 1119 ma
410 1090 493 1119 Tiex
497 1097 567 1119 eros
582 1088 772 1125 retrabunt,
789 1087 905 1117 occisis
919 1086 1082 1117 Herennio
1096 1095 1135 1116 an
1151 1086 1296 1117 Numisio
1313 1086 1424 1125 legatis
1437 1085 1464 1124 ⁴,

140 1148 203 1180 quo
221 1138 345 1167 minore
363 1144 417 1174 spe
432 1135 534 1165 xeniae
552 1137 710 1165 cresceret
726 1133 893 1164 vinculum
908 1133 1051 1164 sceleris.

180 1188 282 1215 LXXI
309 1183 367 1213 Hic
385 1182 457 1213 belli
476 1183 580 1212 status
597 1183 684 1220 erat,
703 1190 804 1221 quum
819 1181 951 1211 Petilius
968 1180 1099 1211 Cerialis
1115 1179 1352 1219 magontiacum
1366 1178 1465 1210 venit.

139 1232 207 1270 ‹jus
231 1230 370 1261 adventu
394 1231 512 1260 erectae
535 1237 616 1268 spes.
637 1228 703 1268 ipse
725 1237 839 1268 pugnae
864 1228 980 1258 avidus
997 1229 1028 1258 et
1045 1226 1288 1258 contemnendis
1305 1234 1402 1266 quam
1421 1234 1468 1256 ca-

140 1278 253 1310 vendis
277 1277 423 1307 hostibus
447 1276 575 1315 melior,
597 1275 715 1306 t'erocia
736 1275 909 1306 verborum
931 1275 1068 1305 militem
1086 1273 1301 1312 incendebat,
1330 1272 1383 1303 ubi
1405 1273 1466 1313 pri-

140 1333 227 1355 mum
244 1323 393 1363 congredi
409 1322 572 1362 licuisset,
595 1322 715 1353 nullam
733 1322 848 1362 proelio
865 1331 990 1353 moram
1007 1323 1159 1352 facturus.
1175 1321 1317 1351 delectus
1332 1329 1387 1359 per
1398 1320 1465 1351 cal-

139 1371 214 1403 liam
239 1372 366 1402 habitos
391 1371 424 1400 in
447 1370 597 1401 civitates
616 1369 776 1408 remittit,
803 1378 840 1400 ac
867 1369 1016 1400 nuntiare
1034 1368 1126 1409 jubet
1148 1368 1306 1408 sufficere
1326 1367 1468 1406 ‘imperio

140 1419 285 1458 temones
303 1430 312 1450 .·
331 1419 412 1449 socii
429 1417 476 1448 ad
496 1419 618 1448 munia
634 1419 731 1456 pacis
746 1416 904 1447 redirent
918 1440 927 1455 ,
945 1417 1058 1446 securi
1076 1416 1172 1447 velat
1188 1414 1340 1453 consecto
1358 1413 1444 1444 bello
1457 1437 1466 1452 ‚

138 1466 230 1506 quod
254 1469 420 1497 ltomame
445 1473 570 1495 monus
593 1465 815 1503 excepissent,
836 1463 928 1494 auxit
944 1472 980 1494 ea
998 1472 1048 1494 res
1068 1463 1229 1495 Gallorum
1248 1460 1437 1500 obsequium
1457 1469 1465 1490 :

139 1523 212 1545 nam
236 1516 363 1553 recepta
385 1512 560 1551 juventute
587 1511 714 1542 facilius
736 1511 862 1541 tributa
889 1511 1085 1547 toleravere,
1104 1510 1270 1550 proniores
1285 1508 1323 1539 ad
1342 1508 1465 1545 cilicia,

139 1561 223 1600 quod
248 1559 494 1600 spernebantur.
515 1562 547 1589 at
563 1558 677 1590 Civilis
696 1561 728 1589 et
745 1559 905 1589 Classicus
921 1558 976 1588 ubi
989 1557 1135 1597 pulsum
1160 1558 1320 1588 Tutorem
1332 1576 1341 1590 ‚
1364 1563 1468 1585 ccesos

143 1610 303 1639 Treveros
316 1632 323 1645 ,
341 1609 467 1638 cuncta
484 1606 637 1637 hostibus
650 1613 823 1644 prospera
843 1613 994 1644 accepere
1007 1628 1015 1643 ,
1038 1603 1156 1643 trepidi
1179 1612 1216 1633 ac
1239 1602 1464 1642 properantes,

138 1655 213 1686 dum
234 1655 395 1694 dispersas
419 1662 553 1684 suorum
571 1653 679 1692 copias
696 1652 902 1690 conducunt,
918 1651 1039 1682 crebris
1062 1650 1191 1681 interim
1210 1649 1333 1680 mintiis
1349 1647 1466 1679 Valen-

139 1702 242 1733 tinum
262 1710 415 1732 monuere
435 1709 476 1731 ηε
494 1708 638 1731 summae
653 1702 701 1730 roe·
714 1699 911 1738 periculum
920 1698 1073 1737 faceret.
1093 1706 1131 1728 eo
1156 1697 1298 1736 rapidius
1314 1695 1465 1733 Cerialis,

138 1750 246 1780 missis
264 1750 296 1779 in
312 1747 569 1779 Mediomatricos
585 1747 639 1786 qui
656 1746 801 1777 breviore
820 1746 933 1776 itinere
949 1746 1089 1784 legiones
1104 1744 1135 1774 in
1152 1744 1276 1774 bostem
1291 1745 1465 1780 verterent,

137 1798 303 1827 mnu-acto
318 1795 402 1836 quod
418 1798 487 1825 erat
504 1794 647 1825 militum
662 1793 853 1833 Magontiaci
870 1794 1093 1832 quantumque
1107 1799 1216 1822 secum
1232 1792 1466 1827 transvexerat,

138 1844 244 1874 tertiis
260 1843 373 1874 castris
393 1841 589 1881 Rigodulum
611 1841 716 1880 venit3
736 1849 834 1880 quem
862 1840 970 1871 locum
994 1848 1111 1878 magna
1135 1842 1348 1869 Treverorum
1369 1845 1464 1867 manu

137 1892 324 1922 Valentinus
340 1889 506 1921 insedebat
520 1913 529 1928 ,
548 1888 715 1919 montibus
730 1890 785 1918 aut
801 1888 950 1918 Mosella¹
976 1895 1071 1917 amne
1089 1888 1229 1925 septum.
1253 1886 1285 1916 et
1301 1884 1467 1915 addiderat

138 1938 237 1970 fossas
251 1938 423 1977 obicesque
437 1945 600 1968 saxorum.
618 1945 676 1966 nec
689 1935 876 1966 deterruere
890 1944 926 1965 ea
940 1934 1142 1965 munimenta
1154 1937 1336 1963 Romanum
1351 1932 1465 1962 ducem

137 1986 312 2026 quominus
332 1985 471 2025 peditem
487 1992 695 2024 perrumpere
711 1982 850 2022 juberet,
866 1983 1010 2021 equitum
1027 1980 1127 2011 aciem
1142 1980 1174 2011 in
1189 1980 1301 2011 collem
1315 1980 1464 2019 erigeret,

138 2036 245 2073 spreto
263 2034 353 2063 lioste
367 2056 375 2070 ‚
394 2040 492 2071 quem
517 2032 638 2062 temere
656 2030 828 2060 collectum
849 2028 932 2059 baud
958 2028 1003 2059 ita
1020 2028 1092 2058 loco
1108 2027 1237 2067 juvari,
1257 2029 1293 2058 ut
1311 2036 1373 2057 non
1395 2027 1466 2066 plus

136 2080 203 2110 suis
220 2081 249 2110 in
266 2080 385 2110 virtute
400 2079 493 2109 t'oret.
509 2077 641 2118 paulum
657 2085 755 2107 morae
770 2077 801 2107 in
817 2085 951 2107 ascensu
965 2100 973 2114 ,
989 2075 1068 2105 dum
1084 2074 1213 2104 missilia
1228 2074 1369 2105 hostium
1386 2082 1463 2113 prze-

139 2128 300 2158 velmntur
313 2126 323 2144 ²
343 2136 349 2156 :
371 2127 405 2157 ut
420 2127 553 2157 ventum
571 2125 603 2154 in
621 2123 774 2163 mauus³,
789 2122 952 2154 deturbati
971 2122 1072 2152 ruinae
1090 2121 1188 2151 modo
1206 2121 1461 2161 praecipitantur.

139 2175 170 2204 et
186 2183 257 2213 pars
271 2174 418 2213 equiturn
442 2171 642 2212 aequioribus
656 2171 742 2211 jugis
759 2171 980 2201 circumvecta
994 2168 1212 2200 nobilissimos
1229 2168 1412 2207 Belgarum,
1430 2167 1463 2198 in

139 2222 210 2258 quis
227 2221 344 2252 ducem
362 2220 569 2252 Valentinum
583 2243 592 2257 ,
610 2218 705 2258 cepit.

139 2325 264 2355 quentior
278 2331 371 2348 corum
393 2326 520 2349 memoria
535 2326 577 2349 est
595 2325 622 2348 in
643 2323 872 2353 inscriptionibus.
884 2335 910 2340 -
925 2327 949 2345 r..
967 2322 1028 2351 Cap.
1043 2326 1081 2344 62.
1092 2332 1120 2336 -
1131 2325 1151 2343 4.
1168 2321 1196 2344 ln
1210 2319 1318 2343 vincula
1330 2319 1463 2348 conjecus

141 2368 220 2391 supra
233 2367 256 2383 c.
269 2366 305 2383 aa.

169 2398 259 2423 Lxxt.
278 2404 299 2421 i.
319 2398 376 2421 Alio
390 2398 449 2421 loco
465 2398 609 2424 montibus,
627 2397 679 2420 alio
695 2396 886 2420 Mos‹=lla.—2.
904 2393 1158 2422 praetervehuntur,
1176 2393 1207 2417 ut
1220 2397 1291 2421 saepe
1304 2392 1422 2415 Tacitus,
1434 2402 1462 2408 —

138 2438 163 2458 5.
178 2434 229 2459 Pro
245 2433 358 2463 vulgari,
373 2433 407 2456 ad
425 2439 527 2462 ritanus,
547 2439 676 2462 pugnaui.
