<?xml version="1.0" encoding="UTF-8"?>
<!DOCTYPE html PUBLIC "-//W3C//DTD XHTML 1.0 Transitional//EN"
    "http://www.w3.org/TR/xhtml1/DTD/xhtml1-transitional.dtd">
<html xmlns="http://www.w3.org/1999/xhtml" xml:lang="en" lang="en">
 <head>
  <title>
</title>
<meta http-equiv="Content-Type" content="text/html;charset=utf-8" />
  <meta name='ocr-system' content='tesseract 3.04.00' />
  <meta name='ocr-capabilities' content='ocr_page ocr_carea ocr_par ocr_line ocrx_word'/>
</head>
<body>
  <div class='ocr_page' id='page_1' title='image "./operaquaesupersu00taciuoft_0143.png"; bbox 0 0 1539 2668; ppageno 0'>
   <div class='ocr_carea' id='block_1_1' title="bbox 502 181 1382 212">
    <p class='ocr_par' dir='ltr' id='par_1_1' title="bbox 502 181 1382 212">
     <span class='ocr_line' id='line_1_1' title="bbox 502 181 1382 212; baseline 0.001 -1"><span class='ocrx_word' id='word_1_1' title='bbox 502 181 539 211; x_wconf 70' lang='lat' dir='ltr'>A.</span> <span class='ocrx_word' id='word_1_2' title='bbox 561 181 600 211; x_wconf 90' lang='lat' dir='ltr'>U.</span> <span class='ocrx_word' id='word_1_3' title='bbox 624 181 659 211; x_wconf 86' lang='lat' dir='ltr'>C.</span> <span class='ocrx_word' id='word_1_4' title='bbox 684 181 756 212; x_wconf 87' lang='lat'><strong>779.</strong></span> <span class='ocrx_word' id='word_1_5' title='bbox 779 181 816 211; x_wconf 79' lang='lat' dir='ltr'>A.</span> <span class='ocrx_word' id='word_1_6' title='bbox 838 181 874 211; x_wconf 94' lang='lat' dir='ltr'>C.</span> <span class='ocrx_word' id='word_1_7' title='bbox 898 182 950 212; x_wconf 80' lang='lat'>26.</span> <span class='ocrx_word' id='word_1_8' title='bbox 1328 182 1382 212; x_wconf 88' lang='lat'>111</span> 
     </span>
    </p>
   </div>
   <div class='ocr_carea' id='block_1_2' title="bbox 66 254 1397 2405">
    <p class='ocr_par' dir='ltr' id='par_1_2' title="bbox 66 254 1392 767">
     <span class='ocr_line' id='line_1_2' title="bbox 67 254 1386 299; baseline -0.002 -8"><span class='ocrx_word' id='word_1_9' title='bbox 67 259 164 299; x_wconf 87' lang='lat' dir='ltr'>atque</span> <span class='ocrx_word' id='word_1_10' title='bbox 175 266 214 290; x_wconf 90' lang='lat' dir='ltr'>eo</span> <span class='ocrx_word' id='word_1_11' title='bbox 226 257 364 289; x_wconf 82' lang='lat' dir='ltr'>ferocius</span> <span class='ocrx_word' id='word_1_12' title='bbox 380 255 552 296; x_wconf 77' lang='lat' dir='ltr'><strong>agitabant.</strong></span> <span class='ocrx_word' id='word_1_13' title='bbox 567 263 666 286; x_wconf 90' lang='lat' dir='ltr'>causa</span> <span class='ocrx_word' id='word_1_14' title='bbox 677 257 797 295; x_wconf 89' lang='lat' dir='ltr'>motus,</span> <span class='ocrx_word' id='word_1_15' title='bbox 814 263 911 295; x_wconf 88' lang='lat' dir='ltr'>super</span> <span class='ocrx_word' id='word_1_16' title='bbox 926 254 1093 286; x_wconf 91' lang='lat' dir='ltr'>hominum</span> <span class='ocrx_word' id='word_1_17' title='bbox 1108 254 1283 295; x_wconf 84' lang='lat' dir='ltr'>ingenium,</span> <span class='ocrx_word' id='word_1_18' title='bbox 1298 256 1386 295; x_wconf 88' lang='lat' dir='ltr'>quod</span> 
     </span>
     <span class='ocr_line' id='line_1_3' title="bbox 67 301 1388 348; baseline -0.002 -11"><span class='ocrx_word' id='word_1_19' title='bbox 67 306 135 348; x_wconf 90' lang='lat' dir='ltr'>pati</span> <span class='ocrx_word' id='word_1_20' title='bbox 149 305 290 337; x_wconf 87' lang='lat' dir='ltr'>delectus</span> <span class='ocrx_word' id='word_1_21' title='bbox 305 305 338 336; x_wconf 87' lang='lat' dir='ltr'>et</span> <span class='ocrx_word' id='word_1_22' title='bbox 352 303 589 335; x_wconf 84' lang='lat' dir='ltr'>validissimum</span> <span class='ocrx_word' id='word_1_23' title='bbox 605 311 767 342; x_wconf 84' lang='lat' dir='ltr'>quemque</span> <span class='ocrx_word' id='word_1_24' title='bbox 784 302 910 333; x_wconf 80' lang='lat' dir='ltr'>militiae</span> <span class='ocrx_word' id='word_1_25' title='bbox 925 304 1045 332; x_wconf 82' lang='lat' dir='ltr'>nostrae</span> <span class='ocrx_word' id='word_1_26' title='bbox 1068 301 1143 332; x_wconf 87' lang='lat' dir='ltr'>dare</span> <span class='ocrx_word' id='word_1_27' title='bbox 1169 303 1388 342; x_wconf 88' lang='lat' dir='ltr'>aspernaban-</span> 
     </span>
     <span class='ocr_line' id='line_1_4' title="bbox 67 348 1387 391; baseline -0.004 -7"><span class='ocrx_word' id='word_1_28' title='bbox 67 354 134 390; x_wconf 86' lang='lat' dir='ltr'>tur,</span> <span class='ocrx_word' id='word_1_29' title='bbox 148 361 189 384; x_wconf 92' lang='lat' dir='ltr'>ne</span> <span class='ocrx_word' id='word_1_30' title='bbox 202 352 330 391; x_wconf 85' lang='lat' dir='ltr'>regibus</span> <span class='ocrx_word' id='word_1_31' title='bbox 343 350 475 390; x_wconf 89' lang='lat' dir='ltr'>quidem</span> <span class='ocrx_word' id='word_1_32' title='bbox 492 356 604 390; x_wconf 88' lang='lat' dir='ltr'>parere</span> <span class='ocrx_word' id='word_1_33' title='bbox 620 348 683 379; x_wconf 89' lang='lat' dir='ltr'>nisi</span> <span class='ocrx_word' id='word_1_34' title='bbox 701 357 741 379; x_wconf 79' lang='lat' dir='ltr'>ex</span> <span class='ocrx_word' id='word_1_35' title='bbox 758 348 892 380; x_wconf 84' lang='lat' dir='ltr'>libidine</span> <span class='ocrx_word' id='word_1_36' title='bbox 909 348 1014 386; x_wconf 93' lang='lat' dir='ltr'>soliti,</span> <span class='ocrx_word' id='word_1_37' title='bbox 1028 349 1085 380; x_wconf 88' lang='lat' dir='ltr'>aut</span> <span class='ocrx_word' id='word_1_38' title='bbox 1104 349 1131 379; x_wconf 90' lang='lat' dir='ltr'>si</span> <span class='ocrx_word' id='word_1_39' title='bbox 1150 349 1315 379; x_wconf 82' lang='lat' dir='ltr'>mitterent</span> <span class='ocrx_word' id='word_1_40' title='bbox 1329 357 1387 380; x_wconf 85' lang='lat' dir='ltr'>au-</span> 
     </span>
     <span class='ocr_line' id='line_1_5' title="bbox 68 394 1388 438; baseline -0.005 -7"><span class='ocrx_word' id='word_1_41' title='bbox 68 400 156 438; x_wconf 85' lang='lat' dir='ltr'>xilia,</span> <span class='ocrx_word' id='word_1_42' title='bbox 169 407 246 430; x_wconf 89' lang='lat' dir='ltr'>suos</span> <span class='ocrx_word' id='word_1_43' title='bbox 262 397 412 429; x_wconf 88' lang='lat' dir='ltr'>ductores</span> <span class='ocrx_word' id='word_1_44' title='bbox 434 397 599 436; x_wconf 81' lang='lat' dir='ltr'>praeficere</span> <span class='ocrx_word' id='word_1_45' title='bbox 623 404 682 427; x_wconf 86' lang='lat' dir='ltr'>nec</span> <span class='ocrx_word' id='word_1_46' title='bbox 705 395 765 426; x_wconf 84' lang='lat' dir='ltr'>nisi</span> <span class='ocrx_word' id='word_1_47' title='bbox 789 396 961 427; x_wconf 89' lang='lat' dir='ltr'>adversum</span> <span class='ocrx_word' id='word_1_48' title='bbox 981 395 1106 426; x_wconf 82' lang='lat' dir='ltr'><strong>accolas</strong></span> <span class='ocrx_word' id='word_1_49' title='bbox 1130 394 1330 434; x_wconf 80' lang='lat' dir='ltr'>belligerare.</span> <span class='ocrx_word' id='word_1_50' title='bbox 1350 403 1388 425; x_wconf 91' lang='lat' dir='ltr'>ac</span> 
     </span>
     <span class='ocr_line' id='line_1_6' title="bbox 66 441 1388 482; baseline -0.004 -5"><span class='ocrx_word' id='word_1_51' title='bbox 66 447 138 478; x_wconf 86' lang='lat' dir='ltr'>tum</span> <span class='ocrx_word' id='word_1_52' title='bbox 155 454 266 476; x_wconf 87' lang='lat' dir='ltr'>rumor</span> <span class='ocrx_word' id='word_1_53' title='bbox 281 445 453 475; x_wconf 83' lang='lat' dir='ltr'>incesserat</span> <span class='ocrx_word' id='word_1_54' title='bbox 470 443 536 475; x_wconf 83' lang='lat' dir='ltr'>sore</span> <span class='ocrx_word' id='word_1_55' title='bbox 552 444 590 474; x_wconf 89' lang='lat' dir='ltr'>ut</span> <span class='ocrx_word' id='word_1_56' title='bbox 606 442 731 482; x_wconf 83' lang='lat' dir='ltr'>disjecti</span> <span class='ocrx_word' id='word_1_57' title='bbox 749 442 888 482; x_wconf 87' lang='lat' dir='ltr'>aliisque</span> <span class='ocrx_word' id='word_1_58' title='bbox 913 442 1097 474; x_wconf 90' lang='lat' dir='ltr'>nationibus</span> <span class='ocrx_word' id='word_1_59' title='bbox 1112 442 1265 482; x_wconf 84' lang='lat' dir='ltr'>permixti</span> <span class='ocrx_word' id='word_1_60' title='bbox 1284 441 1388 472; x_wconf 88' lang='lat' dir='ltr'>diver-</span> 
     </span>
     <span class='ocr_line' id='line_1_7' title="bbox 67 489 1388 530; baseline -0.005 -5"><span class='ocrx_word' id='word_1_61' title='bbox 67 502 121 526; x_wconf 88' lang='lat' dir='ltr'>sas</span> <span class='ocrx_word' id='word_1_62' title='bbox 136 493 170 524; x_wconf 89' lang='lat' dir='ltr'>in</span> <span class='ocrx_word' id='word_1_63' title='bbox 184 493 286 523; x_wconf 88' lang='lat' dir='ltr'>terras</span> <span class='ocrx_word' id='word_1_64' title='bbox 303 492 517 522; x_wconf 83' lang='lat' dir='ltr'>traherentur.</span> <span class='ocrx_word' id='word_1_65' title='bbox 532 490 593 522; x_wconf 90' lang='lat' dir='ltr'>Sed</span> <span class='ocrx_word' id='word_1_66' title='bbox 608 492 785 529; x_wconf 88' lang='lat' dir='ltr'>antequam</span> <span class='ocrx_word' id='word_1_67' title='bbox 803 498 893 520; x_wconf 90' lang='lat' dir='ltr'>arma</span> <span class='ocrx_word' id='word_1_68' title='bbox 909 489 1111 530; x_wconf 84' lang='lat' dir='ltr'>inciperent,</span> <span class='ocrx_word' id='word_1_69' title='bbox 1128 489 1244 520; x_wconf 89' lang='lat' dir='ltr'>misere</span> <span class='ocrx_word' id='word_1_70' title='bbox 1267 489 1388 528; x_wconf 86' lang='lat' dir='ltr'>legatos</span> 
     </span>
     <span class='ocr_line' id='line_1_8' title="bbox 68 535 1389 578; baseline -0.005 -7"><span class='ocrx_word' id='word_1_71' title='bbox 68 540 258 572; x_wconf 76' lang='lat' dir='ltr'>amiciciam</span> <span class='ocrx_word' id='word_1_72' title='bbox 269 538 535 578; x_wconf 77' lang='lat' dir='ltr'>obsequiumque</span> <span class='ocrx_word' id='word_1_73' title='bbox 551 538 801 576; x_wconf 81' lang='lat' dir='ltr'>memoraturos,</span> <span class='ocrx_word' id='word_1_74' title='bbox 816 538 850 568; x_wconf 90' lang='lat' dir='ltr'>et</span> <span class='ocrx_word' id='word_1_75' title='bbox 865 545 1036 568; x_wconf 79' lang='lat' dir='ltr'>mansura</span> <span class='ocrx_word' id='word_1_76' title='bbox 1050 536 1135 576; x_wconf 82' lang='lat' dir='ltr'>haec,</span> <span class='ocrx_word' id='word_1_77' title='bbox 1150 538 1178 567; x_wconf 80' lang='lat' dir='ltr'>si</span> <span class='ocrx_word' id='word_1_78' title='bbox 1192 535 1290 567; x_wconf 77' lang='lat' dir='ltr'>nullo</span> <span class='ocrx_word' id='word_1_79' title='bbox 1304 543 1389 566; x_wconf 77' lang='lat' dir='ltr'>novo</span> 
     </span>
     <span class='ocr_line' id='line_1_9' title="bbox 67 582 1391 624; baseline -0.005 -7"><span class='ocrx_word' id='word_1_80' title='bbox 67 594 168 618; x_wconf 85' lang='lat' dir='ltr'>onere</span> <span class='ocrx_word' id='word_1_81' title='bbox 182 587 403 617; x_wconf 78' lang='lat' dir='ltr'>tentarentur</span> <span class='ocrx_word' id='word_1_82' title='bbox 415 596 426 617; x_wconf 89' lang='lat'>:</span> <span class='ocrx_word' id='word_1_83' title='bbox 441 586 493 616; x_wconf 80' lang='lat' dir='ltr'>sin</span> <span class='ocrx_word' id='word_1_84' title='bbox 507 586 548 616; x_wconf 85' lang='lat' dir='ltr'>ut</span> <span class='ocrx_word' id='word_1_85' title='bbox 563 586 658 616; x_wconf 75' lang='lat' dir='ltr'>victis</span> <span class='ocrx_word' id='word_1_86' title='bbox 671 585 852 615; x_wconf 71' lang='lat' dir='ltr'>servitium</span> <span class='ocrx_word' id='word_1_87' title='bbox 865 583 1086 624; x_wconf 77' lang='lat' dir='ltr'>indiceretur,</span> <span class='ocrx_word' id='word_1_88' title='bbox 1099 592 1167 616; x_wconf 84' lang='lat' dir='ltr'>esse</span> <span class='ocrx_word' id='word_1_89' title='bbox 1176 582 1391 622; x_wconf 76' lang='lat' dir='ltr'>sibiferrum</span> 
     </span>
     <span class='ocr_line' id='line_1_10' title="bbox 66 627 1390 672; baseline -0.005 -8"><span class='ocrx_word' id='word_1_90' title='bbox 66 635 100 665; x_wconf 84' lang='lat' dir='ltr'>et</span> <span class='ocrx_word' id='word_1_91' title='bbox 108 633 329 672; x_wconf 80' lang='lat' dir='ltr'>juventutem</span> <span class='ocrx_word' id='word_1_92' title='bbox 345 634 379 663; x_wconf 78' lang='lat' dir='ltr'>et</span> <span class='ocrx_word' id='word_1_93' title='bbox 388 633 592 672; x_wconf 81' lang='lat' dir='ltr'>promptum</span> <span class='ocrx_word' id='word_1_94' title='bbox 610 631 764 662; x_wconf 72' lang='lat' dir='ltr'>libertati</span> <span class='ocrx_word' id='word_1_95' title='bbox 785 632 849 662; x_wconf 81' lang='lat' dir='ltr'>aut</span> <span class='ocrx_word' id='word_1_96' title='bbox 875 630 923 662; x_wconf 86' lang='lat' dir='ltr'>ad</span> <span class='ocrx_word' id='word_1_97' title='bbox 946 633 1091 663; x_wconf 83' lang='lat' dir='ltr'>mortem</span> <span class='ocrx_word' id='word_1_98' title='bbox 1107 633 1274 663; x_wconf 69' lang='lat' dir='ltr'>animum.</span> <span class='ocrx_word' id='word_1_99' title='bbox 1292 627 1390 660; x_wconf 85' lang='lat' dir='ltr'>simul</span> 
     </span>
     <span class='ocr_line' id='line_1_11' title="bbox 67 675 1392 719; baseline -0.003 -9"><span class='ocrx_word' id='word_1_100' title='bbox 67 679 198 710; x_wconf 84' lang='lat' dir='ltr'>castella</span> <span class='ocrx_word' id='word_1_101' title='bbox 213 679 349 719; x_wconf 84' lang='lat' dir='ltr'>rupibus</span> <span class='ocrx_word' id='word_1_102' title='bbox 366 678 469 710; x_wconf 90' lang='lat' dir='ltr'>indita</span> <span class='ocrx_word' id='word_1_103' title='bbox 488 678 687 718; x_wconf 73' lang='lat' dir='ltr'>conatusque</span> <span class='ocrx_word' id='word_1_104' title='bbox 703 677 781 708; x_wconf 87' lang='lat' dir='ltr'>illuc</span> <span class='ocrx_word' id='word_1_105' title='bbox 796 680 944 718; x_wconf 86' lang='lat' dir='ltr'>parentes</span> <span class='ocrx_word' id='word_1_106' title='bbox 959 680 990 710; x_wconf 92' lang='lat' dir='ltr'>et</span> <span class='ocrx_word' id='word_1_107' title='bbox 1006 680 1158 718; x_wconf 75' lang='lat' dir='ltr'>conjuges</span> <span class='ocrx_word' id='word_1_108' title='bbox 1170 675 1392 714; x_wconf 80' lang='lat' dir='ltr'>ostentabant,</span> 
     </span>
     <span class='ocr_line' id='line_1_12' title="bbox 67 725 1155 767; baseline -0.001 -10"><span class='ocrx_word' id='word_1_109' title='bbox 67 725 262 767; x_wconf 81' lang='lat' dir='ltr'>bellumque</span> <span class='ocrx_word' id='word_1_110' title='bbox 276 726 480 766; x_wconf 70' lang='lat' dir='ltr'>impeditum</span> <span class='ocrx_word' id='word_1_111' title='bbox 492 749 500 765; x_wconf 92' lang='lat'>‚</span> <span class='ocrx_word' id='word_1_112' title='bbox 519 725 674 756; x_wconf 85' lang='lat' dir='ltr'>arduum</span> <span class='ocrx_word' id='word_1_113' title='bbox 686 748 695 763; x_wconf 96' lang='lat'>,</span> <span class='ocrx_word' id='word_1_114' title='bbox 711 727 897 756; x_wconf 81' lang='lat' dir='ltr'>cruentum</span> <span class='ocrx_word' id='word_1_115' title='bbox 910 725 1155 756; x_wconf 80' lang='lat' dir='ltr'>minitabantur.</span> 
     </span>
    </p>

    <p class='ocr_par' dir='ltr' id='par_1_3' title="bbox 67 769 1395 1468">
     <span class='ocr_line' id='line_1_13' title="bbox 108 769 1393 811; baseline -0.003 -7"><span class='ocrx_word' id='word_1_116' title='bbox 108 776 227 804; x_wconf 80' lang='lat' dir='ltr'>XLVII.</span> <span class='ocrx_word' id='word_1_117' title='bbox 251 775 292 804; x_wconf 83' lang='lat' dir='ltr'>At</span> <span class='ocrx_word' id='word_1_118' title='bbox 304 773 455 811; x_wconf 89' lang='lat' dir='ltr'>Sabinus,</span> <span class='ocrx_word' id='word_1_119' title='bbox 471 773 573 804; x_wconf 88' lang='lat' dir='ltr'>donec</span> <span class='ocrx_word' id='word_1_120' title='bbox 585 772 745 803; x_wconf 79' lang='lat' dir='ltr'>exercitus</span> <span class='ocrx_word' id='word_1_121' title='bbox 758 772 790 803; x_wconf 91' lang='lat' dir='ltr'>in</span> <span class='ocrx_word' id='word_1_122' title='bbox 807 781 909 802; x_wconf 91' lang='lat' dir='ltr'>unum</span> <span class='ocrx_word' id='word_1_123' title='bbox 923 772 1137 811; x_wconf 85' lang='lat' dir='ltr'>conduceret,</span> <span class='ocrx_word' id='word_1_124' title='bbox 1155 771 1241 803; x_wconf 88' lang='lat' dir='ltr'>datis</span> <span class='ocrx_word' id='word_1_125' title='bbox 1256 769 1393 802; x_wconf 86' lang='lat' dir='ltr'>mitibus</span> 
     </span>
     <span class='ocr_line' id='line_1_14' title="bbox 68 818 1394 860; baseline -0.002 -10"><span class='ocrx_word' id='word_1_126' title='bbox 68 820 238 859; x_wconf 82' lang='lat' dir='ltr'>responsis,</span> <span class='ocrx_word' id='word_1_127' title='bbox 252 822 424 860; x_wconf 83' lang='lat' dir='ltr'>postquam</span> <span class='ocrx_word' id='word_1_128' title='bbox 439 819 634 859; x_wconf 86' lang='lat' dir='ltr'>Pomponius</span> <span class='ocrx_word' id='word_1_129' title='bbox 648 819 752 850; x_wconf 87' lang='lat' dir='ltr'>Labeo</span> <span class='ocrx_word' id='word_1_130' title='bbox 765 827 782 850; x_wconf 85' lang='lat' dir='ltr'>e</span> <span class='ocrx_word' id='word_1_131' title='bbox 798 819 909 850; x_wconf 74' lang='lat' dir='ltr'>Moesia</span> <span class='ocrx_word' id='word_1_132' title='bbox 933 828 1008 850; x_wconf 89' lang='lat' dir='ltr'>eum</span> <span class='ocrx_word' id='word_1_133' title='bbox 1022 819 1160 859; x_wconf 82' lang='lat' dir='ltr'>legione,</span> <span class='ocrx_word' id='word_1_134' title='bbox 1176 828 1234 850; x_wconf 85' lang='lat' dir='ltr'>rex</span> <span class='ocrx_word' id='word_1_135' title='bbox 1249 818 1394 850; x_wconf 84' lang='lat' dir='ltr'>Rhoeme-</span> 
     </span>
     <span class='ocr_line' id='line_1_15' title="bbox 68 866 1391 906; baseline -0.002 -10"><span class='ocrx_word' id='word_1_136' title='bbox 68 866 166 898; x_wconf 85' lang='lat' dir='ltr'>talces</span> <span class='ocrx_word' id='word_1_137' title='bbox 192 876 266 898; x_wconf 92' lang='lat' dir='ltr'>cum</span> <span class='ocrx_word' id='word_1_138' title='bbox 295 867 420 897; x_wconf 81' lang='lat' dir='ltr'>auxiliis</span> <span class='ocrx_word' id='word_1_139' title='bbox 444 866 646 906; x_wconf 88' lang='lat' dir='ltr'>popularium</span> <span class='ocrx_word' id='word_1_140' title='bbox 656 890 665 905; x_wconf 90' lang='lat'>,</span> <span class='ocrx_word' id='word_1_141' title='bbox 696 866 750 906; x_wconf 86' lang='lat' dir='ltr'>qui</span> <span class='ocrx_word' id='word_1_142' title='bbox 786 866 882 897; x_wconf 87' lang='lat' dir='ltr'>fidem</span> <span class='ocrx_word' id='word_1_143' title='bbox 912 875 976 896; x_wconf 90' lang='lat' dir='ltr'>non</span> <span class='ocrx_word' id='word_1_144' title='bbox 1004 867 1206 897; x_wconf 82' lang='lat' dir='ltr'>mutaverant</span> <span class='ocrx_word' id='word_1_145' title='bbox 1219 889 1228 905; x_wconf 87' lang='lat'>,</span> <span class='ocrx_word' id='word_1_146' title='bbox 1251 874 1369 895; x_wconf 72' lang='lat' dir='ltr'>venere</span> <span class='ocrx_word' id='word_1_147' title='bbox 1381 886 1391 902; x_wconf 90' lang='lat'><em>‚</em></span> 
     </span>
     <span class='ocr_line' id='line_1_16' title="bbox 67 911 1392 954; baseline -0.002 -12"><span class='ocrx_word' id='word_1_148' title='bbox 67 912 175 944; x_wconf 76' lang='lat' dir='ltr'>addita</span> <span class='ocrx_word' id='word_1_149' title='bbox 189 914 340 954; x_wconf 83' lang='lat' dir='ltr'>praesenti</span> <span class='ocrx_word' id='word_1_150' title='bbox 354 913 447 953; x_wconf 87' lang='lat' dir='ltr'>copia</span> <span class='ocrx_word' id='word_1_151' title='bbox 463 913 503 944; x_wconf 89' lang='lat' dir='ltr'>ad</span> <span class='ocrx_word' id='word_1_152' title='bbox 524 913 650 944; x_wconf 85' lang='lat' dir='ltr'>hostem</span> <span class='ocrx_word' id='word_1_153' title='bbox 669 912 773 952; x_wconf 79' lang='lat' dir='ltr'>pergit</span> <span class='ocrx_word' id='word_1_154' title='bbox 785 937 794 951; x_wconf 94' lang='lat'>,</span> <span class='ocrx_word' id='word_1_155' title='bbox 812 913 1030 952; x_wconf 80' lang='lat' dir='ltr'>compositum</span> <span class='ocrx_word' id='word_1_156' title='bbox 1056 912 1123 951; x_wconf 88' lang='lat' dir='ltr'>jam</span> <span class='ocrx_word' id='word_1_157' title='bbox 1149 921 1204 952; x_wconf 82' lang='lat' dir='ltr'>per</span> <span class='ocrx_word' id='word_1_158' title='bbox 1229 911 1392 950; x_wconf 77' lang='lat' dir='ltr'>angustias</span> 
     </span>
     <span class='ocr_line' id='line_1_17' title="bbox 68 958 1392 1000; baseline -0.002 -10"><span class='ocrx_word' id='word_1_159' title='bbox 68 959 220 991; x_wconf 83' lang='lat' dir='ltr'>saltuum.</span> <span class='ocrx_word' id='word_1_160' title='bbox 236 960 368 1000; x_wconf 88' lang='lat' dir='ltr'>quidam</span> <span class='ocrx_word' id='word_1_161' title='bbox 385 960 555 992; x_wconf 84' lang='lat' dir='ltr'>audentius</span> <span class='ocrx_word' id='word_1_162' title='bbox 571 959 691 1000; x_wconf 89' lang='lat' dir='ltr'>apertis</span> <span class='ocrx_word' id='word_1_163' title='bbox 706 960 737 990; x_wconf 90' lang='lat' dir='ltr'>in</span> <span class='ocrx_word' id='word_1_164' title='bbox 761 959 898 990; x_wconf 90' lang='lat' dir='ltr'>collibus</span> <span class='ocrx_word' id='word_1_165' title='bbox 915 959 1104 990; x_wconf 82' lang='lat' dir='ltr'>visebantur</span> <span class='ocrx_word' id='word_1_166' title='bbox 1122 969 1128 989; x_wconf 90' lang='lat'>:</span> <span class='ocrx_word' id='word_1_167' title='bbox 1148 967 1230 998; x_wconf 87' lang='lat' dir='ltr'>quos</span> <span class='ocrx_word' id='word_1_168' title='bbox 1251 958 1317 988; x_wconf 78' lang='lat' dir='ltr'>dux</span> <span class='ocrx_word' id='word_1_169' title='bbox 1332 962 1392 988; x_wconf 86' lang='lat' dir='ltr'>Ro-</span> 
     </span>
     <span class='ocr_line' id='line_1_18' title="bbox 68 1005 1391 1048; baseline -0.001 -12"><span class='ocrx_word' id='word_1_170' title='bbox 68 1014 182 1038; x_wconf 86' lang='lat' dir='ltr'>manus</span> <span class='ocrx_word' id='word_1_171' title='bbox 195 1007 261 1039; x_wconf 88' lang='lat' dir='ltr'>acie</span> <span class='ocrx_word' id='word_1_172' title='bbox 279 1016 469 1048; x_wconf 80' lang='lat' dir='ltr'>suggressus</span> <span class='ocrx_word' id='word_1_173' title='bbox 486 1007 573 1039; x_wconf 86' lang='lat' dir='ltr'>baud</span> <span class='ocrx_word' id='word_1_174' title='bbox 587 1015 673 1047; x_wconf 79' lang='lat' dir='ltr'>aegre</span> <span class='ocrx_word' id='word_1_175' title='bbox 688 1006 812 1047; x_wconf 86' lang='lat' dir='ltr'>pepulit</span> <span class='ocrx_word' id='word_1_176' title='bbox 826 1031 835 1046; x_wconf 94' lang='lat'>,</span> <span class='ocrx_word' id='word_1_177' title='bbox 859 1006 1013 1046; x_wconf 86' lang='lat' dir='ltr'>sanguine</span> <span class='ocrx_word' id='word_1_178' title='bbox 1030 1006 1240 1037; x_wconf 84' lang='lat' dir='ltr'>barbarorum</span> <span class='ocrx_word' id='word_1_179' title='bbox 1265 1005 1391 1035; x_wconf 83' lang='lat' dir='ltr'>modico</span> 
     </span>
     <span class='ocr_line' id='line_1_19' title="bbox 67 1052 1390 1095; baseline -0.002 -11"><span class='ocrx_word' id='word_1_180' title='bbox 67 1052 110 1084; x_wconf 90' lang='lat' dir='ltr'>ob</span> <span class='ocrx_word' id='word_1_181' title='bbox 131 1055 312 1095; x_wconf 88' lang='lat' dir='ltr'>propinqua</span> <span class='ocrx_word' id='word_1_182' title='bbox 334 1054 487 1094; x_wconf 80' lang='lat' dir='ltr'>suffugia.</span> <span class='ocrx_word' id='word_1_183' title='bbox 507 1063 583 1085; x_wconf 88' lang='lat' dir='ltr'>mox</span> <span class='ocrx_word' id='word_1_184' title='bbox 609 1054 723 1085; x_wconf 88' lang='lat' dir='ltr'>castris</span> <span class='ocrx_word' id='word_1_185' title='bbox 746 1053 779 1085; x_wconf 91' lang='lat' dir='ltr'>in</span> <span class='ocrx_word' id='word_1_186' title='bbox 806 1053 878 1085; x_wconf 88' lang='lat' dir='ltr'>loco</span> <span class='ocrx_word' id='word_1_187' title='bbox 906 1054 1116 1085; x_wconf 84' lang='lat' dir='ltr'>communitis</span> <span class='ocrx_word' id='word_1_188' title='bbox 1127 1077 1136 1092; x_wconf 97' lang='lat'>,</span> <span class='ocrx_word' id='word_1_189' title='bbox 1163 1052 1270 1083; x_wconf 76' lang='lat' dir='ltr'>valida</span> <span class='ocrx_word' id='word_1_190' title='bbox 1296 1061 1390 1082; x_wconf 80' lang='lat' dir='ltr'>manu</span> 
     </span>
     <span class='ocr_line' id='line_1_20' title="bbox 70 1098 1393 1142; baseline -0.002 -11"><span class='ocrx_word' id='word_1_191' title='bbox 70 1104 212 1132; x_wconf 89' lang='lat' dir='ltr'>montem</span> <span class='ocrx_word' id='word_1_192' title='bbox 226 1104 373 1142; x_wconf 87' lang='lat' dir='ltr'>occupat,</span> <span class='ocrx_word' id='word_1_193' title='bbox 387 1103 562 1142; x_wconf 85' lang='lat' dir='ltr'>angustum</span> <span class='ocrx_word' id='word_1_194' title='bbox 579 1103 612 1133; x_wconf 91' lang='lat' dir='ltr'>et</span> <span class='ocrx_word' id='word_1_195' title='bbox 628 1101 743 1142; x_wconf 83' lang='lat' dir='ltr'>aequali</span> <span class='ocrx_word' id='word_1_196' title='bbox 759 1102 857 1133; x_wconf 85' lang='lat' dir='ltr'>dorso</span> <span class='ocrx_word' id='word_1_197' title='bbox 872 1102 1065 1133; x_wconf 79' lang='lat' dir='ltr'>continuum</span> <span class='ocrx_word' id='word_1_198' title='bbox 1078 1125 1088 1140; x_wconf 92' lang='lat'>‚</span> <span class='ocrx_word' id='word_1_199' title='bbox 1107 1109 1208 1140; x_wconf 88' lang='lat' dir='ltr'>usque</span> <span class='ocrx_word' id='word_1_200' title='bbox 1224 1100 1263 1130; x_wconf 87' lang='lat' dir='ltr'>ad</span> <span class='ocrx_word' id='word_1_201' title='bbox 1289 1098 1393 1139; x_wconf 76' lang='lat' dir='ltr'>proxi-</span> 
     </span>
     <span class='ocr_line' id='line_1_21' title="bbox 69 1146 1392 1188; baseline -0.002 -10"><span class='ocrx_word' id='word_1_202' title='bbox 69 1155 159 1178; x_wconf 84' lang='lat' dir='ltr'>mum</span> <span class='ocrx_word' id='word_1_203' title='bbox 175 1149 355 1188; x_wconf 82' lang='lat' dir='ltr'>castellum,</span> <span class='ocrx_word' id='word_1_204' title='bbox 373 1149 460 1188; x_wconf 86' lang='lat' dir='ltr'>quod</span> <span class='ocrx_word' id='word_1_205' title='bbox 486 1157 600 1188; x_wconf 83' lang='lat' dir='ltr'>magna</span> <span class='ocrx_word' id='word_1_206' title='bbox 622 1149 672 1180; x_wconf 89' lang='lat' dir='ltr'>vis</span> <span class='ocrx_word' id='word_1_207' title='bbox 693 1150 819 1180; x_wconf 86' lang='lat' dir='ltr'>armata</span> <span class='ocrx_word' id='word_1_208' title='bbox 842 1152 897 1179; x_wconf 86' lang='lat' dir='ltr'>aut</span> <span class='ocrx_word' id='word_1_209' title='bbox 919 1149 1084 1180; x_wconf 88' lang='lat' dir='ltr'>incondita</span> <span class='ocrx_word' id='word_1_210' title='bbox 1099 1147 1251 1179; x_wconf 82' lang='lat' dir='ltr'>tuebatur</span> <span class='ocrx_word' id='word_1_211' title='bbox 1271 1156 1277 1176; x_wconf 92' lang='lat'>:</span> <span class='ocrx_word' id='word_1_212' title='bbox 1298 1146 1392 1177; x_wconf 82' lang='lat' dir='ltr'>simul</span> 
     </span>
     <span class='ocr_line' id='line_1_22' title="bbox 70 1192 1392 1235; baseline -0.003 -11"><span class='ocrx_word' id='word_1_213' title='bbox 70 1194 101 1224; x_wconf 91' lang='lat' dir='ltr'>in</span> <span class='ocrx_word' id='word_1_214' title='bbox 119 1195 346 1234; x_wconf 78' lang='lat' dir='ltr'>ferocissimos,</span> <span class='ocrx_word' id='word_1_215' title='bbox 361 1196 504 1234; x_wconf 87' lang='lat' dir='ltr'>quiante</span> <span class='ocrx_word' id='word_1_216' title='bbox 521 1196 642 1226; x_wconf 86' lang='lat' dir='ltr'>vallum</span> <span class='ocrx_word' id='word_1_217' title='bbox 659 1204 749 1226; x_wconf 88' lang='lat' dir='ltr'>more</span> <span class='ocrx_word' id='word_1_218' title='bbox 762 1195 869 1235; x_wconf 90' lang='lat' dir='ltr'>gentis</span> <span class='ocrx_word' id='word_1_219' title='bbox 884 1204 958 1226; x_wconf 82' lang='lat' dir='ltr'>cuni</span> <span class='ocrx_word' id='word_1_220' title='bbox 974 1194 1175 1226; x_wconf 84' lang='lat' dir='ltr'>carminibus</span> <span class='ocrx_word' id='word_1_221' title='bbox 1193 1197 1224 1225; x_wconf 88' lang='lat' dir='ltr'>et</span> <span class='ocrx_word' id='word_1_222' title='bbox 1240 1192 1392 1232; x_wconf 78' lang='lat' dir='ltr'>tripudiis</span> 
     </span>
     <span class='ocr_line' id='line_1_23' title="bbox 71 1240 1392 1282; baseline -0.003 -10"><span class='ocrx_word' id='word_1_223' title='bbox 71 1241 305 1280; x_wconf 82' lang='lat' dir='ltr'>persultabant,</span> <span class='ocrx_word' id='word_1_224' title='bbox 320 1241 421 1272; x_wconf 87' lang='lat' dir='ltr'>mittit</span> <span class='ocrx_word' id='word_1_225' title='bbox 436 1242 579 1273; x_wconf 87' lang='lat' dir='ltr'>delectos</span> <span class='ocrx_word' id='word_1_226' title='bbox 593 1242 846 1282; x_wconf 84' lang='lat' dir='ltr'>sagittariorum.</span> <span class='ocrx_word' id='word_1_227' title='bbox 862 1242 884 1273; x_wconf 90' lang='lat' dir='ltr'>ii</span> <span class='ocrx_word' id='word_1_228' title='bbox 900 1243 980 1273; x_wconf 91' lang='lat' dir='ltr'>dum</span> <span class='ocrx_word' id='word_1_229' title='bbox 1004 1242 1130 1273; x_wconf 88' lang='lat' dir='ltr'>eminus</span> <span class='ocrx_word' id='word_1_230' title='bbox 1150 1240 1392 1280; x_wconf 75' lang='lat' dir='ltr'>grassabantur,</span> 
     </span>
     <span class='ocr_line' id='line_1_24' title="bbox 69 1287 1394 1329; baseline -0.003 -10"><span class='ocrx_word' id='word_1_231' title='bbox 69 1288 182 1319; x_wconf 81' lang='lat' dir='ltr'>crebra</span> <span class='ocrx_word' id='word_1_232' title='bbox 197 1290 230 1320; x_wconf 88' lang='lat' dir='ltr'>et</span> <span class='ocrx_word' id='word_1_233' title='bbox 244 1288 347 1320; x_wconf 88' lang='lat' dir='ltr'>inulta</span> <span class='ocrx_word' id='word_1_234' title='bbox 359 1289 493 1319; x_wconf 88' lang='lat' dir='ltr'>vulnera</span> <span class='ocrx_word' id='word_1_235' title='bbox 510 1289 614 1320; x_wconf 86' lang='lat' dir='ltr'>secere</span> <span class='ocrx_word' id='word_1_236' title='bbox 629 1298 636 1319; x_wconf 75' lang='grc' dir='ltr'>ε</span> <span class='ocrx_word' id='word_1_237' title='bbox 652 1289 782 1329; x_wconf 90' lang='lat' dir='ltr'>propius</span> <span class='ocrx_word' id='word_1_238' title='bbox 797 1289 983 1321; x_wconf 89' lang='lat' dir='ltr'>incedentes</span> <span class='ocrx_word' id='word_1_239' title='bbox 996 1313 1006 1328; x_wconf 94' lang='lat'>,</span> <span class='ocrx_word' id='word_1_240' title='bbox 1026 1288 1193 1328; x_wconf 84' lang='lat' dir='ltr'>eruptione</span> <span class='ocrx_word' id='word_1_241' title='bbox 1213 1287 1317 1318; x_wconf 87' lang='lat' dir='ltr'>subita</span> <span class='ocrx_word' id='word_1_242' title='bbox 1334 1289 1394 1316; x_wconf 88' lang='lat' dir='ltr'>tur-</span> 
     </span>
     <span class='ocr_line' id='line_1_25' title="bbox 72 1334 1395 1375; baseline -0.002 -11"><span class='ocrx_word' id='word_1_243' title='bbox 72 1334 137 1366; x_wconf 87' lang='lat' dir='ltr'>bati</span> <span class='ocrx_word' id='word_1_244' title='bbox 150 1336 238 1374; x_wconf 87' lang='lat' dir='ltr'>sunt,</span> <span class='ocrx_word' id='word_1_245' title='bbox 253 1335 437 1374; x_wconf 77' lang='lat' dir='ltr'>receptique</span> <span class='ocrx_word' id='word_1_246' title='bbox 451 1335 593 1366; x_wconf 84' lang='lat' dir='ltr'>subsidio</span> <span class='ocrx_word' id='word_1_247' title='bbox 609 1335 796 1375; x_wconf 79' lang='lat' dir='ltr'>Sugambrae</span> <span class='ocrx_word' id='word_1_248' title='bbox 807 1336 985 1375; x_wconf 75' lang='lat' dir='ltr'>colnortis&#39;,</span> <span class='ocrx_word' id='word_1_249' title='bbox 1002 1344 1098 1375; x_wconf 81' lang='lat' dir='ltr'>quam</span> <span class='ocrx_word' id='word_1_250' title='bbox 1116 1339 1279 1365; x_wconf 80' lang='lat' dir='ltr'>Romanus</span> <span class='ocrx_word' id='word_1_251' title='bbox 1294 1341 1395 1373; x_wconf 71' lang='lat' dir='ltr'>promz</span> 
     </span>
     <span class='ocr_line' id='line_1_26' title="bbox 72 1378 1393 1421; baseline -0.002 -9"><span class='ocrx_word' id='word_1_252' title='bbox 72 1384 158 1419; x_wconf 85' lang='lat' dir='ltr'>ptam</span> <span class='ocrx_word' id='word_1_253' title='bbox 173 1381 214 1412; x_wconf 89' lang='lat' dir='ltr'>ad</span> <span class='ocrx_word' id='word_1_254' title='bbox 231 1381 371 1421; x_wconf 89' lang='lat' dir='ltr'>pericula</span> <span class='ocrx_word' id='word_1_255' title='bbox 389 1390 449 1413; x_wconf 88' lang='lat' dir='ltr'>nec</span> <span class='ocrx_word' id='word_1_256' title='bbox 464 1382 572 1412; x_wconf 90' lang='lat' dir='ltr'>minus</span> <span class='ocrx_word' id='word_1_257' title='bbox 589 1384 745 1413; x_wconf 85' lang='lat' dir='ltr'>cantuum</span> <span class='ocrx_word' id='word_1_258' title='bbox 760 1386 792 1413; x_wconf 84' lang='lat' dir='ltr'>et</span> <span class='ocrx_word' id='word_1_259' title='bbox 815 1391 979 1413; x_wconf 73' lang='lat' dir='ltr'>armorum</span> <span class='ocrx_word' id='word_1_260' title='bbox 996 1382 1139 1413; x_wconf 84' lang='lat' dir='ltr'>tumultu</span> <span class='ocrx_word' id='word_1_261' title='bbox 1158 1383 1284 1412; x_wconf 85' lang='lat' dir='ltr'>trucem</span> <span class='ocrx_word' id='word_1_262' title='bbox 1308 1378 1393 1410; x_wconf 83' lang='lat' dir='ltr'>haud</span> 
     </span>
     <span class='ocr_line' id='line_1_27' title="bbox 71 1429 410 1468; baseline 0.003 -9"><span class='ocrx_word' id='word_1_263' title='bbox 71 1429 183 1468; x_wconf 86' lang='lat' dir='ltr'>procul</span> <span class='ocrx_word' id='word_1_264' title='bbox 201 1429 410 1460; x_wconf 83' lang='lat' dir='ltr'>instruxerat.</span> 
     </span>
    </p>

    <p class='ocr_par' dir='ltr' id='par_1_4' title="bbox 70 1474 1397 2126">
     <span class='ocr_line' id='line_1_28' title="bbox 110 1474 1395 1516; baseline -0.003 -8"><span class='ocrx_word' id='word_1_265' title='bbox 110 1479 244 1508; x_wconf 88' lang='lat' dir='ltr'>XLVIII.</span> <span class='ocrx_word' id='word_1_266' title='bbox 270 1476 435 1507; x_wconf 88' lang='lat' dir='ltr'>Translata</span> <span class='ocrx_word' id='word_1_267' title='bbox 450 1475 567 1507; x_wconf 89' lang='lat' dir='ltr'>dehinc</span> <span class='ocrx_word' id='word_1_268' title='bbox 583 1476 690 1507; x_wconf 83' lang='lat' dir='ltr'>castra</span> <span class='ocrx_word' id='word_1_269' title='bbox 703 1477 830 1507; x_wconf 83' lang='lat' dir='ltr'>hostem</span> <span class='ocrx_word' id='word_1_270' title='bbox 850 1478 1002 1516; x_wconf 87' lang='lat' dir='ltr'>propter,</span> <span class='ocrx_word' id='word_1_271' title='bbox 1029 1475 1149 1507; x_wconf 76' lang='lat' dir='ltr'>relictis</span> <span class='ocrx_word' id='word_1_272' title='bbox 1176 1474 1262 1514; x_wconf 82' lang='lat' dir='ltr'>apud</span> <span class='ocrx_word' id='word_1_273' title='bbox 1288 1474 1395 1514; x_wconf 87' lang='lat' dir='ltr'>priora</span> 
     </span>
     <span class='ocr_line' id='line_1_29' title="bbox 71 1522 1395 1563; baseline -0.002 -10"><span class='ocrx_word' id='word_1_274' title='bbox 71 1523 271 1555; x_wconf 87' lang='lat' dir='ltr'>munimenta</span> <span class='ocrx_word' id='word_1_275' title='bbox 285 1523 463 1554; x_wconf 85' lang='lat' dir='ltr'>Thracibus</span> <span class='ocrx_word' id='word_1_276' title='bbox 488 1532 569 1563; x_wconf 89' lang='lat' dir='ltr'>quos</span> <span class='ocrx_word' id='word_1_277' title='bbox 591 1523 683 1555; x_wconf 88' lang='lat' dir='ltr'>nobis</span> <span class='ocrx_word' id='word_1_278' title='bbox 707 1523 838 1555; x_wconf 79' lang='lat' dir='ltr'>assuisse</span> <span class='ocrx_word' id='word_1_279' title='bbox 864 1523 1054 1555; x_wconf 86' lang='lat' dir='ltr'>memoravi.</span> <span class='ocrx_word' id='word_1_280' title='bbox 1080 1522 1181 1562; x_wconf 87' lang='lat' dir='ltr'>iisque</span> <span class='ocrx_word' id='word_1_281' title='bbox 1203 1522 1395 1561; x_wconf 84' lang='lat' dir='ltr'>permissum</span> 
     </span>
     <span class='ocr_line' id='line_1_30' title="bbox 71 1569 1394 1611; baseline -0.002 -11"><span class='ocrx_word' id='word_1_282' title='bbox 71 1571 220 1609; x_wconf 80' lang='lat' dir='ltr'>vastare,</span> <span class='ocrx_word' id='word_1_283' title='bbox 238 1578 352 1609; x_wconf 84' lang='lat' dir='ltr'>urere,</span> <span class='ocrx_word' id='word_1_284' title='bbox 371 1569 512 1602; x_wconf 83' lang='lat' dir='ltr'>trahere</span> <span class='ocrx_word' id='word_1_285' title='bbox 525 1570 683 1610; x_wconf 83' lang='lat' dir='ltr'>proedas,</span> <span class='ocrx_word' id='word_1_286' title='bbox 701 1571 785 1602; x_wconf 83' lang='lat' dir='ltr'>dum</span> <span class='ocrx_word' id='word_1_287' title='bbox 798 1571 984 1611; x_wconf 80' lang='lat' dir='ltr'>populatio</span> <span class='ocrx_word' id='word_1_288' title='bbox 1011 1571 1123 1602; x_wconf 78' lang='lat' dir='ltr'>lucem</span> <span class='ocrx_word' id='word_1_289' title='bbox 1140 1571 1237 1600; x_wconf 71' lang='lat' dir='ltr'>intra</span> <span class='ocrx_word' id='word_1_290' title='bbox 1259 1570 1394 1599; x_wconf 75' lang='lat' dir='ltr'>sistere·</span> 
     </span>
     <span class='ocr_line' id='line_1_31' title="bbox 73 1616 1395 1658; baseline -0.002 -10"><span class='ocrx_word' id='word_1_291' title='bbox 73 1617 133 1648; x_wconf 87' lang='lat' dir='ltr'>tur</span> <span class='ocrx_word' id='word_1_292' title='bbox 149 1617 157 1635; x_wconf 89' lang='lat'><strong>¹</strong></span> <span class='ocrx_word' id='word_1_293' title='bbox 176 1619 374 1658; x_wconf 82' lang='lat' dir='ltr'>noctemque</span> <span class='ocrx_word' id='word_1_294' title='bbox 385 1619 420 1648; x_wconf 77' lang='lat' dir='ltr'>in</span> <span class='ocrx_word' id='word_1_295' title='bbox 433 1619 556 1649; x_wconf 65' lang='lat' dir='ltr'>castris</span> <span class='ocrx_word' id='word_1_296' title='bbox 573 1620 688 1649; x_wconf 80' lang='lat' dir='ltr'>tutam</span> <span class='ocrx_word' id='word_1_297' title='bbox 701 1619 736 1650; x_wconf 86' lang='lat' dir='ltr'>et</span> <span class='ocrx_word' id='word_1_298' title='bbox 750 1619 888 1657; x_wconf 72' lang='lat' dir='ltr'>viqitem</span> <span class='ocrx_word' id='word_1_299' title='bbox 902 1619 1130 1658; x_wconf 80' lang='lat' dir='ltr'>capesserent.</span> <span class='ocrx_word' id='word_1_300' title='bbox 1149 1616 1181 1647; x_wconf 86' lang='lat' dir='ltr'>id</span> <span class='ocrx_word' id='word_1_301' title='bbox 1205 1616 1309 1656; x_wconf 84' lang='lat' dir='ltr'>primo</span> <span class='ocrx_word' id='word_1_302' title='bbox 1327 1624 1395 1646; x_wconf 81' lang='lat' dir='ltr'>ser-</span> 
     </span>
     <span class='ocr_line' id='line_1_32' title="bbox 71 1661 1394 1704; baseline -0.001 -10"><span class='ocrx_word' id='word_1_303' title='bbox 71 1663 184 1695; x_wconf 79' lang='lat' dir='ltr'>vatum</span> <span class='ocrx_word' id='word_1_304' title='bbox 199 1674 208 1695; x_wconf 78' lang='lat'>2</span> <span class='ocrx_word' id='word_1_305' title='bbox 224 1673 302 1695; x_wconf 89' lang='lat' dir='ltr'>mox</span> <span class='ocrx_word' id='word_1_306' title='bbox 315 1664 398 1696; x_wconf 86' lang='lat' dir='ltr'>versi</span> <span class='ocrx_word' id='word_1_307' title='bbox 411 1664 444 1694; x_wconf 92' lang='lat' dir='ltr'>in</span> <span class='ocrx_word' id='word_1_308' title='bbox 459 1664 571 1695; x_wconf 88' lang='lat' dir='ltr'>luxum</span> <span class='ocrx_word' id='word_1_309' title='bbox 587 1667 619 1696; x_wconf 86' lang='lat' dir='ltr'>et</span> <span class='ocrx_word' id='word_1_310' title='bbox 629 1665 728 1704; x_wconf 85' lang='lat' dir='ltr'>raptis</span> <span class='ocrx_word' id='word_1_311' title='bbox 743 1665 899 1704; x_wconf 81' lang='lat' dir='ltr'>opulenti,</span> <span class='ocrx_word' id='word_1_312' title='bbox 914 1666 1062 1696; x_wconf 88' lang='lat' dir='ltr'>omittere</span> <span class='ocrx_word' id='word_1_313' title='bbox 1078 1663 1245 1701; x_wconf 85' lang='lat' dir='ltr'>stationes,</span> <span class='ocrx_word' id='word_1_314' title='bbox 1261 1661 1394 1693; x_wconf 78' lang='lat' dir='ltr'>lascivia</span> 
     </span>
     <span class='ocr_line' id='line_1_33' title="bbox 71 1709 1393 1752; baseline -0.001 -12"><span class='ocrx_word' id='word_1_315' title='bbox 71 1709 238 1750; x_wconf 86' lang='lat' dir='ltr'>epularum</span> <span class='ocrx_word' id='word_1_316' title='bbox 253 1712 309 1743; x_wconf 89' lang='lat' dir='ltr'>aut</span> <span class='ocrx_word' id='word_1_317' title='bbox 323 1719 436 1742; x_wconf 85' lang='lat' dir='ltr'>somno</span> <span class='ocrx_word' id='word_1_318' title='bbox 459 1713 491 1742; x_wconf 92' lang='lat' dir='ltr'>et</span> <span class='ocrx_word' id='word_1_319' title='bbox 515 1711 592 1742; x_wconf 70' lang='lat' dir='ltr'>vino</span> <span class='ocrx_word' id='word_1_320' title='bbox 614 1711 836 1752; x_wconf 85' lang='lat' dir='ltr'>procumbere.</span> <span class='ocrx_word' id='word_1_321' title='bbox 855 1713 952 1751; x_wconf 84' lang='lat' dir='ltr'>igitur</span> <span class='ocrx_word' id='word_1_322' title='bbox 980 1712 1087 1743; x_wconf 85' lang='lat' dir='ltr'>hostes</span> <span class='ocrx_word' id='word_1_323' title='bbox 1101 1735 1110 1750; x_wconf 90' lang='lat'>‚</span> <span class='ocrx_word' id='word_1_324' title='bbox 1136 1710 1264 1741; x_wconf 79' lang='lat' dir='ltr'>incuria</span> <span class='ocrx_word' id='word_1_325' title='bbox 1281 1717 1393 1740; x_wconf 86' lang='lat' dir='ltr'>eorum</span> 
     </span>
     <span class='ocr_line' id='line_1_34' title="bbox 70 1756 1393 1799; baseline -0.002 -11"><span class='ocrx_word' id='word_1_326' title='bbox 70 1761 254 1797; x_wconf 85' lang='lat' dir='ltr'>comperta,</span> <span class='ocrx_word' id='word_1_327' title='bbox 270 1758 336 1789; x_wconf 91' lang='lat' dir='ltr'>duo</span> <span class='ocrx_word' id='word_1_328' title='bbox 352 1758 479 1798; x_wconf 85' lang='lat' dir='ltr'>agmina</span> <span class='ocrx_word' id='word_1_329' title='bbox 494 1760 620 1797; x_wconf 87' lang='lat' dir='ltr'>parant,</span> <span class='ocrx_word' id='word_1_330' title='bbox 636 1767 776 1799; x_wconf 88' lang='lat' dir='ltr'>quorum</span> <span class='ocrx_word' id='word_1_331' title='bbox 793 1759 895 1790; x_wconf 88' lang='lat' dir='ltr'>altero</span> <span class='ocrx_word' id='word_1_332' title='bbox 918 1759 1124 1799; x_wconf 86' lang='lat' dir='ltr'>populatores</span> <span class='ocrx_word' id='word_1_333' title='bbox 1142 1756 1393 1794; x_wconf 80' lang='lat' dir='ltr'>invaderentur,</span> 
     </span>
     <span class='ocr_line' id='line_1_35' title="bbox 73 1803 1393 1846; baseline -0.001 -12"><span class='ocrx_word' id='word_1_334' title='bbox 73 1804 127 1837; x_wconf 89' lang='lat' dir='ltr'>alii</span> <span class='ocrx_word' id='word_1_335' title='bbox 141 1806 245 1837; x_wconf 85' lang='lat' dir='ltr'>castra</span> <span class='ocrx_word' id='word_1_336' title='bbox 259 1809 403 1837; x_wconf 84' lang='lat' dir='ltr'>Romana</span> <span class='ocrx_word' id='word_1_337' title='bbox 417 1807 639 1845; x_wconf 86' lang='lat' dir='ltr'>appugnarent</span> <span class='ocrx_word' id='word_1_338' title='bbox 652 1830 662 1845; x_wconf 89' lang='lat'>,</span> <span class='ocrx_word' id='word_1_339' title='bbox 676 1814 740 1837; x_wconf 90' lang='lat' dir='ltr'>non</span> <span class='ocrx_word' id='word_1_340' title='bbox 760 1814 815 1846; x_wconf 91' lang='lat' dir='ltr'>spe</span> <span class='ocrx_word' id='word_1_341' title='bbox 832 1805 999 1846; x_wconf 88' lang='lat' dir='ltr'>capiendi,</span> <span class='ocrx_word' id='word_1_342' title='bbox 1019 1805 1075 1837; x_wconf 91' lang='lat' dir='ltr'>sed</span> <span class='ocrx_word' id='word_1_343' title='bbox 1092 1807 1129 1836; x_wconf 87' lang='lat' dir='ltr'>ut</span> <span class='ocrx_word' id='word_1_344' title='bbox 1143 1804 1296 1843; x_wconf 86' lang='lat' dir='ltr'>clamore,</span> <span class='ocrx_word' id='word_1_345' title='bbox 1308 1803 1393 1841; x_wconf 83' lang='lat' dir='ltr'>telis,</span> 
     </span>
     <span class='ocr_line' id='line_1_36' title="bbox 72 1851 1394 1893; baseline -0.002 -11"><span class='ocrx_word' id='word_1_346' title='bbox 72 1859 131 1883; x_wconf 89' lang='lat' dir='ltr'>suo</span> <span class='ocrx_word' id='word_1_347' title='bbox 145 1852 279 1892; x_wconf 87' lang='lat' dir='ltr'>quisque</span> <span class='ocrx_word' id='word_1_348' title='bbox 293 1851 435 1892; x_wconf 88' lang='lat' dir='ltr'>periculo</span> <span class='ocrx_word' id='word_1_349' title='bbox 458 1851 602 1884; x_wconf 87' lang='lat' dir='ltr'>intentus</span> <span class='ocrx_word' id='word_1_350' title='bbox 620 1861 769 1884; x_wconf 86' lang='lat' dir='ltr'>sonorem</span> <span class='ocrx_word' id='word_1_351' title='bbox 792 1853 925 1884; x_wconf 82' lang='lat' dir='ltr'>alterius</span> <span class='ocrx_word' id='word_1_352' title='bbox 942 1853 1046 1893; x_wconf 83' lang='lat' dir='ltr'>proelii</span> <span class='ocrx_word' id='word_1_353' title='bbox 1069 1861 1135 1883; x_wconf 88' lang='lat' dir='ltr'>non</span> <span class='ocrx_word' id='word_1_354' title='bbox 1153 1851 1320 1890; x_wconf 86' lang='lat' dir='ltr'>acciperet.</span> <span class='ocrx_word' id='word_1_355' title='bbox 1341 1851 1394 1881; x_wconf 80' lang='lat' dir='ltr'>te-</span> 
     </span>
     <span class='ocr_line' id='line_1_37' title="bbox 74 1896 1394 1939; baseline -0.001 -10"><span class='ocrx_word' id='word_1_356' title='bbox 74 1896 182 1929; x_wconf 74' lang='lat' dir='ltr'>nebrae</span> <span class='ocrx_word' id='word_1_357' title='bbox 194 1898 324 1938; x_wconf 83' lang='lat' dir='ltr'>insuper</span> <span class='ocrx_word' id='word_1_358' title='bbox 336 1898 467 1929; x_wconf 81' lang='lat' dir='ltr'>delectae</span> <span class='ocrx_word' id='word_1_359' title='bbox 478 1899 657 1937; x_wconf 88' lang='lat' dir='ltr'>augendam</span> <span class='ocrx_word' id='word_1_360' title='bbox 672 1899 711 1931; x_wconf 86' lang='lat' dir='ltr'>ad</span> <span class='ocrx_word' id='word_1_361' title='bbox 727 1899 943 1931; x_wconf 82' lang='lat' dir='ltr'>formidinem.</span> <span class='ocrx_word' id='word_1_362' title='bbox 959 1899 1015 1931; x_wconf 83' lang='lat' dir='ltr'>sed</span> <span class='ocrx_word' id='word_1_363' title='bbox 1029 1899 1082 1939; x_wconf 90' lang='lat' dir='ltr'>qui</span> <span class='ocrx_word' id='word_1_364' title='bbox 1097 1899 1217 1929; x_wconf 86' lang='lat' dir='ltr'>vallum</span> <span class='ocrx_word' id='word_1_365' title='bbox 1232 1897 1394 1937; x_wconf 87' lang='lat' dir='ltr'>legionum</span> 
     </span>
     <span class='ocr_line' id='line_1_38' title="bbox 74 1943 1394 1986; baseline 0.001 -11"><span class='ocrx_word' id='word_1_366' title='bbox 74 1943 255 1984; x_wconf 79' lang='lat' dir='ltr'>tentabant,</span> <span class='ocrx_word' id='word_1_367' title='bbox 269 1944 361 1976; x_wconf 78' lang='lat' dir='ltr'>facile</span> <span class='ocrx_word' id='word_1_368' title='bbox 377 1944 566 1984; x_wconf 85' lang='lat' dir='ltr'>pelluntur:</span> <span class='ocrx_word' id='word_1_369' title='bbox 582 1945 743 1977; x_wconf 90' lang='lat' dir='ltr'>Thracum</span> <span class='ocrx_word' id='word_1_370' title='bbox 769 1946 888 1978; x_wconf 81' lang='lat' dir='ltr'>auxilia</span> <span class='ocrx_word' id='word_1_371' title='bbox 910 1946 1077 1986; x_wconf 84' lang='lat' dir='ltr'>repentino</span> <span class='ocrx_word' id='word_1_372' title='bbox 1101 1946 1236 1976; x_wconf 83' lang='lat' dir='ltr'>incursu</span> <span class='ocrx_word' id='word_1_373' title='bbox 1261 1944 1372 1976; x_wconf 87' lang='lat' dir='ltr'>territa</span> <span class='ocrx_word' id='word_1_374' title='bbox 1383 1969 1394 1985; x_wconf 91' lang='lat'>,</span> 
     </span>
     <span class='ocr_line' id='line_1_39' title="bbox 75 1990 1397 2033; baseline -0.001 -11"><span class='ocrx_word' id='word_1_375' title='bbox 75 1999 174 2030; x_wconf 90' lang='lat' dir='ltr'>quum</span> <span class='ocrx_word' id='word_1_376' title='bbox 188 2000 263 2032; x_wconf 86' lang='lat' dir='ltr'>pars</span> <span class='ocrx_word' id='word_1_377' title='bbox 275 1990 509 2023; x_wconf 86' lang='lat' dir='ltr'>munitionibus</span> <span class='ocrx_word' id='word_1_378' title='bbox 521 1991 725 2032; x_wconf 85' lang='lat' dir='ltr'>adjacerent,</span> <span class='ocrx_word' id='word_1_379' title='bbox 740 1993 847 2033; x_wconf 87' lang='lat' dir='ltr'>plures</span> <span class='ocrx_word' id='word_1_380' title='bbox 862 1994 954 2025; x_wconf 81' lang='lat' dir='ltr'>extra</span> <span class='ocrx_word' id='word_1_381' title='bbox 968 1993 1153 2033; x_wconf 87' lang='lat' dir='ltr'>palarentur</span> <span class='ocrx_word' id='word_1_382' title='bbox 1163 2016 1172 2031; x_wconf 94' lang='lat'>,</span> <span class='ocrx_word' id='word_1_383' title='bbox 1190 1992 1281 2023; x_wconf 88' lang='lat' dir='ltr'>tanto</span> <span class='ocrx_word' id='word_1_384' title='bbox 1296 1991 1397 2022; x_wconf 84' lang='lat' dir='ltr'>infen-</span> 
     </span>
     <span class='ocr_line' id='line_1_40' title="bbox 74 2037 1396 2079; baseline 0.001 -10"><span class='ocrx_word' id='word_1_385' title='bbox 74 2037 142 2069; x_wconf 89' lang='lat' dir='ltr'>sius</span> <span class='ocrx_word' id='word_1_386' title='bbox 153 2038 241 2078; x_wconf 82' lang='lat' dir='ltr'>caesi,</span> <span class='ocrx_word' id='word_1_387' title='bbox 258 2040 380 2079; x_wconf 86' lang='lat' dir='ltr'>quanto</span> <span class='ocrx_word' id='word_1_388' title='bbox 390 2038 552 2079; x_wconf 77' lang='lat' dir='ltr'>persuqae</span> <span class='ocrx_word' id='word_1_389' title='bbox 565 2040 598 2071; x_wconf 80' lang='lat' dir='ltr'>et</span> <span class='ocrx_word' id='word_1_390' title='bbox 610 2039 808 2079; x_wconf 78' lang='lat' dir='ltr'>proditores</span> <span class='ocrx_word' id='word_1_391' title='bbox 816 2039 917 2078; x_wconf 84' lang='lat' dir='ltr'>serre</span> <span class='ocrx_word' id='word_1_392' title='bbox 938 2047 1042 2071; x_wconf 82' lang='lat' dir='ltr'>arma</span> <span class='ocrx_word' id='word_1_393' title='bbox 1063 2038 1111 2071; x_wconf 88' lang='lat' dir='ltr'>ad</span> <span class='ocrx_word' id='word_1_394' title='bbox 1132 2047 1234 2070; x_wconf 80' lang='lat' dir='ltr'>suum</span> <span class='ocrx_word' id='word_1_395' title='bbox 1250 2039 1396 2077; x_wconf 65' lang='lat' dir='ltr'>pacrioe·</span> 
     </span>
     <span class='ocr_line' id='line_1_41' title="bbox 74 2085 587 2126; baseline -0.002 -9"><span class='ocrx_word' id='word_1_396' title='bbox 74 2093 140 2126; x_wconf 82' lang='lat' dir='ltr'>que</span> <span class='ocrx_word' id='word_1_397' title='bbox 152 2087 333 2118; x_wconf 74' lang='lat' dir='ltr'>servitium</span> <span class='ocrx_word' id='word_1_398' title='bbox 344 2085 587 2118; x_wconf 84' lang='lat' dir='ltr'>incusabantur.</span> 
     </span>
    </p>

    <p class='ocr_par' dir='ltr' id='par_1_5' title="bbox 74 2130 1396 2316">
     <span class='ocr_line' id='line_1_42' title="bbox 117 2130 1395 2174; baseline -0.002 -10"><span class='ocrx_word' id='word_1_399' title='bbox 117 2135 222 2165; x_wconf 83' lang='lat' dir='ltr'>XLIX.</span> <span class='ocrx_word' id='word_1_400' title='bbox 244 2135 378 2165; x_wconf 82' lang='lat' dir='ltr'>Postera</span> <span class='ocrx_word' id='word_1_401' title='bbox 393 2133 445 2165; x_wconf 82' lang='lat' dir='ltr'>die</span> <span class='ocrx_word' id='word_1_402' title='bbox 462 2133 601 2166; x_wconf 89' lang='lat' dir='ltr'>Sabinus</span> <span class='ocrx_word' id='word_1_403' title='bbox 617 2134 795 2165; x_wconf 81' lang='lat' dir='ltr'>exercitum</span> <span class='ocrx_word' id='word_1_404' title='bbox 820 2142 914 2174; x_wconf 83' lang='lat' dir='ltr'>aequo</span> <span class='ocrx_word' id='word_1_405' title='bbox 938 2133 1012 2165; x_wconf 91' lang='lat' dir='ltr'>loco</span> <span class='ocrx_word' id='word_1_406' title='bbox 1036 2133 1200 2172; x_wconf 86' lang='lat' dir='ltr'>ostendit,</span> <span class='ocrx_word' id='word_1_407' title='bbox 1224 2132 1251 2164; x_wconf 91' lang='lat' dir='ltr'>si</span> <span class='ocrx_word' id='word_1_408' title='bbox 1267 2130 1395 2163; x_wconf 89' lang='lat' dir='ltr'>barbari</span> 
     </span>
     <span class='ocr_line' id='line_1_43' title="bbox 75 2180 1395 2221; baseline -0.001 -11"><span class='ocrx_word' id='word_1_409' title='bbox 75 2186 228 2211; x_wconf 84' lang='lat' dir='ltr'>successu</span> <span class='ocrx_word' id='word_1_410' title='bbox 240 2180 347 2211; x_wconf 88' lang='lat' dir='ltr'>noctis</span> <span class='ocrx_word' id='word_1_411' title='bbox 361 2180 481 2212; x_wconf 88' lang='lat' dir='ltr'>alacres</span> <span class='ocrx_word' id='word_1_412' title='bbox 498 2180 649 2221; x_wconf 80' lang='lat' dir='ltr'>proelium</span> <span class='ocrx_word' id='word_1_413' title='bbox 666 2181 834 2213; x_wconf 87' lang='lat' dir='ltr'>auderent.</span> <span class='ocrx_word' id='word_1_414' title='bbox 852 2182 886 2213; x_wconf 90' lang='lat' dir='ltr'>et</span> <span class='ocrx_word' id='word_1_415' title='bbox 903 2182 1074 2221; x_wconf 86' lang='lat' dir='ltr'>postquam</span> <span class='ocrx_word' id='word_1_416' title='bbox 1089 2180 1220 2212; x_wconf 85' lang='lat' dir='ltr'>castello</span> <span class='ocrx_word' id='word_1_417' title='bbox 1242 2181 1298 2211; x_wconf 88' lang='lat' dir='ltr'>aut</span> <span class='ocrx_word' id='word_1_418' title='bbox 1311 2187 1395 2210; x_wconf 89' lang='lat' dir='ltr'>con—</span> 
     </span>
     <span class='ocr_line' id='line_1_44' title="bbox 74 2225 1395 2268; baseline -0.001 -11"><span class='ocrx_word' id='word_1_419' title='bbox 74 2225 196 2264; x_wconf 83' lang='lat' dir='ltr'>junctis</span> <span class='ocrx_word' id='word_1_420' title='bbox 211 2227 346 2258; x_wconf 90' lang='lat' dir='ltr'>tumulis</span> <span class='ocrx_word' id='word_1_421' title='bbox 358 2236 424 2258; x_wconf 87' lang='lat' dir='ltr'>non</span> <span class='ocrx_word' id='word_1_422' title='bbox 438 2227 726 2268; x_wconf 86' lang='lat' dir='ltr'>degrediebantur,</span> <span class='ocrx_word' id='word_1_423' title='bbox 749 2227 914 2259; x_wconf 89' lang='lat' dir='ltr'>obsidium</span> <span class='ocrx_word' id='word_1_424' title='bbox 935 2228 1032 2268; x_wconf 87' lang='lat' dir='ltr'>coepit</span> <span class='ocrx_word' id='word_1_425' title='bbox 1051 2236 1108 2268; x_wconf 87' lang='lat' dir='ltr'>per</span> <span class='ocrx_word' id='word_1_426' title='bbox 1132 2226 1302 2268; x_wconf 82' lang='lat' dir='ltr'>praesidia,</span> <span class='ocrx_word' id='word_1_427' title='bbox 1321 2233 1395 2265; x_wconf 76' lang='lat' dir='ltr'>quae</span> 
     </span>
     <span class='ocr_line' id='line_1_45' title="bbox 77 2273 1396 2316; baseline -0.001 -13"><span class='ocrx_word' id='word_1_428' title='bbox 77 2274 256 2312; x_wconf 88' lang='lat' dir='ltr'>opportune</span> <span class='ocrx_word' id='word_1_429' title='bbox 265 2274 333 2313; x_wconf 86' lang='lat' dir='ltr'>jam</span> <span class='ocrx_word' id='word_1_430' title='bbox 350 2274 358 2292; x_wconf 83' lang='lat'><strong>¹</strong></span> <span class='ocrx_word' id='word_1_431' title='bbox 378 2274 570 2315; x_wconf 79' lang='lat' dir='ltr'>muniebat3</span> <span class='ocrx_word' id='word_1_432' title='bbox 586 2275 661 2307; x_wconf 85' lang='lat' dir='ltr'>dein</span> <span class='ocrx_word' id='word_1_433' title='bbox 678 2275 798 2307; x_wconf 79' lang='lat' dir='ltr'>fossam</span> <span class='ocrx_word' id='word_1_434' title='bbox 814 2275 1010 2316; x_wconf 82' lang='lat' dir='ltr'>loricamque</span> <span class='ocrx_word' id='word_1_435' title='bbox 1022 2276 1197 2307; x_wconf 83' lang='lat' dir='ltr'>contexens</span> <span class='ocrx_word' id='word_1_436' title='bbox 1207 2273 1218 2291; x_wconf 84' lang='lat'>²</span> <span class='ocrx_word' id='word_1_437' title='bbox 1243 2274 1396 2313; x_wconf 89' lang='lat' dir='ltr'>quattuor</span> 
     </span>
    </p>

    <p class='ocr_par' dir='ltr' id='par_1_6' title="bbox 108 2336 1351 2370">
     <span class='ocr_line' id='line_1_46' title="bbox 108 2336 1351 2370; baseline -0.001 -10"><span class='ocrx_word' id='word_1_438' title='bbox 108 2336 212 2360; x_wconf 79' lang='lat' dir='ltr'>XLVII.</span> <span class='ocrx_word' id='word_1_439' title='bbox 226 2342 246 2361; x_wconf 72' lang='grc' dir='ltr'>ι.</span> <span class='ocrx_word' id='word_1_440' title='bbox 260 2337 402 2367; x_wconf 79' lang='lat' dir='ltr'>sugambri</span> <span class='ocrx_word' id='word_1_441' title='bbox 415 2344 430 2362; x_wconf 89' lang='lat' dir='ltr'>a</span> <span class='ocrx_word' id='word_1_442' title='bbox 442 2338 550 2363; x_wconf 82' lang='lat' dir='ltr'>Tiberio</span> <span class='ocrx_word' id='word_1_443' title='bbox 565 2345 589 2363; x_wconf 84' lang='lat' dir='ltr'>a.</span> <span class='ocrx_word' id='word_1_444' title='bbox 603 2340 633 2364; x_wconf 86' lang='lat' dir='ltr'>U.</span> <span class='ocrx_word' id='word_1_445' title='bbox 653 2345 696 2364; x_wconf 73' lang='grc' dir='ltr'>πε</span> <span class='ocrx_word' id='word_1_446' title='bbox 709 2340 775 2364; x_wconf 73' lang='lat' dir='ltr'>victi</span> <span class='ocrx_word' id='word_1_447' title='bbox 790 2340 817 2364; x_wconf 87' lang='lat' dir='ltr'>et</span> <span class='ocrx_word' id='word_1_448' title='bbox 830 2340 858 2364; x_wconf 89' lang='lat' dir='ltr'>in</span> <span class='ocrx_word' id='word_1_449' title='bbox 871 2340 1006 2364; x_wconf 81' lang='lat' dir='ltr'>sinistram</span> <span class='ocrx_word' id='word_1_450' title='bbox 1021 2340 1106 2370; x_wconf 87' lang='lat' dir='ltr'>ripam</span> <span class='ocrx_word' id='word_1_451' title='bbox 1122 2339 1205 2363; x_wconf 76' lang='lat' dir='ltr'>Rheni</span> <span class='ocrx_word' id='word_1_452' title='bbox 1219 2336 1351 2361; x_wconf 83' lang='lat' dir='ltr'>translati.</span> 
     </span>
    </p>

    <p class='ocr_par' dir='ltr' id='par_1_7' title="bbox 108 2371 1393 2405">
     <span class='ocr_line' id='line_1_47' title="bbox 108 2371 1393 2405; baseline 0 -11"><span class='ocrx_word' id='word_1_453' title='bbox 108 2371 222 2397; x_wconf 77' lang='lat' dir='ltr'>XLVIII.</span> <span class='ocrx_word' id='word_1_454' title='bbox 237 2378 258 2396; x_wconf 73' lang='grc' dir='ltr'>ι.</span> <span class='ocrx_word' id='word_1_455' title='bbox 271 2373 419 2397; x_wconf 84' lang='lat' dir='ltr'>Dummodo</span> <span class='ocrx_word' id='word_1_456' title='bbox 432 2374 571 2403; x_wconf 80' lang='lat' dir='ltr'>populatio</span> <span class='ocrx_word' id='word_1_457' title='bbox 585 2376 655 2399; x_wconf 80' lang='lat' dir='ltr'>intra</span> <span class='ocrx_word' id='word_1_458' title='bbox 670 2376 740 2399; x_wconf 86' lang='lat' dir='ltr'>diem</span> <span class='ocrx_word' id='word_1_459' title='bbox 755 2375 938 2404; x_wconf 85' lang='lat' dir='ltr'>cohiberetur,</span> <span class='ocrx_word' id='word_1_460' title='bbox 953 2381 1008 2399; x_wconf 89' lang='lat' dir='ltr'>non</span> <span class='ocrx_word' id='word_1_461' title='bbox 1020 2375 1219 2405; x_wconf 83' lang='lat' dir='ltr'>produceretur</span> <span class='ocrx_word' id='word_1_462' title='bbox 1231 2373 1258 2396; x_wconf 91' lang='lat' dir='ltr'>in</span> <span class='ocrx_word' id='word_1_463' title='bbox 1273 2373 1393 2395; x_wconf 84' lang='lat' dir='ltr'>noctem.</span> 
     </span>
    </p>
   </div>
   <div class='ocr_carea' id='block_1_3' title="bbox 79 2406 1394 2475">
    <p class='ocr_par' dir='ltr' id='par_1_8' title="bbox 79 2406 1394 2475">
     <span class='ocr_line' id='line_1_48' title="bbox 108 2406 1394 2436; baseline 0 -7"><span class='ocrx_word' id='word_1_464' title='bbox 108 2406 198 2430; x_wconf 74' lang='lat' dir='ltr'>XLIX.</span> <span class='ocrx_word' id='word_1_465' title='bbox 217 2412 238 2430; x_wconf 77' lang='grc' dir='ltr'>ι.</span> <span class='ocrx_word' id='word_1_466' title='bbox 251 2408 327 2432; x_wconf 84' lang='lat' dir='ltr'>Nunc</span> <span class='ocrx_word' id='word_1_467' title='bbox 336 2427 342 2436; x_wconf 96' lang='lat'>‚</span> <span class='ocrx_word' id='word_1_468' title='bbox 356 2408 419 2432; x_wconf 82' lang='lat' dir='ltr'>dum</span> <span class='ocrx_word' id='word_1_469' title='bbox 432 2409 540 2433; x_wconf 83' lang='lat' dir='ltr'>barbari</span> <span class='ocrx_word' id='word_1_470' title='bbox 556 2415 611 2434; x_wconf 90' lang='lat' dir='ltr'>non</span> <span class='ocrx_word' id='word_1_471' title='bbox 630 2410 807 2434; x_wconf 81' lang='lat' dir='ltr'>accedebant.</span> <span class='ocrx_word' id='word_1_472' title='bbox 819 2422 848 2427; x_wconf 83' lang='lat'><em>-</em></span> <span class='ocrx_word' id='word_1_473' title='bbox 859 2415 882 2435; x_wconf 78' lang='lat'>2.</span> <span class='ocrx_word' id='word_1_474' title='bbox 899 2411 1014 2435; x_wconf 78' lang='lat' dir='ltr'>Fossam</span> <span class='ocrx_word' id='word_1_475' title='bbox 1026 2410 1130 2435; x_wconf 78' lang='lat' dir='ltr'>ducens</span> <span class='ocrx_word' id='word_1_476' title='bbox 1152 2411 1179 2435; x_wconf 84' lang='lat' dir='ltr'>et</span> <span class='ocrx_word' id='word_1_477' title='bbox 1193 2408 1314 2435; x_wconf 78' lang='lat' dir='ltr'>loricam</span> <span class='ocrx_word' id='word_1_478' title='bbox 1327 2411 1394 2430; x_wconf 83' lang='lat' dir='ltr'>con-</span> 
     </span>
     <span class='ocr_line' id='line_1_49' title="bbox 79 2442 996 2475; baseline 0.007 -10"><span class='ocrx_word' id='word_1_479' title='bbox 79 2442 176 2466; x_wconf 76' lang='lat' dir='ltr'>texens</span> <span class='ocrx_word' id='word_1_480' title='bbox 190 2447 224 2466; x_wconf 77' lang='lat' dir='ltr'>ex</span> <span class='ocrx_word' id='word_1_481' title='bbox 240 2443 376 2467; x_wconf 82' lang='lat' dir='ltr'>cratibus:</span> <span class='ocrx_word' id='word_1_482' title='bbox 391 2444 558 2473; x_wconf 79' lang='lat' dir='ltr'>significatur</span> <span class='ocrx_word' id='word_1_483' title='bbox 571 2445 643 2475; x_wconf 77' lang='lat' dir='ltr'>quod</span> <span class='ocrx_word' id='word_1_484' title='bbox 657 2446 769 2470; x_wconf 73' lang='lat' dir='ltr'>dicimus</span> <span class='ocrx_word' id='word_1_485' title='bbox 783 2451 839 2471; x_wconf 80' lang='lat' dir='ltr'>une</span> <span class='ocrx_word' id='word_1_486' title='bbox 852 2445 996 2472; x_wconf 75' lang='lat' dir='ltr'>tranche&#39;e.</span> 
     </span>
    </p>
   </div>
  </div>
 </body>
</html>
