1539 2668
525 132 561 161 A.
586 132 625 162 U.
649 133 684 162 C.
709 132 782 162 822.
805 133 842 163 A.
865 134 900 164 C.
926 135 981 166 69.
1355 140 1421 170 345

92 223 111 241 ι
127 210 161 242 id
176 214 274 242 Basso
287 233 296 249 ,
321 207 354 240 id
377 207 512 241 caecinae
528 207 637 239 visum
655 218 662 239 ε
683 210 856 249 postquam
873 209 987 242 domos
999 234 1008 249 ‚
1032 210 1166 251 hortos,
1185 220 1261 252 opes
1277 214 1419 256 principi

95 270 111 286 ιι
128 256 337 296 abstulerint,
355 256 452 288 etiam
470 255 626 287 militibus
642 256 825 297 Principem
842 257 977 289 auferre.
1001 257 1143 297 integros
1156 258 1424 302 incruentosque,

94 317 111 334 ι
128 304 283 337 Flavianis
303 312 433 344 quoque
448 302 595 344 partibus
615 302 696 334 viles
709 303 736 342 ³,
753 304 829 344 quid
846 304 993 337 dicturos
1010 306 1260 344 reposcentibus
1276 309 1332 338 aut
1349 316 1421 349 pro·

96 365 113 381 «
129 361 220 393 spera
237 353 292 384 aut
308 350 467 383 adversa?
477 350 488 368 ⁸
508 362 524 377 ν

134 404 214 432 XIV.
238 403 314 431 Haec
327 398 466 438 singuli,
480 397 549 429 haec
566 398 709 429 universi
724 423 733 438 ‚
749 401 787 429 ut
801 407 964 440 quemque
977 398 1070 430 dolor
1084 399 1280 440 impulerat,
1298 402 1421 434 vocife-

95 448 220 486 rantes,
243 446 334 478 initio
355 455 372 477 a
388 445 501 486 quinta
524 445 649 485 legione
668 448 760 485 ort0‚
778 446 930 487 repositis
946 447 1068 478 Vitellii
1082 447 1298 487 imaginibus,
1317 449 1426 481 vincla

94 494 233 529 Caecinae
249 493 416 532 injiciunt;
433 492 566 523 Fabium
588 492 757 523 Fabullum
773 494 899 533 quintae
921 493 1059 533 legionis
1073 495 1213 534 legatum
1230 498 1260 525 et
1275 496 1424 527 Cassium

95 546 236 582 Longum
252 540 441 580 praesectum
459 540 639 570 castrorum
655 539 754 571 duces
771 540 938 580 deligunt;
957 540 1039 572 forte
1055 541 1183 572 oblatos
1199 543 1297 572 trium
1315 542 1427 574 Libur-

96 590 240 621 nicarum
264 586 382 617 milites
406 584 534 625 ignaros
558 588 589 617 et
613 590 758 617 insontes
782 587 963 626 trucidant3
988 587 1107 619 relictis
1129 589 1260 627 castris,
1285 589 1426 630 abrupto

95 635 193 676 ponte
216 634 382 665 Hostiliam
406 641 536 672 rursus,
555 632 629 663 inde
651 637 843 664 Cremonam
868 635 1027 674 pergunt,
1043 638 1078 665 ut
1104 635 1283 674 legionibus
1312 637 1426 676 primae

97 682 215 713 Italicae
229 682 261 712 et
277 679 528 712 unietvicesimae
542 680 660 719 Rapaci
676 681 900 720 iungerentur,
917 690 995 720 quas
1018 681 1145 713 Caecina
1159 681 1197 712 ad
1216 682 1427 715 obtinendam

97 731 287 761 Cremonam
307 736 380 758 cum
397 729 490 767 parte
508 727 656 766 equitum
677 728 888 767 praemiserat.

140 779 204 806 XV.
230 775 290 806 Ubi
309 775 378 805 baec
404 776 575 813 comperta
600 775 762 812 Antonio,
783 775 948 808 discordes
972 776 1109 814 animis,
1130 776 1286 808 discretos
1308 778 1430 810 viribus

98 822 241 853 hostium
258 820 418 852 exercitus
444 820 570 859 aggredi
594 822 730 857 statuit,
752 824 926 862 antequam
949 823 1087 853 ducibus
1115 823 1309 863 auctoritas,
1334 825 1430 858 militi

98 868 289 908 obsequium
303 866 466 906 etjunctis
481 866 660 906 legionibus
678 867 792 898 fiducia
811 869 938 901 rediret.
957 878 1097 909 namque
1111 869 1244 900 Fabium
1262 871 1430 904 Valentem

99 915 280 955 profectum
295 914 335 945 ab
351 913 437 945 Urbe
465 913 788 953 acceleratur-umque
809 916 938 955 cognita
960 916 1098 948 Caecinae
1121 917 1303 955 proditione
1325 919 1432 958 conje-

100 962 227 1000 ctabat;
245 963 278 993 et
301 961 384 992 fidus
407 960 537 991 Vitellio
560 960 695 999 Fabius,
721 970 779 992 nec
796 962 921 994 militiae
944 963 1085 1003 ignarus.
1110 963 1205 994 simul
1228 964 1340 1004 ingens
1357 969 1432 997 Ger-

99 1018 272 1042 manorum
290 1009 338 1039 vis
362 1016 417 1048 per
442 1008 576 1038 Raetiam
593 1008 789 1041 timebatur;
809 1010 841 1040 et
855 1010 1021 1041 Britannia
1040 1010 1204 1050 Galliaque
1221 1013 1252 1042 et
1278 1013 1432 1052 Hispania

100 1057 222 1088 auxilia
235 1054 383 1087 Vitellius
400 1055 582 1090 acciverat,
600 1055 792 1087 immensam
810 1056 884 1087 belli
902 1057 987 1088 luem
1006 1056 1030 1096 ¹,
1052 1057 1084 1087 ni
1101 1058 1260 1088 Antonius
1276 1059 1306 1090 id
1326 1060 1433 1098 ipsum

101 1105 250 1135 metuens
275 1102 428 1133 festinato
452 1103 567 1142 proelio
589 1103 758 1133 victoriam
780 1104 998 1144 praecepisset.
1020 1104 1175 1135 universo
1193 1114 1267 1136 cum
1285 1107 1431 1139 exercitu

100 1150 250 1184 secundis
273 1158 291 1180 a
307 1153 433 1180 Verona
460 1149 596 1180 castris²
624 1149 813 1180 Bedriacum
837 1151 937 1181 venit.
961 1153 1089 1190 postero
1112 1151 1162 1181 die
1190 1151 1365 1191 legionibus
1393 1154 1432 1185 ad

101 1196 314 1230 muniendum
330 1197 464 1227 retentis
482 1196 655 1228 auxiliares
678 1197 829 1228 cohortes
852 1198 884 1227 in
905 1201 1154 1229 Cremonensem
1171 1207 1283 1238 agrum
1303 1201 1409 1231 missae
1421 1225 1430 1240 ,

101 1246 139 1277 ut
154 1244 259 1286 specie
273 1243 488 1284 parandarum
506 1244 671 1283 copiarum
688 1244 774 1274 civili
792 1244 902 1284 praeda
918 1245 1009 1276 miles
1023 1245 1223 1276 imbueretur
1276 1247 1344 1286 ipse
1358 1257 1432 1278 cum

102 1293 256 1332 quattuor
280 1290 423 1321 millibus
452 1291 600 1331 equitum
628 1291 667 1321 ad
697 1291 872 1321 octavum⁴
905 1300 923 1322 a
958 1291 1111 1323 Bedriaco
1136 1301 1346 1333 progressus,
1367 1305 1432 1335 quo

101 1339 250 1371 licentius
267 1337 511 1378 popularentur.
528 1338 750 1377 exploratores
770 1338 826 1377 (ut
842 1347 911 1369 mos
928 1341 992 1377 est)
1014 1339 1138 1377 longius
1155 1339 1313 1371 curabant
1324 1342 1347 1372 ⁵.

142 1389 223 1417 XVI.
247 1385 367 1424 Quinta
385 1384 483 1415 ferme
499 1384 578 1415 liora
593 1385 657 1415 diei
672 1386 760 1423 erat,
777 1394 877 1425 quum
893 1386 976 1417 citus
991 1395 1090 1426 eques
1104 1386 1296 1417 advenam-e
1309 1388 1435 1429 kosle&v

96 1431 271 1474 proeqredi
283 1440 427 1472 paucos,
444 1434 575 1463 motum
583 1431 841 1473 fremitumque
864 1433 936 1464 late
951 1433 1068 1464 audiri
1086 1434 1259 1464 nuntiavit.
1278 1434 1353 1465 dum
1376 1441 1439 1468 An-

100 1480 209 1513 tonius
235 1479 404 1520 quidnam
431 1478 606 1519 aqendum
631 1480 816 1519 consultat,
842 1480 999 1511 aviditate
1017 1481 1175 1511 navandae
1199 1490 1304 1520 operae
1323 1483 1435 1515 Arrius

101 1529 207 1558 Varus
218 1535 291 1557 curn
307 1525 556 1566 promptissimis
573 1528 721 1566 equitum
738 1527 883 1567 prorupit
898 1527 1093 1567 impulitque
1102 1528 1290 1559 Vitellianos
1306 1530 1431 1563 modica

102 1573 191 1605 caede
208 1583 215 1604 :
230 1582 305 1605 narn
323 1573 463 1614 plurium
481 1581 617 1604 accursu
639 1582 729 1605 versa
748 1574 889 1612 fortuna,
907 1577 939 1606 et
955 1575 1133 1606 acerrimus
1150 1575 1288 1615 quisque
1302 1585 1441 1617 sequen-

103 1619 187 1651 tium
204 1620 288 1661 fugae
313 1620 447 1652 ultimus
465 1622 534 1652 erat
549 1621 571 1650 ¹.
598 1630 658 1652 nec
681 1624 798 1661 sponte
817 1621 949 1652 Antonii
967 1624 1197 1662 properatum,
1220 1626 1251 1653 et
1278 1623 1344 1654 fore
1362 1634 1436 1665 quae

103 1666 285 1699 acciderant
301 1667 440 1699 rebatur.
456 1668 604 1699 hortatus
622 1676 698 1699 snos
712 1670 752 1699 ut
768 1676 892 1708 maqno
907 1671 1022 1700 animo
1036 1671 1256 1710 capesserent
1264 1678 1418 1710 puqnam
1428 1697 1438 1713 ‚

104 1714 246 1746 diductis
262 1715 295 1745 in
312 1714 416 1746 latera
432 1715 548 1745 turmis
565 1724 705 1746 vacuum
727 1715 833 1746 medio
848 1715 1000 1755 relinquit
1022 1716 1083 1748 iter
1095 1741 1104 1756 ‚
1128 1726 1191 1757 quo
1211 1721 1329 1747 Varum
1348 1720 1439 1759 equi,

103 1764 215 1801 tesque
232 1762 301 1800 ejus
320 1761 475 1800 reciperet
486 1771 494 1799 ;
506 1761 603 1800 jussae
617 1762 733 1793 armari
752 1763 891 1802 legiones
905 1775 913 1802 ;
932 1763 1045 1794 datum
1061 1773 1118 1803 per
1131 1773 1223 1803 agros
1240 1765 1367 1803 signum
1385 1767 1435 1804 ut,

104 1817 168 1848 qua
181 1808 297 1848 cuique
311 1808 496 1848 proximum
509 1833 517 1844 ,
534 1809 654 1839 omissa
668 1809 778 1848 praeda
793 1810 906 1849 proelio
920 1813 1135 1842 occurrerent.
1154 1811 1290 1851 pavidus
1306 1812 1433 1848 interim

104 1859 207 1887 Varus
220 1855 325 1886 turbae
343 1864 477 1886 suorum
497 1854 653 1887 miscetur
670 1856 844 1896 intulitque
864 1856 1085 1888 formidinem.
1109 1858 1194 1897 pulsi
1216 1866 1291 1888 cum
1314 1862 1435 1895 sauciis

103 1903 218 1942 integri
235 1902 426 1942 suometipsi
442 1904 529 1933 metu
546 1904 577 1934 et
593 1903 752 1942 angustiis
768 1903 895 1934 viarum
913 1903 1192 1935 conflictabantur.

146 1953 241 1981 XVII.
263 1949 393 1980 Nullum
414 1949 446 1979 in
464 1949 517 1980 illa
533 1949 752 1989 trepidatione
769 1951 928 1982 Antonius
944 1952 1123 1983 constantis
1143 1952 1232 1985 ducis
1253 1958 1310 1985 aut
1326 1955 1434 1987 sortis-

104 1996 180 2029 simi
195 1997 305 2027 militis
319 1996 464 2028 officium
478 1996 599 2029 omisit.
618 2006 787 2029 occursare
802 1998 996 2039 paventibus
1009 2023 1018 2038 ‚
1036 1999 1173 2031 retinere
1191 2001 1340 2033 cedentes
1353 2027 1361 2041 ‚
1379 2001 1436 2033 ubi

103 2043 266 2085 plurimus
283 2043 394 2084 labor,
418 2044 503 2076 unde
522 2044 629 2084 aliqua
645 2053 737 2085 spes,
758 2045 912 2086 consilio,
930 2054 1030 2077 manu
1045 2070 1055 2087 ‚
1074 2055 1152 2078 voce
1175 2048 1310 2088 insignis
1329 2049 1432 2089 hosti,

104 2143 241 2173 gionariis.
260 2143 391 2172 Vicissim,
405 2144 475 2168 utin
494 2143 616 2174 legiones
639 2145 889 2175 conscriberentur,
903 2145 1067 2170 affectantes
1088 2146 1242 2171 classiarios
1260 2154 1341 2176 supra
1365 2148 1422 2172 vidi

105 2183 226 2203 mus—⁷.
240 2179 273 2204 Se
287 2180 372 2203 visum
389 2180 422 2204 iri
434 2180 567 2204 vilem—⁸.
583 2181 759 2205 noscentibus
773 2183 803 2206 ut
816 2182 952 2205 rationem
970 2182 1087 2206 reddant
1106 2185 1153 2206 aut
1167 2189 1359 2212 prosperorum
1383 2185 1432 2208 au*

105 2213 303 2238 adversorum:
319 2215 455 2245 quomodo
470 2216 512 2239 usi
531 2217 585 2239 sint
599 2217 715 2240 victoria
737 2223 783 2240 sua
798 2216 833 2240 ad
854 2217 1024 2246 Bedriacum,
1052 2218 1098 2242 aut
1122 2224 1239 2248 quanam
1264 2220 1434 2244 adversitate

106 2254 139 2274 eo
153 2251 242 2273 essent
259 2250 371 2279 detrusi,
388 2252 419 2275 ut
432 2251 554 2275 accessio
570 2252 671 2275 classis
685 2252 794 2276 fierent.

134 2283 189 2307 XV.
208 2289 230 2309 ι.
243 2285 306 2314 Quae
320 2285 412 2310 futura
428 2288 519 2311 essent
540 2287 669 2311 'inmensa
692 2288 827 2317 pernicies
840 2287 939 2314 bellica
954 2290 1036 2314 terris
1057 2290 1119 2314 illis.
1138 2303 1166 2307 —
1179 2295 1200 2314 2-
1221 2290 1298 2315 Bidui
1317 2291 1429 2316 itinere.

105 2319 208 2349 agmen
222 2325 328 2349 quaque
344 2327 456 2351 vespera
472 2323 562 2346 castra
576 2322 706 2352 ponebat.
722 2329 781 2347 —s.
798 2324 916 2348 Praedam
927 2330 960 2348 ex
975 2325 1081 2349 civibus
1092 2327 1201 2355 captam
1219 2327 1353 2355 gustaret.
1367 2329 1431 2351 —⁴.

106 2355 232 2383 Lapidem
245 2355 480 2385 (milliarium).—-s.
498 2359 615 2387 Longius
629 2359 809 2388 procedentes
822 2360 959 2390 negotium
970 2366 1049 2385 suum
1060 2362 1301 2392 exsequebantur.

132 2390 200 2414 xvl.
216 2395 235 2415 ι.
251 2391 280 2416 In
292 2391 357 2422 tuga
369 2393 452 2419 etiam
463 2393 501 2420 ita
514 2394 668 2425 resistebat,
681 2396 710 2420 ut
721 2395 831 2420 ultimus
839 2397 915 2421 retro
928 2395 1049 2423 cederet.

1451 2269 1455 2285 t

1228 2442 1287 2476 15.
