1539 2668
96 180 173 216 210:
476 179 610 210 TACITI
634 178 842 207 ANNALIUM
854 180 940 208 LIB.
964 180 1047 209 XIV.

96 264 169 294 ictu
191 259 258 292 levi
274 259 450 296 sauciam,
469 259 502 289 et
520 256 688 288 hactenus
707 256 714 273 ¹
739 256 835 287 adito
847 256 1045 289 discrimine
1055 266 1096 289 ne
1111 260 1236 290 auctor
1254 258 1439 292 dubitare-1

97 311 168 339 tur.
189 308 262 339 tum
281 314 400 347 pavore
418 304 596 342 exanimis,
620 303 742 343 etjam
762 303 907 345 jamque
934 303 1056 344 affore
1075 304 1240 337 obtestans
1263 306 1440 339 vindic-tce:

93 361 305 395 properam,
324 354 392 383 sive
409 352 551 383 servilia
567 352 725 382 armaret
739 351 791 381 vel
803 351 950 382 militem
965 351 1179 391 accenderet,
1194 354 1261 384 sive
1275 352 1322 384 ad
1334 361 1441 385 senar<

98 403 173 432 tam
192 403 225 432 et
240 400 408 441 poputum
423 397 641 438 pervaderet,
653 397 884 437 naufraqium
892 400 925 430 et
940 399 1070 430 vulnus
1082 400 1115 430 et
1132 398 1334 438 interfectos
1348 402 1431 432 ami-

95 457 150 479 cos
169 446 365 487 objiciendo.
384 444 474 486 quod
488 444 610 475 contra
622 443 814 475 subsidium
826 444 890 475 sibi
902 447 918 476 Ρ
935 447 999 476 nisi
1011 445 1094 486 quid
1107 448 1244 477 Burrus
1260 448 1294 478 et
1308 448 1445 478 Seneca-

97 494 313 534 expedirent.
338 501 418 532 quos
447 493 557 522 statim
581 491 763 531 acciverat,
792 491 952 522 incertum
970 501 1011 522 an
1038 494 1071 523 et
1087 492 1161 523 ante
1175 494 1311 532 ignaros.
1335 492 1433 532 igitur

97 541 234 581 longum
257 541 425 579 utriusque
443 538 631 578 silentium,
656 547 696 570 ne
717 537 801 569 irriti
816 537 828 555 ²
854 538 1098 579 dissuaderent,
1119 548 1160 570 an
1182 549 1220 570 eo
1246 539 1446 571 descensum·

97 589 296 627 eredebant,
328 589 375 625 ut,
404 586 466 617 nisi
493 585 728 626 praeveniretur
745 585 940 625 Agrippina,
963 586 1163 626 pereundum
1191 586 1308 618 Neroni
1335 587 1434 618 esset.

98 638 171 674 post
192 639 329 673 Seneca,
347 634 503 664 hactenus
517 632 724 674 promptior-³,
745 634 930 672 respiceret
943 635 1099 664 Burrum
1125 642 1166 665 ac
1195 634 1435 665 sciscitaretur

98 691 146 713 an
171 683 276 713 militi
299 679 506 721 imperanda
524 680 632 711 ccedes
651 681 747 711 esset.
783 679 838 710 Ille
856 681 1088 719 praetorianos
1107 682 1169 711 toti
1186 682 1364 712 Caesarum
1375 678 1437 711 do-

99 732 172 761 mui
192 729 388 766 obstrictos,
402 735 633 768 memoresque
651 727 844 758 Germanici
864 725 954 757 nihii
969 726 1136 757 adversus
1151 728 1350 767 proqeniem
1363 725 1449 765 ejus,

101 778 207 808 atrox
234 784 382 807 ausuros
409 774 602 814 respondit:
625 774 847 814 perpetraret
875 775 1037 805 Anicetus
1058 775 1245 813 promissa.
1277 773 1333 813 qui
1356 771 1450 803 nihil.

101 824 272 855 cunctatus
303 822 409 863 poscit
432 830 593 853 summam
613 821 743 852 sceleris
757 819 782 851 ⁴.
805 819 846 851 ad
871 828 942 851 eam
959 829 1074 851 vocem
1094 824 1177 852 Nero
1190 844 1198 859 ‚
1223 820 1286 852 illo
1302 819 1366 851 sibi
1383 818 1450 851 die«

103 870 186 902 dari
203 872 407 910 imperium„
431 870 676 908 auctoremque
691 869 751 898 tan
759 868 785 898 ti
809 869 963 898 nutrieris
982 867 1146 898 libertum
1163 868 1332 907 profitetur
1349 866 1440 897 :iret

101 925 267 959 propere,
296 916 502 956 duceretque
530 916 809 955 promptissimos
840 913 888 945 ad
904 914 1018 953 jicssa.
1054 913 1134 954 ipse,
1168 914 1282 945 audito
1311 914 1440 945 venisse

102 967 209 997 missit
231 965 430 1004 Acrippiuce
457 964 621 994 nuntium
643 963 851 1001 Aqerinum,
875 961 1025 991 scenam5
1047 961 1130 991 ultro
1149 960 1293 991 criminis
1322 959 1435 999 parat,

106 1011 336 1052 gladiumque,
353 1010 431 1041 dum
449 1010 602 1040 mandata
628 1009 770 1050 perfert,
791 1008 903 1048 abjicit
930 1008 1012 1039 inter
1037 1007 1133 1048 pedes
1156 1008 1234 1046 ejiis.
1263 1011 1331 1038 tum
1349 1006 1440 1046 quasi

103 1059 303 1100 deprehenso
321 1058 439 1088 vincla
455 1057 552 1096 injici
568 1056 679 1095 jubet,
702 1057 737 1086 ut
751 1056 899 1086 exitium
916 1056 1090 1094 Principis
1109 1055 1268 1085 molitam
1288 1055 1440 1085 matrem

103 1109 137 1139 et
148 1105 284 1147 pudore
298 1104 499 1144 deprehensi
515 1104 651 1134 sceleris
667 1105 786 1143 sponte
799 1104 943 1133 mortem
964 1103 1147 1140 sumpsisse
1164 1101 1370 1140 confingeret.

146 1157 231 1184 VIII.
255 1152 388 1183 Interim
418 1151 548 1189 vulgato
576 1149 759 1189 Agrippinae
784 1148 947 1188 periculo,
980 1147 1071 1187 quasi
1097 1156 1174 1178 casn
1200 1147 1376 1185 evenisset,
1404 1144 1442 1176 ut

104 1201 242 1242 quisque
259 1200 443 1237 acceperat,
462 1197 634 1227 decurrere
649 1196 688 1226 ad
707 1195 809 1226 littus.
825 1195 859 1225 hi
878 1195 1011 1225 molium
1027 1194 1175 1234 objectus
1187 1219 1196 1233 ,
1223 1194 1253 1225 hi
1276 1194 1442 1234 proximas

104 1247 240 1287 scaphas
253 1245 424 1282 scandere3
438 1244 509 1282 alii,
524 1245 684 1283 quantum
702 1251 820 1282 corpus
839 1242 984 1280 sinebat,
1003 1241 1120 1272 vadere
1135 1241 1166 1271 in
1181 1250 1290 1279 mare3
1308 1240 1441 1280 quidam

105 1302 223 1325 manus
239 1292 450 1333 protendere3
468 1291 634 1330 questibus
645 1315 653 1329 ,
680 1290 780 1328 votis,
796 1289 935 1320 clamore
954 1288 1082 1319 diversa
1096 1288 1306 1325 rogitantium
1323 1289 1379 1318 aut
1391 1287 1440 1318 in-

105 1341 195 1371 certa
208 1338 470 1380 respondentium
489 1337 594 1367 omnis
613 1345 670 1367 ora
686 1336 861 1375 compleri3
878 1335 1008 1366 affluere
1032 1335 1145 1374 ingens
1169 1334 1343 1366 multitudo
1366 1342 1440 1364 cum

106 1386 299 1425 luminibus,
313 1388 411 1424 atque
426 1384 479 1414 ubi
498 1384 694 1414 incolumem
711 1391 777 1413 esse
799 1382 975 1422 pernotuit,
994 1383 1029 1412 ut
1044 1381 1084 1412 ad
1100 1381 1292 1421 gratandum
1310 1389 1378 1412 sese
1390 1389 1441 1411 ex-

107 1434 216 1476 pedire
229 1458 237 1472 ‚
252 1433 353 1463 donec
367 1433 499 1471 aspectu
519 1431 634 1461 armati
649 1431 681 1461 et
696 1429 876 1462 minitantis
892 1429 1028 1468 agminis
1045 1428 1171 1468 disjecti
1193 1429 1278 1459 sunt.
1290 1428 1442 1459 Anicetus

109 1481 220 1512 villum
246 1480 386 1510 statione
409 1478 587 1508 circmi'uiat
601 1502 609 1516 ,
636 1477 837 1516 refractaque
857 1476 956 1516 janua
982 1475 1095 1506 obvios
1118 1484 1287 1506 servorum
1311 1474 1444 1514 arripit,

109 1530 212 1561 donec
225 1526 263 1557 ad
279 1527 362 1556 fores
379 1525 519 1555 cubiculi
535 1524 661 1555 veniret
680 1533 687 1554 :
703 1524 753 1554 cui
765 1523 859 1563 pauci
879 1522 1048 1562 astabant,
1062 1522 1178 1553 ceteris
1189 1524 1310 1552 terrore
1324 1522 1444 1552 irrum-

111 1575 258 1616 pentium
286 1572 458 1604 exterritis.
484 1571 634 1602 cubiculo
654 1570 823 1601 modicum
843 1570 954 1600 lumen
974 1570 1078 1600 inerat
1092 1571 1124 1599 et
1149 1568 1339 1599 ancillarum
1358 1577 1442 1608 una,

110 1621 211 1660 magis
224 1629 260 1651 ac
273 1619 376 1659 magis
393 1619 489 1649 amia
504 1617 688 1657 Agrippina,
700 1616 785 1656 quod
800 1624 895 1646 nemo
907 1624 925 1646 a
939 1615 1004 1646 silio
1021 1624 1058 1646 ac
1072 1624 1112 1645 ne
1130 1614 1282 1654 Agerinus
1292 1614 1443 1654 quidem:

110 1669 204 1701 aliam
219 1668 284 1698 scre
298 1667 404 1697 littore
426 1665 538 1695 faciem
554 1673 642 1694 nunc
654 1688 662 1702 ‚
681 1663 892 1694 solitudinem
916 1671 953 1693 ac
976 1663 1161 1701 repentinos
1183 1661 1337 1700 strepitus
1350 1664 1382 1693 et
1394 1670 1445 1693 ex·

111 1715 207 1747 tremi
220 1713 293 1744 mali
308 1712 436 1743 indicia.
459 1712 596 1742 abeunte
621 1710 739 1741 dehinc
752 1709 878 1748 ancilla,
898 1711 1090 1750 Tuquoque
1110 1717 1164 1740 me
1177 1708 1322 1747 deseris,
1335 1708 1443 1748 prolo-

112 1763 199 1800 cuta,
218 1760 345 1800 respicit
362 1759 530 1790 Anicetum
550 1758 727 1788 trierarcho
745 1757 751 1773 ¹
783 1756 951 1787 Herculeio
968 1759 1000 1787 et
1014 1756 1146 1787 Obarito
1164 1755 1352 1786 centurione
1368 1754 1445 1786 clas-

79 1844 81 1846 ,
112 1810 208 1842 siario
226 1807 429 1845 comitatum,
441 1814 496 1845 ac,
515 1807 544 1836 si
566 1804 611 1835 ad
622 1803 803 1836 visendum
816 1805 972 1842 venisset,
996 1803 1146 1842 refotam
1171 1803 1352 1833 nuntiaret
1358 1813 1371 1842 ,·
1387 1803 1444 1834 sin

105 1857 249 1897 facinus
263 1855 477 1894 patraturus
490 1877 499 1891 ,
525 1851 614 1883 nihil
630 1860 664 1881 se
678 1851 720 1882 de
728 1850 807 1891 filio
821 1850 979 1889 credere;
994 1859 1058 1881 non
1071 1852 1281 1890 imperatum
1289 1849 1445 1889 parrici-

112 1904 219 1935 dium.
244 1899 487 1931 circumsistunt
514 1898 631 1929 lectum
656 1906 861 1938 percussores
888 1898 919 1928 et
936 1895 1023 1937 prior
1043 1896 1239 1927 trierarchus
1256 1895 1332 1926 susti
1349 1895 1446 1935 caput

113 1952 182 1989 ejus
199 1948 315 1980 asssixit
333 1957 340 1977 ε
359 1956 433 1977 nam
459 1947 493 1976 in
519 1948 658 1976 mortem
674 1944 859 1976 centurioni
885 1943 1005 1974 serrum
1022 1943 1231 1982 destringenti
1249 1941 1445 1983 protendens

114 2001 240 2028 uterum
251 2019 260 2034 ,
281 1996 437 2026 ventrem
450 1993 517 2030 feri
534 1992 748 2030 exclamavit3
766 1990 941 2030 multisque
954 1990 1142 2021 vulneribus
1159 1990 1307 2020 confecta
1320 1990 1380 2020 est.

159 2047 210 2074 IX.
235 2046 312 2073 Haec
333 2049 495 2081 consensu
511 2039 703 2079 pmduntur.
723 2037 926 2078 aspexeritne
950 2039 1085 2068 matrem
1113 2038 1293 2067 exanimem
1308 2038 1394 2067 Nero
1412 2034 1448 2066 et

115 2097 252 2128 formam
268 2093 413 2134 corporis
429 2092 499 2132 ejus
516 2091 713 2131 laudaverit,
735 2092 810 2122 sunt
834 2089 891 2130 qui
907 2089 1107 2128 tradiderint,
1126 2090 1201 2120 sunt
1217 2088 1272 2128 qui
1288 2087 1442 2119 abnuant.

116 2143 265 2174 cremata
278 2143 326 2172 est
342 2142 435 2171 nocte
449 2139 575 2178 eadem,
588 2137 750 2169 convivali
766 2138 849 2169 lecto
862 2138 896 2168 et
913 2136 1076 2176 exsequiis
1090 2135 1227 2174 vilibus;
1242 2134 1446 2175 neque,dnm

116 2192 199 2221 Nero
210 2196 316 2219 rerum
328 2187 524 2227 potiebatur,
533 2188 684 2225 congesta
697 2186 754 2216 aut
762 2185 870 2215 clausa
883 2183 1011 2215 humus.
1024 2191 1096 2213 mox
1106 2181 1357 2213 domesticorum
1368 2188 1444 2212 cura

116 2237 221 2268 levem
236 2234 401 2267 tumulum
415 2232 642 2274 accepitviam
669 2232 783 2264 Miseni
798 2232 928 2273 propter
940 2233 971 2262 et
987 2229 1092 2261 villam
1110 2229 1245 2261 Caesaris
1260 2227 1445 2266 dictatoris,

148 2305 203 2329 vu.
219 2309 239 2327 ι.
253 2303 284 2327 In
301 2304 423 2331 tantum
443 2308 488 2331 ne,
504 2303 534 2326 ut
547 2307 623 2326 noni:
637 2304 667 2325 ut
684 2302 717 2326 de
728 2300 989 2325 ›auctomvracinous
1008 2299 1141 2324 dubitatio
1161 2305 1219 2323 esse
1231 2304 1288 2323 non
1300 2298 1401 2328 posset.
1415 2308 1445 2316 —

118 2346 143 2365 2.
161 2341 236 2364 vana
255 2339 284 2363 et
293 2338 379 2368 &irrita
398 2337 488 2362 futura
506 2337 661 2367 loquentes.
681 2335 984 2366 sequens-ananciten,
1000 2335 1082 2359 etiam
1102 2334 1172 2359 hane
1186 2335 1321 2359 rationem
1330 2333 1365 2358 de
1379 2338 1445 2358 eon-

122 2376 220 2398 cctnra
229 2373 318 2397 Taciti
331 2373 446 2402 positam
460 2379 528 2396 esse.
538 2386 567 2389 —
578 2378 599 2396 s.
612 2373 700 2402 Usque
715 2378 758 2399 co,
772 2372 843 2401 quod
858 2371 961 2400 primus
974 2370 1125 2400 respondit,
1140 2375 1195 2394 non
1217 2369 1299 2394 ultra.
1313 2381 1344 2387 —
1355 2366 1445 2393 asim

120 2411 206 2434 totam
218 2415 275 2433 rem
288 2408 421 2432 mandari.
432 2420 459 2424 ——
471 2413 491 2431 s·
506 2408 712 2437 confictionem,
723 2408 1009 2438 speratam-externam,
1028 2407 1058 2430 ut
1068 2407 1096 2430 in
1108 2404 1274 2436 spectaculo.

150 2446 222 2471 VIII.
243 2451 263 2470 ι.
273 2445 404 2470 Praetecto
417 2445 548 2469 tritemis.
