1539 2668
495 174 531 203 A.
556 173 594 202 U.
616 172 651 201 C.
676 172 747 201 822.
772 174 807 200 A.
832 173 866 201 C.
892 171 943 200 69.
1318 167 1380 197 385

64 256 177 289 parum
206 247 344 279 confisus
357 271 365 286 ,
383 247 468 278 tritis
494 246 613 278 frustra
631 245 744 277 diebus
763 248 865 277 castra
886 245 920 275 in
943 243 1069 274 hostem
1095 242 1217 280 movit,
1236 250 1332 281 quem
1352 244 1381 275 si

62 295 172 326 statim
196 295 357 334 impellere
379 303 573 333 cursumque
599 302 704 324 rerum
728 293 817 332 sequi
838 291 1043 327 maturasset,
1064 289 1189 319 solvere
1217 289 1380 322 obsidium

66 342 225 379 legionum
242 341 351 372 eodem
370 341 488 380 impetu
504 341 618 380 potuit.
637 342 814 371 tentaverat
830 337 958 370 interim
975 336 1082 368 Civilis
1094 335 1295 366 obsessorum
1310 336 1380 367 ani·

65 398 148 427 mos,
166 391 330 428 tamquam
360 387 492 428 perditae
507 388 592 427 apud
608 391 769 418 Romanos
785 396 835 417 res
859 388 890 417 et
914 385 979 416 suis
1005 383 1140 414 victoria
1168 382 1377 422 provenisset.

65 435 369 466 circumferebantur
382 435 469 474 signa
480 434 657 473 vexillaque
669 447 677 471 ;
692 434 842 464 ostentati
857 433 952 463 etiam
962 431 1091 471 captivi.
1102 439 1140 461 ex
1156 430 1271 468 quibus
1285 438 1380 469 unus,

63 482 223 520 egregium
239 483 361 513 facinus
378 491 487 521 ausus,
508 482 592 513 clara
609 490 686 511 voce
700 484 787 520 gesta
804 479 974 520 patefecit,
993 478 1156 508 confossus
1173 478 1258 508 illico
1272 486 1290 507 a
1306 481 1379 508 Ger-

65 529 184 566 manis;
204 529 289 560 unde
305 529 406 568 major
422 528 518 559 indici
536 528 623 559 tides.
641 529 737 559 simul
755 528 933 558 vastatione
946 525 1165 564 incendiisque
1178 524 1380 564 flagrantium

65 573 211 605 villarum
228 575 336 606 venire
349 576 504 607 victorem
521 575 698 607 exercitum
721 573 966 613 intelligebatur.
985 574 1021 603 in
1047 573 1227 611 conspectu
1251 573 1382 602 castro-

64 629 142 651 rum
156 624 317 654 constitui·
332 625 432 662 siqua
451 622 655 662 fossamque
671 624 704 652 et
729 622 866 652 vallum
891 619 1102 651 circumdari
1121 618 1240 649 Vocula
1261 618 1379 657 jubet:

62 667 220 706 depositis
243 669 494 708 impedimentis
519 670 727 708 sarcinisque
742 666 892 707 expediti
906 667 1095 697 certarent.
1125 665 1199 695 hinc
1215 665 1247 695 in
1263 664 1381 695 ducem

61 712 184 743 clamor
201 724 339 754 pugnam
360 716 583 755 poscentium;
605 716 635 745 et
653 714 767 744 minari
795 714 1015 743 assueverant.
1033 720 1072 742 ue
1089 713 1233 751 tempore
1250 711 1381 751 quidem

62 758 102 788 all
126 760 338 793 ordinandam
369 763 470 793 aciem
499 765 615 801 capto,
642 760 846 800 incompositi
874 759 1011 798 fessique
1033 759 1181 799 proelium
1204 765 1380 798 sumpsere.

63 813 138 836 nam
166 807 279 839 Civilis
305 809 433 847 aderat,
452 818 515 839 non
541 808 648 838 minus
673 808 757 838 uitiis
793 806 935 836 hostium
975 814 1074 845 quam
1098 806 1220 835 vii-tute
1245 813 1380 836 suorum

63 850 176 883 fretus.
196 855 289 886 Varia
305 855 389 896 apud
408 859 571 886 Romanos
586 855 715 885 fortuna
727 878 735 892 ,
751 856 782 884 et
799 853 1060 884 seditiosissimus
1074 852 1208 891 quisque
1222 852 1356 892 ignavus
1370 861 1380 884 :

61 898 192 939 quidam
210 902 350 933 recentis
365 901 508 933 victoriae
529 909 687 933 memores
711 901 850 932 retinere
866 899 973 930 locum
986 922 995 937 ,
1011 899 1104 929 ferire
1118 898 1245 930 hostem
1258 923 1267 938 ‚
1281 908 1380 940 seque

62 948 95 978 et
117 947 280 986 proximos
304 948 455 988 hortari,
472 951 504 980 et
528 948 742 988 redintegrata
759 947 827 979 acie
850 955 966 978 manus
984 945 1024 976 ad
1046 945 1196 976 obsessos
1224 947 1378 986 tendere,

65 999 107 1023 ne
123 994 265 1033 tempori
281 994 444 1027 deessent.
461 996 527 1034 illi,
547 998 664 1027 cuncta
679 1004 695 1027 e
709 994 810 1026 muris
827 996 994 1026 cernentes
1005 1017 1013 1031 ,
1027 992 1180 1023 omnibus
1193 994 1292 1033 portis
1306 1003 1380 1034 pro·

64 1043 231 1079 rumpunt.
259 1050 296 1073 ac
319 1043 403 1074 forte
426 1043 535 1074 Civilis
558 1043 651 1083 lapsu
673 1042 747 1082 equi
773 1044 968 1082 prostratus,
992 1039 1116 1070 credita
1132 1049 1188 1079 per
1206 1043 1381 1081 utrumque

64 1087 241 1118 exercitum
265 1089 366 1128 sama,
390 1090 614 1121 vulneratum
633 1091 697 1120 aut
714 1088 955 1128 interfectum,
978 1087 1119 1118 immane
1138 1090 1297 1127 quantum
1313 1088 1382 1120 suis

65 1133 196 1172 pavoris
213 1137 243 1165 et
261 1134 406 1167 hostibus
422 1137 595 1167 alacritatis
612 1135 741 1166 indidit.

106 1183 222 1211 XXXV.
235 1182 295 1212 Sed
311 1183 448 1222 Vocula,
465 1183 592 1214 omissis
607 1183 800 1222 fugientium
815 1182 923 1220 tergis,
939 1181 1059 1211 vallum
1076 1181 1246 1220 turresque
1260 1182 1382 1213 castro·

66 1227 157 1256 rum¹
179 1229 336 1268 augebat,
352 1232 518 1269 tamquam
543 1238 654 1260 rursus
678 1229 841 1260 obsidium
874 1228 1057 1258 immineret
1081 1237 1088 1257 :
1111 1231 1263 1267 corrupta
1285 1229 1381 1261 toties

65 1273 200 1305 victoria
214 1284 277 1306 uon
292 1276 373 1307 salso
388 1279 559 1317 suspectus
576 1277 695 1307 bellum
714 1276 820 1307 malle.
840 1276 919 1306 nihil
945 1284 1038 1314 aeque
1063 1276 1227 1306 exercitus
1252 1277 1381 1307 nostros

64 1329 160 1359 quam
186 1326 308 1360 egestas
334 1324 499 1363 copiarum
527 1324 691 1362 fatigabat.
720 1323 953 1363 impedimenta
980 1321 1142 1359 legionum
1167 1331 1240 1352 cum
1258 1323 1380 1355 imbelli

64 1367 159 1398 turba
173 1372 345 1401 Novesium
364 1371 459 1401 missa
472 1395 480 1409 ‚
500 1372 535 1401 ut
558 1371 631 1401 inde
651 1371 794 1401 terrestri
815 1370 928 1400 itinere
946 1369 1144 1399 frumentum
1161 1369 1380 1402 adveherent:

64 1421 136 1444 nam
149 1413 280 1447 flumine
291 1416 400 1448 hostes
412 1417 629 1456 potiebantur.
641 1417 780 1456 primum
795 1425 909 1455 agmen
920 1424 1068 1447 securum
1084 1416 1226 1455 incessit,
1237 1416 1382 1448 nondum

63 1460 141 1491 satis
172 1462 264 1493 firmo
281 1463 379 1494 Civile
398 1475 405 1494 z
424 1465 500 1504 qui,
527 1464 580 1494 ubi
602 1473 727 1495 rursus
756 1466 872 1495 missos
895 1465 1079 1494 novesium
1097 1463 1380 1501 frumentatores

63 1508 232 1549 datasque
254 1512 290 1541 in
305 1511 510 1550 proesidium
527 1511 680 1542 cohortes
711 1511 805 1542 velut
823 1511 936 1541 mulla
954 1519 1041 1549 pace
1070 1510 1204 1549 iiiyredi
1226 1511 1350 1550 accepit
1368 1537 1380 1552 ‚

63 1563 173 1586 rarum
197 1556 280 1596 apud
299 1558 387 1596 signa
410 1558 563 1596 militem,
589 1567 678 1589 arma
701 1558 731 1588 iu
753 1557 933 1595 vehiculis,
954 1558 1088 1587 cunctos
1110 1557 1241 1587 licentia
1259 1565 1356 1596 vagos
1370 1581 1380 1596 ,

63 1603 262 1642 compositus
279 1604 426 1643 invadit,
442 1605 619 1644 praemissis
636 1605 693 1644 qui
708 1608 821 1644 pontes
839 1606 871 1634 et
887 1604 1011 1634 viarum
1028 1605 1165 1641 angusta
1190 1603 1380 1635 insiderent.

63 1652 239 1689 pugnatum
268 1651 361 1691 longo
374 1653 501 1691 agmine
517 1654 548 1683 et
564 1653 684 1683 incerto
698 1653 817 1689 Marte,
836 1651 938 1681 donec
956 1651 1102 1690 proelium
1119 1659 1186 1680 nox
1202 1650 1379 1683 dirimeret.

63 1697 212 1727 cohortes
229 1697 403 1728 Geldubam
421 1707 606 1738 perrexere,
625 1698 853 1735 manentibus,
870 1700 905 1728 ut
923 1691 1070 1735 fuerant,
1089 1698 1203 1728 castris
1215 1721 1223 1736 ,
1242 1706 1315 1737 quae
1332 1705 1380 1728 re-

63 1742 213 1774 lictorum
227 1744 290 1774 illic
304 1744 442 1775 militum
458 1745 606 1784 praesidio
621 1745 824 1775 tenebantur.
842 1753 906 1774 non
928 1746 995 1775 erat
1021 1743 1157 1774 dubium
1175 1745 1381 1784 quantumin

64 1798 209 1829 regressu
226 1790 421 1822 discriminis
438 1791 622 1822 adeundum
641 1792 741 1829 soret,
759 1790 1049 1822 frumentatoribus
1070 1791 1194 1821 onustis
1211 1791 1380 1831 perculsis-

63 1845 136 1876 que.
156 1837 245 1868 addit
258 1838 413 1868 exercitui
434 1847 493 1869 suo
509 1838 629 1869 Vocula
657 1838 744 1868 mille
761 1838 903 1868 delectos
928 1845 946 1867 e
962 1837 1076 1876 quinta
1093 1842 1124 1868 et
1141 1838 1380 1876 quintadecima

64 1883 241 1922 legionibus
261 1884 345 1924 apud
366 1886 481 1916 vetera
500 1885 657 1923 obsessis,
686 1884 880 1914 indomitum
906 1882 1043 1913 militem
1072 1885 1105 1914 et
1122 1884 1258 1914 ducibus
1278 1885 1381 1916 infen-

63 1940 146 1963 sum.
180 1931 288 1967 plures
307 1940 402 1971 quam
428 1931 556 1970 jussum
579 1933 647 1962 erat
668 1930 804 1970 profecti
828 1930 933 1970 palam
965 1929 998 1960 in
1025 1931 1153 1969 agmine
1179 1931 1378 1973 tremebant,

63 1987 128 2009 non
143 1986 177 2008 se
192 1978 453 2019 ultrc‘ifamem‚
470 1979 613 2010 insidias
629 1978 821 2018 leqacoriim
842 1977 1063 2008 toleraturos.
1086 1978 1119 2008 at
1143 1977 1199 2017 qui
1218 1987 1378 2012 remanse-

64 2027 154 2062 rant,
182 2024 330 2056 desertos
350 2034 385 2056 se
412 2025 563 2057 abdicem
576 2028 680 2064 parte
696 2025 868 2064 leqiomcm
891 2023 1123 2063 querebantur.
1153 2024 1273 2063 duplex
1304 2025 1379 2058 hinc

62 2071 176 2102 seditio
189 2096 197 2110 ‚
217 2073 288 2103 aliis
304 2072 533 2103 revocantibus
550 2072 728 2110 Voculam,
749 2071 821 2101 aliis
842 2070 945 2101 redire
967 2070 999 2101 in
1022 2072 1129 2101 eastra
1148 2071 1378 2104 abnuentibus.

101 2123 233 2150 XXXVI.
259 2119 389 2151 Interim
411 2119 520 2151 Civilis
539 2122 656 2150 Vetera
689 2118 908 2149 circumsedit.
929 2118 1049 2148 Vocula
1077 2117 1253 2149 Geldubam
1279 2121 1378 2158 atque

63 2165 135 2197 inde
152 2167 325 2198 Novesium
341 2168 513 2198 concessit.
533 2167 645 2198 Civilis
662 2167 749 2206 capit
765 2165 962 2200 Geldubam:
979 2174 1054 2196 mox
1077 2165 1166 2195 haud
1188 2166 1298 2204 procul
1316 2169 1378 2197 No-

63 2212 149 2243 vesio
174 2214 312 2253 equestri
328 2214 440 2254 proelio
465 2222 617 2254 prospere
632 2213 779 2244 certavit.
802 2212 857 2243 sed
882 2213 976 2243 miles
997 2212 1146 2243 secundis
1170 2212 1378 2251 adversisque

62 2258 193 2298 perinde
204 2259 236 2290 in
253 2260 385 2291 exitium
400 2260 519 2291 ducum
535 2260 782 2291 accendebatur.
799 2261 830 2291 et
844 2259 985 2291 adventu
1002 2259 1231 2298 quintanorum
1247 2259 1378 2298 quinta-

880 2347 890 2360 ἱ

92 2395 198 2419 XXXV.
218 2401 240 2419 ι.
255 2396 295 2420 Sc.
312 2396 448 2420 veterum.
1225 2404 1257 2432 17
