1539 2668
472 138 509 167 A.
530 138 571 167 U.
592 137 629 166 C.
654 138 728 167 822.
749 139 789 168 A.
811 139 847 168 C.
870 140 922 169 69.
1320 145 1382 176 383

53 216 275 246 Romanorum
289 222 407 245 nomen
419 212 443 252 ¹,
457 213 721 252 Aqrtppinenses
737 216 940 245 vocarentur.
952 221 1043 245 caesae
1058 215 1206 248 cohortes
1219 226 1330 251 eorum
1348 220 1380 252 in

55 261 128 293 vieo
146 260 340 293 Marcoduro
358 259 549 292 incuriosius
565 262 706 299 agenteS,
724 260 801 301 quia
825 260 936 301 procul
958 261 1028 301 ripa
1048 262 1189 294 aberant.
1204 273 1264 296 nec
1291 266 1381 306 quie·

55 315 131 340 vere
157 308 244 347 Ubii,
267 307 442 348 quominus
461 305 585 346 praedas
601 315 620 338 e
635 307 804 339 Germania
820 309 989 348 peterent,
1008 309 1112 348 primo
1130 310 1283 352 impune,
1307 313 1381 345 dein

55 355 268 387 circumventi
293 356 389 395 sunt,
410 362 466 394 per
490 353 634 397 omnejd
663 354 783 386 bellum
809 354 940 386 meliore
967 355 1016 387 usi
1042 356 1104 388 fide
1125 366 1221 397 quam
1239 358 1378 394 fortuna.

54 402 200 435 contusis
212 402 303 434 Ubiis
322 401 449 441 gravior
465 403 497 432 et
514 409 666 432 successu
688 411 795 433 rerum
822 401 958 434 ferocior
972 402 1083 435 Civilis
1103 404 1263 437 obsidium
1287 407 1382 448 legio-

51 458 134 482 ·num
150 449 161 467 ²
189 449 343 489 urgebat,
370 449 501 479 intentis
523 447 696 487 custodiis,
723 458 764 480 ne
790 449 864 490 quis
889 449 1035 481 occultus
1065 451 1198 483 nuntius
1222 453 1381 488 venientis

54 496 165 528 auxilii
183 497 373 536 penetraret.
389 494 555 526 machinas
565 495 750 535 molemque
763 505 896 536 operum
909 497 1035 528 Batavis
1047 497 1171 538 delegat
1184 507 1191 528 :
1209 502 1381 534 Transrhe-

54 551 154 574 nanos
176 543 337 582 proelium
354 544 524 582 poscentes
538 541 585 573 ad
601 542 827 575 scindendum
854 544 988 575 vallum
1004 546 1066 583 ire,
1090 545 1312 588 detrusosque
1326 556 1380 580 re-

54 589 256 630 dinteqrare
269 588 561 628 certanzenJubet,
588 593 762 630 superante
777 591 986 624 multitudine
1012 594 1045 624 et
1068 592 1153 624 facili
1170 594 1298 627 damno.
1323 605 1383 628 nec

53 635 149 668 finem
165 636 269 667 labori
285 645 347 667 nox
369 636 487 667 attulit.

93 686 199 715 XXIX.
216 685 380 723 congestis
392 683 514 714 circum
533 683 628 723 lignis
639 685 859 725 accensisque,
871 685 966 716 simul
977 686 1145 726 epulantes
1157 687 1181 727 ¹,
1197 690 1232 719 ut
1244 689 1384 731 quisque

55 730 130 763 vino
148 730 345 770 incaluerat,
363 730 403 761 ad
431 739 569 770 pugnam
586 730 765 762 temeritate
780 731 867 763 inani
882 732 1075 763 ferebantur.
1101 734 1221 774 quippe
1238 735 1382 776 ipsorum

56 778 120 810 tela
139 786 196 818 per
211 778 359 809 tenebras
376 786 457 808 vana
473 787 480 807 z
494 777 631 808 Romani
645 778 850 818 conspicuam
868 779 1077 810 barbarorum
1090 780 1203 821 aciem,
1218 784 1250 813 et
1267 783 1293 814 si
1310 785 1384 824 quis

55 824 188 856 audacia
213 826 271 856 aut
292 824 472 863 insignibus
497 824 675 864 effulgens,
700 825 739 855 ad
765 825 864 856 ictum
888 826 1099 857 destinabant.
1126 828 1324 861 intellectum
1350 832 1384 865 id

56 871 161 911 Civili,
180 872 211 902 et
227 873 390 902 restincto
404 872 479 911 iqne
492 873 625 902 misceri
638 873 764 902 cuncta
783 872 928 903 tenebris
941 874 975 903 et
988 875 1096 903 armis
1109 874 1208 912 juhet.
1224 879 1293 907 tum
1307 886 1385 910 vero

54 918 207 958 strepitus
221 918 354 957 dissoni,
372 926 464 948 casus
478 917 605 955 incerti,
624 926 728 957 neque
744 918 876 950 feriendi
891 928 995 959 neque
1008 919 1190 952 declinandi
1211 924 1384 962 providen-

54 967 112 999 tia.
138 965 225 997 unde
241 965 361 996 clamor
378 964 575 1005 acciderat,²
591 965 809 1005 circumagere
834 975 988 1006 corpora,
1011 967 1144 998 tendere
1168 978 1273 1001 arcus.
1305 971 1384 1003 nihil

55 1012 206 1053 prodesse
222 1012 339 1052 virtus,
358 1012 422 1043 sors
437 1015 553 1043 cuncta
569 1011 699 1043 turbare
712 1036 721 1051 ,
742 1013 774 1043 et
797 1012 990 1052 ignavorum
1019 1022 1105 1053 saepe
1131 1015 1200 1046 telis
1217 1016 1385 1049 fortissimi

55 1058 179 1090 cadere.
196 1058 281 1098 apud
296 1062 470 1090 Germanos
484 1059 666 1090 inconsulta
680 1059 727 1090 ira
742 1063 925 1091 :Romanus
940 1061 1030 1091 miles
1041 1061 1256 1100 periculorum
1266 1072 1386 1103 guarus

54 1103 190 1137 ferratas
209 1105 317 1144 sudes,
335 1106 445 1143 gravia
460 1114 538 1137 saxa
559 1114 623 1136 non
640 1105 721 1136 forte
743 1106 889 1145 jaciebat.
910 1107 964 1137 ubi
984 1116 1083 1138 sonus
1109 1108 1312 1141 molientium
1330 1113 1386 1145 aut

56 1151 211 1192 appositae
225 1152 320 1183 scalae
337 1152 463 1183 hostem
477 1152 511 1183 in
523 1161 640 1183 manus
657 1152 824 1192 dederant,
839 1154 1015 1193 propellere
1028 1155 1182 1195 umbone,
1197 1157 1261 1196 pilo
1274 1159 1385 1199 sequi;

55 1198 176 1230 multos
192 1199 224 1229 in
243 1198 360 1229 moenia
375 1207 520 1238 egressos
537 1199 731 1240 pugionibus
747 1199 866 1232 fodere.
891 1200 938 1231 sic
953 1201 1109 1232 exhausta
1121 1201 1131 1219 ³
1154 1205 1248 1234 nocte
1268 1212 1385 1236 novam

56 1244 157 1276 aciem
171 1245 242 1277 dies
257 1246 394 1286 aperuit.

96 1295 186 1323 XXX.
212 1292 396 1323 Eduxerant
409 1292 518 1323 Batavi
538 1292 650 1323 turrim
669 1292 675 1310 ¹
703 1292 823 1332 duplici
843 1292 989 1325 tabulato
1003 1318 1011 1334 ‚
1027 1303 1124 1334 quam
1142 1297 1302 1334 praetoriae
1317 1307 1388 1338 por-

56 1339 98 1370 tae
110 1337 122 1356 ²
145 1338 184 1378 (is
203 1339 412 1379 aequissimus
425 1339 527 1377 locus)
540 1339 810 1379 propinquantem
826 1340 965 1379 promoti
980 1341 1090 1372 contra
1105 1341 1203 1372 validi
1219 1352 1339 1375 asseres
1356 1347 1388 1376 et

55 1385 191 1418 incussae
206 1386 313 1417 trabes
328 1386 518 1426 perfregere,
534 1386 637 1417 multa
655 1387 907 1426 superstantium
924 1388 1072 1427 pernicie.
1092 1392 1335 1430 pugnatumque
1354 1391 1386 1422 in

55 1432 220 1474 perculsos
235 1432 341 1463 subita
356 1436 388 1464 et
410 1442 561 1474 prospera
575 1433 753 1473 eruptione.
774 1433 869 1464 simul
892 1443 910 1465 a
935 1433 1117 1473 legionariis
1135 1436 1247 1475 peritia
1264 1440 1295 1468 et
1317 1440 1387 1470 arte

55 1480 283 1520 praestantibus
297 1480 386 1520 plura
406 1481 626 1512 struebantur.
645 1481 844 1521 przrcipuum
858 1490 1011 1521 pavorem
1026 1481 1133 1513 intulit
1149 1492 1341 1522 suspensum
1356 1486 1390 1517 et

56 1528 175 1560 nutans
190 1527 486 1559 machinamentum
498 1552 508 1567 ,
527 1537 591 1568 quo
608 1531 738 1568 repente
755 1528 895 1559 demisso
911 1531 1029 1568 praeter
1046 1538 1177 1560 suorum
1201 1540 1256 1562 ora
1272 1531 1387 1571 singuli

56 1572 204 1614 pluresve
219 1574 359 1605 hostium
374 1574 511 1605 sublime
527 1574 538 1591 ³
558 1575 640 1614 rapti
656 1583 749 1605 verso
774 1574 932 1614 pondere‘
953 1575 1037 1606 intra
1054 1579 1156 1607 castra
1175 1577 1387 1609 effundeban-

55 1619 120 1653 tur.
137 1620 246 1652 Civilis
263 1621 381 1653 omissa
395 1622 601 1662 oppugnandi
625 1631 682 1662 spe
702 1631 814 1653 rursus
827 1631 884 1662 per
915 1622 1018 1654 otium
1035 1623 1204 1663 assidebat,
1218 1625 1341 1656 nuntiis
1356 1627 1389 1658 et

56 1667 222 1708 promissis
239 1668 332 1700 fidem
349 1668 508 1709 legionum
526 1668 720 1700 convellens.
1043 1698 1048 1705 ,

97 1717 192 1746 XXXI
197 1739 204 1746 .
220 1716 341 1746 Haecin
354 1716 524 1747 Germania
537 1718 610 1747 ante
621 1720 834 1747 Cremonense
847 1715 998 1756 proelium
1012 1717 1111 1754 gesta,
1126 1716 1218 1755 cujus
1234 1718 1387 1750 eventum

56 1757 172 1792 litterae
184 1761 281 1792 Primi
298 1762 429 1793 Antonii
440 1763 589 1801 docuere,
599 1762 710 1793 addito
720 1762 869 1794 Caecinae¹
887 1762 993 1793 edicto
1020 1765 1051 1793 et
1059 1763 1230 1802 praefectus
1246 1763 1389 1798 cohortis

57 1815 76 1840 e
86 1807 195 1847 victis,
209 1809 355 1848 Alpinius
369 1811 540 1840 Montanus
550 1808 578 1848 ²,
593 1809 757 1840 fortunam
775 1810 912 1849 partium
928 1818 1066 1849 praesens
1082 1809 1252 1841 fatebatur.
1271 1810 1388 1844 diversi

58 1853 133 1886 hinc
147 1855 256 1886 motus
269 1856 464 1886 animorum.
485 1855 606 1886 auxilia
623 1864 640 1885 e
657 1855 756 1886 Gallia
768 1879 776 1893 ‚
803 1856 876 1894 quis
893 1864 952 1886 nec
971 1864 1062 1885 amor
1089 1864 1192 1895 neque
1219 1856 1330 1888 odium
1355 1858 1389 1889 in

57 1904 164 1942 partes
175 1925 185 1942 ‚
202 1902 317 1933 militia
334 1902 402 1933 sine
418 1902 554 1941 affectu,
575 1901 780 1933 hortantibus
800 1901 961 1941 praefectis
982 1902 1096 1932 statim
1110 1911 1128 1932 a
1144 1902 1273 1933 Vitellio
1290 1903 1389 1936 desci-

58 1947 172 1981 scunt:
186 1950 276 1979 vetus
291 1949 378 1979 miles
389 1949 612 1980 cunctabatur.
629 1948 684 1979 sed
697 1948 842 1988 adigente
856 1948 1037 1979 Hordeonio
1051 1948 1177 1987 Flacco,
1191 1949 1390 1983 instantibus

59 1994 206 2034 tribunis,
228 1994 312 2026 dixit
326 1999 575 2035 sacramentum,
603 2005 668 2027 non
684 1996 775 2027 vultu
794 2004 898 2035 neque
921 1995 1028 2026 animo
1049 1995 1128 2026 satis
1155 1995 1340 2036 affirmans3
1359 2001 1390 2030 et

58 2051 160 2085 quum
170 2045 275 2074 cetera
286 2043 498 2083 iurisjurandi
516 2042 612 2075 verba
629 2043 834 2082 conciperent
847 2041 874 2082 ³,
898 2044 1091 2082 Vespasiani
1106 2051 1225 2074 nomen
1241 2043 1391 2076 haesitan-

59 2091 107 2123 tes
128 2091 184 2122 aut
201 2090 264 2122 levi
283 2098 447 2122 murmure
461 2092 493 2122 et
509 2091 696 2131 plerumque
709 2089 838 2122 silentio
854 2088 1126 2121 transmittebant.

87 2159 203 2185 xxvllt.
218 2166 237 2184 ι.
250 2160 302 2188 Sic,
316 2166 371 2185 non
385 2162 506 2185 nomine.
520 2162 598 2185 Strue
612 2168 619 2185 :
632 2162 810 2185 vocarentur
823 2159 1055 2191 Aqripptmses,
1072 2158 1161 2190 (quod
1173 2160 1227 2189 est)
1247 2161 1388 2185 Romano-

61 2199 128 2218 rum
141 2201 309 2220 nomem—2.
323 2197 388 2226 Quae
401 2196 563 2221 obtinebant
575 2198 665 2220 castra
681 2197 785 2220 Vetera.

91 2229 187 2254 xxix.
200 2236 220 2254 ι.
237 2231 311 2255 Inter
321 2232 421 2261 epulas,
437 2237 524 2261 graeca
538 2233 676 2256 structura
688 2237 694 2255 :
709 2227 774 2267 ἅμα
786 2226 1045 2262 δειπνοῦντες-2.
1059 2230 1102 2253 sc.
1119 2236 1160 2259 eo,
1172 2230 1200 2254 in
1213 2236 1274 2255 eum
1289 2230 1378 2255 locum

61 2270 118 2289 -5.
135 2265 201 2289 Cum
215 2265 309 2290 labore
323 2268 468 2291 transacta.

90 2299 174 2324 XXX.
190 2305 209 2324 ι.
225 2305 268 2325 se.
284 2302 486 2330 obsidionalem,
501 2308 532 2326 ex
546 2303 650 2327 Caesare
664 2303 798 2326 notam—
807 2307 829 2326 2.
842 2301 902 2326 Vid.
917 2301 951 2325 ad
964 2302 1071 2326 Annal.
1082 2302 1101 2327 Ι,
1116 2306 1146 2325 ec
1156 2313 1185 2317 —
1197 2307 1218 2325 5,
1236 2301 1387 2325 Adverbia-

64 2334 125 2359 uter
141 2341 199 2364 pro,
214 2336 240 2359 in
254 2336 377 2361 sublime.
391 2338 518 2362 Machina
530 2339 572 2362 illa
588 2340 704 2361 vocatur
717 2338 886 2362 tollemur-⁴.
902 2337 1025 2361 Machina
1038 2338 1075 2360 ita
1091 2342 1223 2360 conversa
1238 2337 1267 2360 ut
1283 2336 1388 2365 pondus

63 2367 211 2398 hominum,
227 2370 300 2400 quod
313 2371 445 2397 effecerat
459 2375 488 2397 ut
502 2374 632 2397 macninae
644 2373 721 2397 uncis
735 2373 915 2402 adhaererent,
929 2378 976 2396 eos
988 2373 1043 2402 jam
1059 2372 1183 2395 deorsum
1196 2371 1356 2400 impelleret.

90 2403 188 2429 XXXI,
198 2410 218 2430 ι.
231 2405 265 2430 Ut
272 2407 328 2430 tum
343 2408 523 2432 consulis.—2.
538 2409 575 2433 De
587 2414 640 2439 quo
655 2408 698 2437 111,
711 2413 795 2432 :sa—⁵
816 2408 1030 2433 Pronuntiarent
1039 2407 1124 2433 verba
1137 2412 1196 2436 quae
1208 2405 1377 2436 praeibantnr
