1539 2668
92 212 152 242 462
544 216 579 244 C.
604 215 789 245 CORNELII
812 217 944 247 TAClTI

90 280 238 305 fastidiant.
255 282 391 305 Postremo
406 282 533 311 Messalae,
544 284 659 307 Materni
673 286 699 308 ct
710 284 827 309 Secundi
840 286 955 310 virtutes
967 285 1096 315 praedicat
1109 291 1210 316 eosque
1223 286 1257 310 ad
1269 287 1410 312 illustran-

90 316 153 339 dum
173 317 298 340 saeculum
317 324 395 341 suum
412 318 593 347 pulcherrimo
608 319 714 343 dicendi
731 326 832 349 genere
851 321 1023 349 exhortatur,
1041 327 1122 350 quum
1138 322 1244 351 videat,
1265 328 1328 350 eos,
1351 328 1411 352 quae

92 357 153 374 vera
168 353 202 376 sit
221 353 382 382 eloquentiae
395 360 452 378 ars,
471 354 607 377 laetissima
629 361 741 385 quaeque
762 356 934 385 antiquorum
957 357 1057 381 imitari
1077 362 1109 380 ac
1130 358 1263 386 gravitate
1285 363 1411 381 sensuum

89 387 206 411 nitorem
221 388 377 418 cultumque
393 389 539 413 verborum
552 390 675 413 miscere-

120 427 157 446 24.
173 423 240 446 Tum
258 424 394 447 Maternus
405 425 533 448 admouet
543 425 700 455 Messalam,
716 427 761 456 ut,
777 427 858 450 missa
872 428 1045 457 antiquorum
1059 426 1230 455 laudatione,
1246 428 1290 456 qui
1308 433 1339 451 ea
1358 432 1414 451 non

90 456 237 487 indigeant,
254 465 356 482 memor
368 461 458 488 potins
471 461 593 488 promissi
609 466 705 484 causas
718 464 869 491 expromat,
884 469 932 486 cur
945 463 971 486 in
986 463 1089 486 tantum
1104 462 1138 486 ab
1150 462 1306 492 eloquentia
1319 467 1413 486 eorum

88 495 233 518 recesserit
243 497 306 518 aetas
321 495 467 518 recentior.
480 508 505 511 —
517 500 546 518 25
569 496 617 519 Hic
629 497 743 525 primum
758 497 847 526 docet,
865 499 973 527 quinam
989 498 1092 526 antiqui
1106 499 1160 521 sint
1174 498 1344 527 appellandi;
1357 497 1415 526 plu-

89 534 133 552 res
147 530 227 553 etiam
247 530 353 553 dict-ndi
378 530 477 553 forinas
490 530 584 554 iisdem
604 532 708 555 saeculis
728 532 808 557 fuisse
821 535 849 556 et
869 533 1020 562 singulares
1038 533 1127 561 Calvi,
1145 534 1227 556 Asinii
1247 533 1415 561 aliorumque

88 565 201 588 virtutes
214 572 219 588 ;
234 565 305 594 quod
321 571 383 588 vero
394 572 423 588 se
437 566 551 589 invicem
566 566 788 596 obtrectaveriut‚
801 574 854 592 non
866 574 923 591 esse
935 571 1072 592 oratorum
1083 569 1187 597 vitium,
1200 569 1245 592 sed
1261 568 1414 592 hominnm:

87 605 163 623 —2s.
182 601 343 629 gravitatem
359 600 475 629 denique
491 602 518 624 et
532 601 633 625 cultum
654 604 804 627 oratorium
824 604 1009 633 impetumque
1023 605 1146 627 veterum
1168 603 1248 632 lonae
1267 603 1415 633 praeferen-

86 634 151 658 dum
166 641 224 659 esse
240 636 383 659 verborum
398 635 530 666 lasciviae,
546 637 652 661 levitati
665 639 862 662 sententiarum
877 640 903 662 et
917 639 1119 668 compositionis
1133 638 1263 667 licentiae,
1277 639 1303 662 in
1318 637 1414 667 quibus

87 670 138 694 sibi
152 671 278 700 placeant
292 671 468 694 recentiores.

117 710 213 728 27—29.
232 706 354 729 Materno
370 707 464 729 iterum
480 708 592 737 rogante
609 708 721 732 Messala
743 709 841 732 transit
858 708 891 731 ad
909 707 1085 737 explicandas
1099 714 1193 732 causas
1207 709 1343 736 corrupta·
1360 704 1413 728 elc-

87 741 212 769 quentiae,
229 742 327 769 primas
345 747 409 765 vero
424 744 452 765 et
466 743 615 772 praeciptias
627 745 703 772 putat
717 744 845 767 desidiam
858 744 1008 772 juventutis
1022 745 1049 767 et
1061 743 1253 773 negligentiam
1273 743 1415 771 parentum

87 776 115 797 et
137 776 306 799 inscientiam
331 778 544 806 praecipientium
560 781 587 803 et
607 779 688 802 moris
708 779 812 808 antiqui
826 778 1002 802 oblivionem.
1018 778 1126 802 Liberos
1141 779 1211 801 enim
1233 783 1284 801 non
1302 775 1417 805 amplius

88 810 199 834 educari
222 812 247 834 in
271 818 375 839 gremio
400 818 431 835 ac
454 814 514 836 sinu
537 816 617 838 eastae
637 814 731 837 matris
748 815 795 837 aut
812 820 827 837 a
844 815 995 843 propinqua
1011 814 1113 842 majore
1133 815 1211 840 natu,
1229 813 1276 836 sed
1290 809 1417 835 Grreculae
1452 834 1455 837 ,

87 845 192 869 aneilla*
207 846 326 875 delegari
341 849 368 870 et
382 849 482 876 servis,
498 854 512 872 a
529 849 626 878 quibus
641 850 730 873 teneri
747 855 841 873 eorum
859 850 939 873 animi
951 849 1061 877 fabulis,
1077 849 1214 872 erroribus
1228 848 1352 876 vitiisque
1369 846 1417 868 im-

87 881 213 905 buantur.
227 895 252 897 —
265 888 361 905 ,πο-32.
376 883 529 907 Eorundem
552 884 689 914 ingenium
707 890 776 913 non,
792 886 821 908 ut
834 884 969 914 quondam
979 902 985 911 ,
1000 890 1095 907 severa
1110 883 1250 913 disciplina
1269 884 1296 906 et
1310 880 1415 905 infinito

87 916 179 940 labore
196 918 222 939 et
233 918 389 946 quotidiana
406 919 581 943 meditatione
595 921 662 943 etin
677 921 749 943 omui
764 926 863 949 genere,
880 919 1030 943 studiorum
1046 919 1289 943 exercitationibus
1304 916 1415 941 formari

87 954 169 980 atque
185 952 287 981 subigi,
302 953 348 975 sed
364 954 388 976 in
404 954 519 982 pucritia
537 956 564 978 et
577 956 722 984 juventute
737 955 800 978 nihil
814 955 889 981 disci.
902 955 973 984 quod
988 960 1063 977 usum
1075 954 1182 978 habeat.
1198 955 1263 977 Hinc
1277 953 1415 981 antiquam

88 986 271 1016 eloquentiam
286 994 317 1011 ex
335 989 453 1011 oninium
468 995 558 1012 rerum
573 990 685 1013 seientia
702 989 876 1019 pluribusque
891 990 995 1013 artibus
1010 989 1161 1012 exundasse
1175 991 1201 1013 et
1215 990 1351 1012 oratorem
1366 993 1414 1016 po-

86 1022 169 1045 tuisse
190 1023 222 1045 de
246 1024 318 1046 omni
333 1024 479 1053 qufestione
494 1024 605 1053 pulchre
623 1027 650 1048 et
670 1028 767 1049 ornate
782 1027 809 1049 et
831 1026 940 1054 copiose
957 1027 984 1048 et
1005 1026 1079 1048 varie
1099 1025 1174 1048 etad
1198 1023 1414 1054 persuadendum

86 1058 150 1084 apte
164 1057 239 1081 dicer
252 1066 270 1085 ις
285 1059 381 1082 hurum
395 1065 459 1082 vero
473 1061 624 1088 temporum
640 1061 763 1084 disertos.
778 1061 859 1084 aridis
870 1061 1008 1084 rhetorum
1021 1061 1162 1089 praeeeptis
1174 1059 1347 1088 artificiisque
1357 1064 1416 1082 sor-

63 1092 67 1099 “
87 1091 231 1116 didissnnis
244 1095 398 1121 contentos,
413 1096 613 1124 grammatices,
632 1096 720 1124 legum
737 1098 765 1119 et
779 1096 954 1125 philosophiae
968 1097 1076 1124 ignaros
1091 1101 1159 1117 esse.

116 1132 213 1153 34—33.
232 1130 352 1152 Materno
375 1129 473 1152 deinde
493 1130 620 1154 hortant(¹
644 1131 756 1154 Messala
777 1131 950 1160 progreditur
964 1130 996 1153 ad
1015 1130 1093 1153 aliam
1109 1130 1243 1158 corruptae
1257 1128 1416 1158 eloquentiae

85 1168 195 1186 causam
207 1182 213 1191 ,
230 1165 262 1187 ad
285 1165 409 1187 eximiam
423 1165 595 1193 antiquorum
614 1168 751 1189 oratorum
768 1168 795 1189 et
809 1172 964 1195 perversam
979 1165 1162 1188 recentiorum
1182 1165 1415 1188 exercitationem.

85 1199 203 1221 ,Iuvenes
217 1200 296 1227 dicit,
313 1199 431 1223 imbutos
442 1200 497 1228 jam
512 1200 661 1224 domestica
673 1201 827 1231 disciplina,
841 1201 963 1224 honestis
977 1200 1072 1224 studiis
1086 1200 1201 1224 refertos
1218 1206 1250 1223 ac
1264 1200 1333 1223 bene
1348 1204 1417 1228 prae-

86 1234 203 1262 paratos,
216 1240 229 1257 a
245 1235 322 1263 patre
337 1234 399 1257 olim
414 1234 457 1257 rel
471 1237 629 1265 propinquis
640 1236 722 1259 tuisse
737 1236 869 1259 deductos
880 1236 913 1259 ad
927 1236 1063 1265 principes
1078 1237 1225 1262 oratorum,
1240 1240 1307 1264 quos
1321 1232 1417 1258 sectati

83 1269 112 1291 in
123 1268 239 1297 judiciis,
255 1269 314 1293 foro
327 1269 557 1299 concionibusque
571 1277 691 1300 pugnare
705 1272 731 1295 in
747 1272 802 1301 ipsa
817 1271 902 1295 veluti
916 1276 998 1294 arena
1010 1273 1037 1295 et
1049 1271 1106 1294 acic
1120 1270 1290 1299 didicissentg
1303 1271 1331 1293 at
1344 1273 1417 1293 nunc

85 1305 247 1328 educatione
267 1305 447 1334 depravatos,
463 1306 562 1330 inscios
576 1312 608 1329 ac
628 1308 770 1335 torpentes
790 1307 906 1330 transire
923 1306 950 1329 in
970 1306 1110 1329 rhetorum
1130 1305 1254 1334 scholas,
1278 1306 1305 1328 in
1319 1304 1416 1334 quibus

85 1339 138 1363 dno
164 1341 338 1364 materiarum
363 1347 463 1370 genera
476 1361 481 1370 ,
504 1343 631 1365 suasoriae
654 1344 681 1366 ct
704 1343 912 1369 controversiae,
936 1343 1103 1370 tractentur,
1126 1347 1177 1364 nee
1193 1341 1274 1365 facile
1298 1339 1398 1363 dixeris
1408 1358 1414 1369 ‚

85 1376 214 1400 utrumne
230 1375 304 1399 locus
317 1376 381 1405 ipse.
397 1382 431 1399 an
445 1382 530 1406 genus
545 1377 711 1406 studiorum,
726 1384 760 1401 an
775 1378 953 1407 condiscipuli
966 1377 1026 1406 plus
1043 1376 1105 1400 inali
1120 1377 1234 1405 ingeniis
1247 1375 1372 1399 afferant,

117 1409 182 1438 [Hie
195 1411 324 1434 Messaloe
337 1417 429 1435 sermo
451 1412 572 1435 mutilus
586 1413 627 1435 est
639 1420 647 1435 :
659 1419 723 1436 eum
745 1413 842 1437 statim
859 1413 998 1441 ercepz'sse
1021 1412 1137 1436 videtur
1162 1416 1255 1435 sermo
1272 1410 1415 1439 Materni,

86 1445 209 1468 internis
226 1447 372 1474 corrupta·
385 1446 553 1475 eloquentia?
566 1448 661 1471 causis
675 1449 809 1471 mter-nas
822 1447 1000 1472 annectentes
1014 1447 1065 1470 has
1076 1446 1095 1476 :]
1281 1452 1295 1459 ⁸

115 1485 157 1508 56,
173 1486 211 1504 57.
234 1476 265 1514 α)
284 1480 444 1504 Uberioren‘s
462 1482 494 1504 ad
513 1482 656 1505 dicendum
672 1484 812 1506 materiam
827 1483 909 1506 fuisse
926 1482 1081 1506 oratoribus
1095 1481 1226 1510 antiquis,
1244 1479 1415 1510 splendorem

84 1521 175 1540 rerum
191 1517 217 1539 et
232 1517 444 1545 magnitudinem
465 1523 622 1545 causarum,
638 1518 710 1548 leges
725 1519 859 1548 rogandas
877 1520 904 1542 et
917 1517 1047 1547 populare
1061 1523 1160 1542 nomen
1174 1535 1180 1543 ,
1196 1517 1343 1540 conciones
1358 1521 1415 1538 ma-

86 1551 258 1579 gistratuum.
275 1552 463 1575 accusationes
482 1553 632 1581 potentium
650 1559 758 1576 reorum
784 1555 811 1576 et
830 1553 979 1581 assignatas
1002 1553 1082 1575 etiam
1103 1551 1225 1575 domibus
1243 1550 1413 1577 inimicitias,

86 1591 230 1615 procerum
250 1586 381 1609 factiones
399 1588 426 1610 et
443 1587 549 1610 assidua
566 1588 676 1610 senatus
691 1588 819 1611 adversus
838 1587 944 1617 plebem
965 1588 1123 1610 certamina.
1144 1582 1175 1621 β)
1195 1586 1297 1614 Maiora
1318 1585 1412 1609 iisdem

84 1622 194 1650 praemia
210 1621 289 1644 fuisse
303 1622 448 1650 proposita,
463 1622 600 1645 faciliores
615 1622 647 1645 ad
664 1629 782 1646 summos
796 1623 913 1646 honores
927 1622 1015 1645 aditus
1023 1619 1184 1650 'eloquentia
1198 1620 1412 1649 patefaciendos,

85 1655 143 1685 plus
158 1656 228 1685 apud
247 1657 383 1685 principes
397 1658 424 1679 et
438 1657 612 1685 magistratus
626 1657 808 1685 provinciales
822 1658 930 1686 gratiae,
944 1656 1014 1685 apud
1035 1658 1128 1680 Patres
1145 1655 1327 1684 auctoritatis,
1343 1657 1413 1684 apud

84 1690 190 1719 plebem
209 1692 310 1714 notitiae
330 1697 361 1715 ac
374 1693 504 1717 nominis,
523 1691 662 1715 clientelas
677 1694 829 1715 exterarum
845 1693 1002 1720 nationum,
1018 1693 1148 1721 praeturas
1162 1692 1189 1715 et
1207 1690 1371 1714 consulatus.
1385 1702 1414 1709 -

82 1731 180 1749 zie—⁴0.
194 1721 224 1760 γ)
245 1727 365 1749 Formam
384 1728 411 1750 et
425 1727 648 1750 consuetudinem
665 1729 787 1751 veterum
799 1728 962 1757 judiciorum
978 1727 1134 1751 oratoribus
1148 1726 1259 1754 favisse?
1274 1731 1369 1749 causas
1386 1727 1413 1750 in

83 1761 158 1785 foro.
176 1767 229 1784 non
244 1761 270 1784 in
285 1761 424 1784 auditoriis
438 1761 614 1785 tabulariisvc
631 1762 793 1792 explicatas,
808 1762 921 1786 liberum
939 1764 967 1786 et
983 1762 1092 1786 dicendi
1106 1762 1134 1785 et
1153 1761 1414 1790 comperendinandi

84 1796 205 1824 tempus,
218 1797 363 1820 clamorem
379 1798 406 1820 et
419 1796 542 1825 plausum
555 1798 582 1821 et
595 1797 684 1821 studia
702 1799 832 1822 certantis
846 1795 956 1827 populi,
976 1803 1038 1821 reos
1051 1802 1186 1821 concursu
1196 1796 1280 1820 totius
1294 1796 1414 1821 civitatis

85 1832 113 1854 et
135 1834 279 1855 accusatos
304 1833 330 1855 ct
346 1832 485 1859 defensos,
501 1833 648 1856 conciones
672 1833 792 1856 assiduas
815 1834 843 1856 et
863 1833 955 1856 datum
977 1833 1020 1862 jus
1041 1832 1258 1862 potentissimum
1279 1836 1414 1860 quemque

84 1867 209 1890 vexandi.
219 1872 291 1895 —4o‚
307 1872 343 1891 4¹.
358 1867 453 1896 Neque
467 1869 557 1891 tamen
572 1869 714 1897 propterea
727 1868 890 1892 laudandam
905 1870 999 1892 censet
1013 1869 1151 1891 Maternus
1163 1866 1340 1890 valentiorem
1356 1865 1413 1889 elo-

84 1902 237 1931 quentiam,
262 1902 332 1931 qnod
348 1903 476 1931 licentiae,
494 1909 573 1932 quam
593 1903 668 1927 stulti
689 1903 843 1928 libertatem
859 1905 971 1931 vocent,
989 1903 1094 1926 alumna
1109 1903 1145 1926 sit
1158 1903 1186 1925 et
1199 1907 1289 1926 comes
1302 1900 1412 1924 seditio-

84 1943 148 1961 num
166 1939 194 1960 et
210 1936 335 1960 effrenati
356 1937 446 1966 populi
466 1939 682 1962 incltamentum.
703 1940 766 1963 Eam
790 1939 896 1968 quidem
916 1939 1009 1968 vigere
1029 1937 1096 1961 dicit
1114 1937 1141 1960 in
1162 1936 1331 1964 civitatibus,
1353 1938 1413 1964 quae

82 1972 224 1998 discordiis
239 1973 265 1995 et
283 1972 401 2001 partibus
417 1979 445 1996 se
468 1974 531 2002 ipsae
553 1973 712 2003 conficiant,
733 1974 778 1998 sed
799 1975 826 1998 in
851 1974 946 2005 quietis
969 1979 1000 1997 ac
1023 1973 1093 1997 bene
1107 1973 1264 1996 constitutis
1278 1977 1330 1995 non
1345 1973 1413 1999 opus

83 2013 142 2032 esse
156 2006 202 2030 tali
221 2006 374 2036 eloquentia
388 2007 509 2037 longisve
529 2009 554 2032 iu
568 2010 665 2032 senatu
678 2010 821 2033 sententiis
835 2011 862 2033 et
879 2009 970 2032 multis
983 2007 1054 2037 apud
1073 2007 1201 2037 populum
1216 2005 1412 2030 concionibus;

84 2042 169 2066 multo
187 2043 274 2065 minus
288 2043 315 2066 in
333 2049 362 2066 re
377 2043 499 2072 publiea,
520 2044 547 2067 in
561 2050 612 2072 qua
627 2050 680 2068 non
694 2045 811 2074 imperiti
826 2045 853 2068 et
866 2044 941 2067 multi
955 2043 1123 2070 deliberent,
1137 2041 1184 2065 sed
1197 2041 1412 2071 sapientissimus

83 2078 110 2100 et
125 2083 200 2101 unus.
219 2078 313 2101 Melius
327 2084 393 2106 esse,
408 2083 462 2102 non
476 2079 566 2108 queri,
581 2085 660 2108 quam
676 2080 807 2103 vindicari
821 2081 857 2108 et,
871 2079 893 2102 si
906 2079 1074 2102 inveniretur
1091 2077 1180 2107 aliqua
1195 2077 1304 2104 civitas,
1317 2076 1343 2099 in
1356 2080 1411 2104 qua

82 2118 162 2137 nemo
176 2115 322 2142 peccaret,
341 2119 538 2143 supervacuum
558 2114 616 2138 tore
630 2115 701 2138 inter
720 2115 881 2138 innocentes
900 2115 927 2137 et
947 2119 1035 2138 mores
1056 2114 1143 2138 bonos
1160 2113 1187 2136 et
1204 2113 1230 2135 in
1250 2110 1410 2139 obsequium

82 2148 202 2176 regentis
218 2150 329 2176 paratos
350 2150 486 2172 oratorem
510 2149 579 2173 sicut
601 2149 673 2173 inter
691 2155 771 2173 sanos
795 2149 937 2173 medicum.
960 2149 1052 2178 ltaque
1077 2153 1132 2172 non
1155 2145 1318 2174 dolendum,
1338 2142 1411 2184 quod

82 2182 171 2205 minor
184 2188 256 2207 nune
270 2185 408 2207 oratorum
423 2184 618 2214 obscuriorque
635 2185 720 2214 gloria
735 2186 778 2214 sit,
794 2185 842 2209 sed
857 2185 985 2209 utendum
1000 2184 1089 2214 potius
1103 2183 1201 2212 cuique
1217 2181 1295 2206 bonis
1307 2185 1348 2204 sui
1359 2184 1409 2203 sae·

83 2216 138 2240 culi
151 2217 218 2241 citra
234 2218 463 2242 obtrectationem
479 2218 598 2242 alterius.

113 2256 150 2276 ⁴2.
168 2253 328 2277 Dissolvitur
345 2253 518 2283 colloquium.
532 2253 669 2283 [Habitum
682 2254 793 2283 fingitur
805 2259 877 2278 anno
890 2254 920 2278 U.
935 2257 992 2282 82⁸,
1006 2257 1030 2282 p.
1045 2251 1105 2276 Chr.
1119 2251 1169 2282 73].

672 2369 834 2381 >do——
