1539 2668
143 172 204 200 202
525 168 652 197 rAcrrl
673 168 885 198 AMALIUM
901 169 980 199 'Lm
997 169 1091 198 xm.

184 247 289 275 XLVI.
314 242 422 282 Otho,
439 242 507 273 sive
531 250 640 273 amore
661 242 813 274 incautus
827 267 836 283 ,
866 242 997 275 laudare
1014 242 1174 283 formam
1202 242 1477 284 eleqantiamque

143 292 264 323 ‘texorz's
282 289 367 331 apud
383 289 564 329 Principem
578 313 587 328 ,
603 289 673 320 sive
688 289 726 320 ut
742 290 941 322 accenderet.
957 298 1042 330 saepe
1059 289 1189 321 auditus
1213 291 1264 320 est
1280 298 1478 330 consurgens

143 348 161 370 e
177 337 327 369 convivio
342 336 533 376 Caesaris,se
546 338 597 367 z're
611 335 658 368 ad
671 336 784 376 illam,
794 337 857 368 sibi
870 345 1062 369 concessam
1080 337 1231 368 dictitans
1248 336 1476 378 nobilitatem,

138 384 442 427 pulchritudinem
453 408 463 422 ,
489 384 569 414 vota
584 384 750 416 omnium.
768 383 819 416 his
835 386 933 425 atque
947 384 1068 415 talibus
1084 384 1292 415 irritamentis
1305 393 1370 415 non
1385 384 1479 424 longa

144 432 310 465 cunctatio
336 430 557 471 interponitur
574 439 582 461 :
601 430 656 462 sed
678 432 811 471 accepto
827 431 914 462 aditu
937 431 962 472 ¹,
981 435 1116 472 Poppaea
1127 431 1268 471 primum
1285 430 1479 471 perblandi-

148 481 261 513 menta
275 481 306 509 et
324 480 409 509 artes
423 477 602 517 valescere,
618 485 653 509 se
661 477 785 517 forma
800 480 948 510 Neronis
961 481 1103 519 captam
1116 478 1290 517 simulans;
1306 487 1397 518 mox,
1415 477 1481 509 aeri

142 529 209 568 jam
228 525 385 565 Principis
403 533 511 555 amore
525 547 534 563 ‚
551 525 590 555 ad
618 525 800 564 superbiam
817 527 969 567 vertens,
993 528 1140 566 nuptam
1165 534 1233 556 esse
1249 533 1284 556 se
1307 525 1460 557 dictitans
1472 550 1481 559 .

144 583 205 606 nee
223 581 319 613 posse
339 573 607 603 matrmwnium
624 574 804 612 amittere,
835 573 1030 604 devinctam
1048 573 1171 604 oelzom·
1184 581 1249 613 per
1262 581 1368 613 yenus
1381 574 1459 604 vitae
1472 597 1481 612 ,

142 620 237 661 quod
254 628 349 651 nemo
367 619 585 659 adaequaret.
605 619 709 651 ‘illum
725 621 842 652 animo
859 622 891 651 et
905 620 1007 651 culm
1020 619 1264 659 mayroificum5
1279 620 1324 650 ibt
1341 628 1376 651 se
1389 628 1480 651 sum-

142 677 200 699 ma
217 667 373 705 fortuna
390 665 497 706 (liqna
513 667 631 697 visere.
654 668 693 698 at
713 668 886 698 Neronem
903 666 1125 699 assuetudine
1143 669 1236 698 Actes
1259 667 1403 698 ancillae
1427 666 1483 697 de·

143 716 310 751 vinclum,
321 712 409 744 nihil
423 722 440 743 e
454 713 676 745 contubernio
688 714 808 745 servili
818 715 884 745 nisi
899 713 1070 752 abjectum
1080 715 1113 744 et
1125 713 1305 744 sordidum
1320 715 1481 744 traxisse.

143 761 301 799 Dejicitur
318 760 535 791 familiaritate
550 761 659 798 sueta,
674 762 749 800 post
763 769 937 801 congressu
950 762 983 791 et
1000 760 1156 792 comitatu
1180 761 1286 798 Otho;
1313 762 1345 791 et
1367 760 1405 791 ad
1429 769 1484 801 po-

143 810 321 847 stremum,
339 816 380 838 ne
394 806 429 837 in
445 807 532 839 Urbe
548 808 721 839 aemulatus
744 810 872 848 ageret,
898 807 1076 848 provinciae
1093 807 1270 838 Lusitaniae
1284 807 1459 847 praeficitur
1473 818 1481 838 ε

144 855 201 886 ubi
218 864 321 894 usque
340 854 378 885 ad
399 855 508 885 civilia
524 863 614 885 arma
630 854 642 872 2
658 864 723 886 non
738 863 775 886 ex
794 854 900 895 priore
913 855 1051 887 infamia
1063 879 1072 895 ,
1091 855 1149 886 sed
1169 855 1292 895 integre
1308 856 1484 895 sancteque

145 903 227 942 egit,
246 911 365 942 procax
382 901 440 932 otii
458 901 469 918 ³
491 902 523 932 et
538 900 705 941 potestatis
722 902 967 942 temperantior.

185 953 306 980 XLVII.
326 950 488 980 Hactenus
502 952 584 979 Nero
600 949 732 988 flagitiis
746 952 778 980 et
793 949 970 980 sceleribus
986 949 1167 980 velamenta
1192 948 1353 988 quaesivit.
1376 957 1484 988 suspe-

145 997 253 1028 ctabat
268 997 409 1027 maxime
441 995 627 1027 Cornelium
645 996 766 1026 Sullam
785 996 809 1036 ¹,
834 1005 943 1028 socors
961 996 1125 1035 ingenium
1144 996 1212 1034 ejus
1229 995 1262 1025 in
1285 995 1483 1026 contrarium

147 1043 280 1074 trahens
296 1068 304 1082 ,
336 1042 554 1082 callidumque
577 1044 608 1073 et
624 1042 845 1074 simulatorem
863 1043 1116 1083 interpretando.
1143 1051 1238 1081 quem
1266 1043 1389 1072 metum
1412 1045 1484 1073 Gra-

146 1092 235 1130 ptus,
244 1099 283 1121 ex
298 1089 419 1121 libertis
427 1089 577 1128 Caesaris,
588 1096 648 1118 usu
661 1090 693 1119 et
705 1092 832 1121 senecta
846 1090 973 1120 Tiberio
987 1089 1144 1129 abusque²
1155 1089 1287 1119 domum
1300 1088 1484 1129 Principum

148 1137 300 1175 edoctus,
330 1137 384 1168 tali
413 1136 582 1166 mendacio
603 1136 753 1167 intendit.
779 1140 861 1167 Pons
885 1137 1025 1167 Mulvius
1042 1136 1052 1153 '³
1071 1137 1104 1166 in
1124 1144 1162 1166 eo
1188 1138 1334 1175 tempore
1350 1135 1483 1167 celebris

147 1183 227 1214 luxu
243 1186 330 1222 erat3
350 1183 594 1222 ventitabatque
612 1183 687 1214 illuc
705 1187 788 1213 Nero
801 1207 809 1221 ,
826 1192 888 1222 quo
908 1183 1045 1214 solutius
1063 1182 1180 1214 Urbem
1199 1185 1291 1213 extra
1309 1182 1481 1213 lasciviret.

148 1230 245 1269 igitur
272 1230 483 1269 reqredienti
496 1237 562 1268 per
575 1231 671 1260 via-m
694 1229 912 1260 Flamme‘am
939 1231 1148 1269 compositas
1176 1229 1483 1268 irisidiassatoque

147 1279 318 1317 erilatas,
343 1278 508 1317 quomam
532 1275 665 1307 diverso
688 1278 811 1307 itinere
827 1277 1059 1307 Sallszcscmnos
1076 1278 1112 1307 in
1128 1276 1245 1307 hortos
1263 1277 1481 1314 remeaverit,

149 1327 393 1364 auclorequce
416 1324 490 1363 ejzcs
510 1323 581 1354 (loli
597 1324 734 1354 Sullam
760 1325 948 1362 ementitur,
964 1324 1038 1363 quia
1065 1324 1146 1354 I'orte
1159 1347 1167 1361 ,
1197 1322 1405 1354 redeuntibus
1420 1321 1482 1352 mi-

147 1371 258 1402 nistris
276 1370 432 1410 Principis
443 1394 452 1409 ,
470 1370 600 1409 quidam
615 1380 671 1410 per
684 1371 863 1410 juvenilem
878 1371 1039 1401 licentiam
1052 1396 1060 1409 ,
1075 1379 1150 1410 quae
1165 1373 1242 1400 tunc
1260 1369 1381 1409 passim
1396 1377 1484 1400 exer-

148 1418 295 1457 cebatur,
309 1418 439 1448 inanem
457 1419 582 1448 metum
597 1418 748 1448 faceram.
764 1426 868 1457 neque
887 1426 1055 1449 servornm
1071 1418 1241 1457 quisquam
1266 1425 1368 1456 neque
1385 1416 1482 1447 clien-

147 1466 229 1498 timu
245 1464 338 1496 Sullze
351 1464 498 1504 agnitus3
517 1465 724 1505 maximeque
738 1465 889 1505 despecta
905 1468 936 1496 et
951 1466 1071 1496 nullius
1087 1465 1153 1496 ausi
1168 1473 1269 1504 capax
1287 1467 1401 1494 natura
1413 1463 1483 1502 ejus
1535 1460 1536 1463 ’

148 1521 168 1544 a
182 1512 316 1543 crimine
332 1511 525 1542 abhorrebat
543 1521 550 1541 :
566 1512 700 1552 perinde
717 1514 824 1543 tamen
843 1512 936 1552 quasi
956 1513 1123 1543 convictus
1138 1514 1240 1551 esset,
1254 1511 1365 1542 cedere
1381 1511 1483 1551 patria
1535 1511 1536 1518 ¹

149 1561 182 1591 et
204 1559 451 1591 Massiliensium
465 1559 628 1591 moenibus
643 1561 784 1591 coerceri
799 1559 940 1598 jubetur.

190 1610 325 1638 XLVIII.
350 1606 468 1637 Iisdem
486 1607 671 1637 consulibus
695 1606 813 1637 auditae
839 1606 1088 1636 Puteolanorum
1116 1605 1309 1644 legationes,
1333 1613 1413 1644 quas
1436 1603 1481 1635 di-

147 1663 258 1685 versas
274 1654 353 1684 ordo
371 1652 378 1670 ¹
407 1653 563 1693 plebsque
580 1653 622 1683 ad
640 1656 786 1684 senatum
810 1652 984 1689 miserant,
1006 1652 1051 1682 illi
1068 1654 1135 1682 vim
1158 1651 1397 1683 mrulcetuclmis
1409 1677 1420 1691 ,
1446 1651 1482 1682 lzz‘
1529 1680 1531 1693 ,Δ

147 1702 423 1741 maqistratmcm
443 1701 476 1731 et
499 1701 605 1739 primi
627 1700 792 1740 cujzcsque
807 1701 998 1730 avaritiam
1012 1699 1224 1738 increpantes.
1250 1707 1415 1738 quumque
1432 1706 1481 1728 se-
1528 1703 1532 1741 ¹}

149 1748 230 1780 ditio
247 1747 287 1778 ad
305 1755 381 1778 saxa
406 1749 438 1777 et
463 1747 566 1778 minas
584 1747 707 1786 ignium
733 1755 898 1786 progressa
927 1755 1039 1776 necem
1059 1748 1090 1777 et
1108 1755 1196 1776 arma
1214 1744 1419 1786 perliceret2‚
1444 1747 1479 1775 C.
1529 1784 1530 1787 Ἴ

147 1796 276 1829 Cassius
292 1793 474 1825 adhibendo
485 1794 627 1825 remedio
641 1794 798 1825 delectus.
814 1794 890 1834 quia
908 1793 1113 1825 severitatem
1130 1793 1197 1831 ejus
1210 1802 1275 1824 non
1291 1792 1482 1831 tolerabant,
1528 1790 1530 1819 ἴ

148 1846 302 1884 precante
329 1842 419 1881 ipso,
446 1841 485 1872 ad
515 1841 698 1872 Scribonios
716 1842 828 1872 fratres
843 1841 854 1858 ³
878 1850 915 1872 ea
935 1849 1011 1871 cura
1034 1840 1236 1879 transfertur,
1254 1840 1329 1871 data
1349 1839 1481 1870 cohorte
1528 1845 1529 1861 1

148 1889 301 1930 praetoria
313 1911 322 1927 ,
345 1888 438 1927 cujus
453 1891 577 1919 terrore
593 1889 625 1919 et
639 1897 816 1928 paucorum
835 1887 992 1927 supplicio
1006 1887 1101 1918 rediit
1118 1887 1284 1927 oppidanis
1299 1885 1479 1917 concordia.

192 1939 295 1967 XLIX.
315 1940 385 1967 Non
401 1935 553 1966 referrem
567 1935 827 1975 vulgatissimum
841 1935 1177 1973 senatusconsultum,
1192 1943 1257 1974 quo
1271 1935 1407 1965 civitati
1419 1934 1481 1972 Sy-

149 1991 407 2015 racusanorum
423 1982 538 2023 eqredz'
558 1990 741 2013 numerum
748 1982 886 2013 edendis
899 1980 1317 2022 qladicctoribusfintczmffi
1332 1980 1481 2020 permit·

152 2030 305 2069 tebatur,
325 2030 387 2061 nisi
414 2031 521 2061 Paetus
547 2030 687 2060 Thrasea
713 2032 825 2061 contra
849 2029 1001 2067 dixisset,
1032 2028 1285 2068 praebuissetque
1312 2025 1479 2057 materiem
1526 2053 1527 2056 ,

151 2076 424 2108 obtrectatoribus
446 2076 617 2117 arguendae
633 2076 802 2108 sententiae
817 2085 825 2107 :
847 2088 864 2103 «
882 2084 940 2107 cur
953 2075 1038 2107 enim
1049 2099 1058 2115 ,
1087 2075 1114 2106 si
1138 2073 1370 2114 rempublicam
1388 2081 1479 2113 egere

179 2199 267 2223 XLVI.
284 2204 303 2222 I.
320 2199 357 2222 Ad
371 2200 513 2223 Neronem.
531 2210 566 2217 «—
578 2204 601 2223 2,
611 2200 679 2223 :Post
691 2199 828 2223 Neronem
842 2198 1005 2222 exstinctum
1018 2197 1125 2226 sumpta
1136 2214 1144 2225 ,
1165 2195 1263 2225 quibus
1275 2194 1306 2219 fit
1319 2193 1477 2224 Imperator.
1528 2223 1530 2226 v

152 2246 183 2254 .-
195 2240 217 2258 5.
230 2235 258 2257 In
273 2234 329 2257 otio
339 2234 456 2262 agendo.

181 2269 284 2292 XLVII.
297 2275 320 2292 ι.
338 2270 375 2292 De
387 2275 441 2298 <suo
456 2275 480 2293 c.
496 2275 531 2293 25.
545 2275 609 2294 -2.
625 2271 647 2294 A
662 2269 769 2295 Tiberio
783 2275 878 2298 usque.
890 2274 950 2293 -5.
966 2269 1029 2294 Plus
1038 2268 1124 2293 tribus
1138 2267 1255 2292 minibus
1268 2272 1340 2297 paSS.
1359 2265 1393 2290 ab
1407 2265 1478 2291 Urbe

156 2304 267 2329 distans,
285 2310 366 2333 prope
378 2305 467 2328 locum
480 2305 668 2329 ubinuneest
684 2306 826 2330 Torretta.

183 2340 300 2363 XLVIII.
315 2345 334 2362 i.
345 2340 549 2364 sc.-senatorius
573 2341 909 2371 inunicipiircbeeurz'ones.
925 2339 1205 2364 -—-·2.i1‘rv0vocaret.—
1219 2343 1241 2362 s.
1261 2337 1359 2363 Rufum
1372 2337 1400 2361 et
1410 2336 1477 2360 Pro·
1517 2341 1529 2369 j

152 2375 257 2404 culum,
275 2375 308 2399 de
324 2374 650 2405 quinus‚H2'sI⁰r.=1v‚.4i.

186 2411 276 2435 XLIX.
293 2416 313 2434 iz
324 2411 420 2435 Edicto
438 2411 552 2440 Augusti
565 2418 588 2436 a.
603 2412 630 2436 U.
645 2417 688 2435 732
698 2431 704 2442 ,
719 2418 772 2442 quo
787 2411 827 2437 bis
843 2417 891 2441 per
907 2416 1008 2436 annum
1022 2413 1050 2436 et.
1065 2415 1107 2436 ¹20
1119 2410 1302 2441 gladiatorum
1312 2427 1320 2439 ,
1342 2412 1398 2432 non
1416 2406 1476 2437 plu-
