1539 2668
488 142 522 170 A.
548 142 584 169 L'.
607 140 644 167 C.
668 140 739 169 777.
764 143 798 168 A.
823 143 857 170 C.
884 141 935 170 24.
1314 143 1368 174 101

57 219 120 249 tur.
140 225 199 248 nec
210 216 307 248 dubie
323 216 572 256 repetundarum
589 215 777 247 criminibus
790 216 955 248 haerebant
970 226 979 247 :
995 215 1052 247 sed
1068 217 1184 247 cuncta
1196 218 1373 256 quaestione

56 263 232 303 maiestatis
251 263 408 302 exercita,
431 264 463 293 et
484 262 579 293 Silius
601 262 822 294 imminentem
845 263 1087 295 damnationem
1105 263 1287 296 voluntario
1309 265 1372 296 fine

57 311 231 352 praevertit.

98 362 160 389 XX.
182 358 335 390 Saevitum
349 357 455 388 tamen
468 356 499 387 in
517 356 613 392 bona,
629 366 693 388 non
708 359 744 387 ut
757 356 990 397 stipendiariis*
1005 357 1151 398 pecuniae
1166 357 1372 390 redderentur

57 413 195 444 quorum
220 413 315 435 nemo
340 402 527 443 repetebat:
546 403 599 434 sed
629 403 801 435 liberalitas
826 405 959 444 Augusti
976 403 987 421 ²
1016 404 1150 443 avulsa,
1177 406 1372 446 computatis

56 452 242 491 singillatim
259 459 330 490 quae
351 450 427 481 fisco
443 450 645 490 petebantur.
672 460 709 482 ea
733 452 834 491 prima
856 452 982 483 Tiberio
1004 460 1077 491 erga
1105 452 1273 492 pecuniam
1301 453 1374 483 alie-

56 507 130 529 nam
148 497 309 538 diligentia
327 496 398 528 suit.
416 497 503 528 Sosia
527 498 560 528 in
577 498 726 529 exsilium
748 499 874 538 pellitur
890 499 990 530 Asinii
1015 499 1094 530 Galli
1117 500 1293 539 sententia,
1318 500 1374 539 qui

50 547 193 585 partem
220 545 383 576 bonorum
409 545 682 584 publicandam,
700 554 789 585 pars
814 548 855 577 ut
875 547 988 577 liberis
1006 548 1274 587 relinqueretur,
1303 556 1375 577 een-

55 593 173 624 suerat.
192 594 303 624 contra
320 594 362 623 Μ.
379 592 514 631 Lepidus
531 594 697 631 quartam
723 594 981 625 accusatoribus
998 594 1008 611 ³
1031 594 1219 625 secundum
1238 596 1374 626 necessi-

57 639 210 671 tudinem
227 639 329 678 ἱερᾶς,
352 641 467 670 cetera
485 639 600 670 liberis
617 640 787 671 concessit.
813 644 905 671 Hunc
920 649 977 680 ego
997 640 1152 681 Lepidum
1176 641 1374 681 temporibus

55 686 116 717 illis
131 694 261 725 gravem
273 687 305 717 et
325 685 503 725 sapientem
518 686 624 716 virum
638 686 738 718 fuisse
752 688 924 727 comperio.
951 697 1024 718 nam
1044 688 1194 728 pleraque
1219 688 1259 719 ab
1281 689 1375 719 saevis

54 733 293 764 adulationibus
308 733 445 763 aliorum
462 733 493 764 in
511 733 629 763 melius
647 733 735 764 flexit
753 744 760 764 :
785 744 889 774 neque
906 737 1014 766 tamen
1039 735 1284 775 temperamenti
1302 743 1374 774 ege-

54 779 131 819 bat,
157 789 256 820 quum
278 780 425 820 aequabili
447 781 639 811 auctoritate
655 779 664 797 ⁴
687 782 718 812 et
735 781 835 820 gratia
848 781 933 822 apud
952 782 1113 812 Tiberium
1128 782 1276 822 viguerit.
1290 782 1375 813 unde

55 827 203 859 dubitare
219 836 327 867 cogor,
344 828 407 857 fato
421 831 453 858 et
470 831 556 858 sorte
571 828 739 865 nascendi,
759 830 793 859 ut
808 831 913 860 cetera
927 853 934 867 ,
953 829 996 859 ita
1014 829 1024 846 5
1041 829 1225 868 Principum
1240 829 1375 859 inclina-

54 874 100 904 tio
117 874 150 905 in
167 875 240 912 1105,
263 875 396 905 offensio
414 874 446 905 in
462 875 550 913 illos,
580 883 620 905 an
646 875 687 906 sit
709 875 831 915 aliquid
848 876 880 906 in
900 876 1019 906 nostris
1040 876 1199 915 consiliis,
1218 876 1375 915 liceatque

54 920 137 952 inter
158 922 327 962 abruptam
353 922 589 952 contumaciam
609 924 641 952 et
669 922 812 953 deforme
835 923 1031 962 obsequium
1057 932 1186 963 pergere
1202 924 1262 954 iter
1276 923 1375 954 ambi-

55 967 142 1000 tione
166 977 204 1000 ac
218 969 366 1009 periculis
382 978 533 1000 vacuum.
553 972 593 1000 At
620 970 809 1000 Messalinus
826 972 922 1001 Cotta
935 994 943 1008 ,
969 970 1055 1000 haud
1071 971 1179 1001 minus
1196 970 1290 1001 claris
1307 979 1376 1001 ma-

53 1015 176 1055 J'oribus
188 1040 197 1056 ‚
219 1016 276 1048 sed
293 1017 400 1047 animo
432 1016 596 1055 diversus,
624 1017 748 1048 censuit
775 1017 965 1048 carendum
992 1018 1307 1057 senatusconsulto,
1336 1020 1377 1049 ut

56 1065 424 1103 quamquamz‘nsonces
434 1065 663 1103 maqa‘stratus
674 1065 706 1094 et
720 1064 832 1103 culpae
846 1064 970 1095 attense
984 1067 1099 1104 nescii,
1109 1064 1377 1105 provincialibus

54 1118 205 1142 umorum
222 1110 421 1141 criminibus
437 1110 577 1149 perinde
591 1119 696 1150 quam
712 1113 784 1142 suis
798 1111 1045 1151 plecterentur.

96 1161 176 1188 XXI.
193 1159 309 1188 Actum
323 1156 440 1187 dehinc
454 1156 492 1187 de
507 1156 680 1196 Calpurnio
695 1158 810 1188 Pisone
821 1182 830 1196 ‚
851 1158 950 1189 nobili
964 1167 1001 1189 ac
1017 1158 1113 1190 feroci
1138 1159 1218 1190 viro.
1236 1159 1264 1190 is
1289 1167 1378 1190 nam-

56 1213 131 1244 que,
148 1205 184 1235 ut
199 1203 293 1234 retuli
311 1203 336 1242 ¹,
351 1212 527 1234 cessuram
543 1212 578 1234 se
602 1204 688 1234 Urbe
710 1204 749 1235 ob
760 1204 935 1242 sactiones
955 1208 1197 1237 accusatorum
1218 1206 1251 1236 in
1265 1209 1377 1237 senatu

57 1251 297 1287 clamitaverat,
321 1251 352 1281 et
368 1252 475 1290 spreta
491 1251 634 1290 potentia
654 1252 806 1290 Augustae
823 1251 949 1283 trahere
972 1252 1005 1282 in
1027 1253 1081 1290 jus
1099 1253 1305 1291 Urgulaniam
1323 1253 1378 1282 ‹lo-

58 1308 174 1337 moque
190 1297 347 1337 Principis
363 1297 469 1327 excire
484 1306 583 1327 ausus
597 1300 676 1328 erat.
703 1306 776 1337 quae
801 1297 833 1328 in
851 1307 990 1337 praesens
1004 1299 1151 1330 Tiberius
1166 1299 1304 1331 civiliter
1321 1300 1377 1330 ha-

58 1346 127 1376 huit
143 1354 149 1375 z
165 1344 219 1376 sed
237 1344 269 1375 in
284 1344 392 1375 animo
408 1344 592 1375 revolvente
607 1346 688 1383 iras,
707 1344 832 1375 etiamsi
847 1345 986 1384 impetus
997 1345 1187 1376 offensionis
1201 1346 1376 1386 languerat,

58 1392 210 1424 memoria
220 1391 355 1423 valebat.
374 1391 519 1422 Pisonem
534 1395 571 1430 Q.
588 1391 721 1422 Granius
732 1391 844 1422 secreti
860 1392 1017 1423 sermonis
1033 1393 1192 1423 incusavit
1207 1393 1376 1424 adversum

57 1439 256 1479 majestatem
272 1437 374 1468 habiti
387 1462 396 1477 ,
420 1438 602 1477 adjecitque
618 1440 653 1469 in
670 1437 768 1469 domo
785 1438 857 1477 ejus
875 1447 1041 1470 venenum
1061 1448 1130 1471 esse
1149 1448 1292 1480 eumque
1306 1440 1374 1480 qta-

57 1486 112 1518 dio
136 1487 326 1517 accinctum
354 1487 496 1516 introire
524 1487 670 1516 curiam.
697 1484 806 1525 quod,
836 1488 873 1517 ut
889 1487 1029 1517 atrocius
1055 1496 1144 1525 vero,
1164 1487 1348 1518 tramissum
1369 1498 1376 1517 ;

58 1536 234 1566 ceterorum
246 1556 254 1571 ,
272 1540 343 1572 quae
362 1532 462 1562 multa
478 1532 739 1569 cumulabantur,
756 1535 903 1572 receptus
928 1535 977 1565 est
993 1542 1081 1571 reus;
1100 1543 1204 1573 neque
1229 1537 1377 1574 peractus

57 1580 98 1612 ob
111 1582 246 1611 mortem
261 1583 486 1619 opportunam.
503 1578 649 1609 Relatum
663 1579 697 1609 et
713 1578 753 1609 de
767 1579 875 1610 Cassio
891 1583 1008 1611 Severo
1025 1581 1154 1620 exsule,
1171 1580 1227 1620 qui
1240 1580 1377 1611 sordidae

57 1626 207 1667 originis,
229 1626 384 1657 maleficae
398 1625 490 1665 vitae,
517 1625 570 1657 sed
588 1625 701 1656 orandi
715 1625 858 1666 validus,
883 1635 940 1666 per
953 1627 1142 1658 immodicas
1167 1627 1376 1665 inimicitiam,

56 1676 93 1706 ut
105 1674 227 1713 J'udicio
242 1673 338 1712 jurati
356 1674 484 1704 senatus
498 1676 624 1704 Cretam
640 1675 846 1704 amoveretur
857 1672 883 1712 ²,
896 1673 1065 1713 effecerat3
1079 1676 1176 1714 atque
1189 1675 1253 1706 illic
1265 1674 1378 1705 eadem

57 1721 218 1753 actitando
235 1720 376 1752 recentia
392 1723 566 1759 veteraque
587 1719 662 1750 odia
685 1719 844 1760 advertit,
869 1720 1028 1761 bonisque
1043 1723 1161 1753 exutus
1173 1746 1182 1761 ,
1207 1720 1378 1753 interdicto

56 1767 122 1808 igni
138 1768 233 1808 atque
247 1776 347 1808 aqua,
367 1776 443 1798 saxo
457 1767 600 1807 Seriphio
611 1766 622 1784 ³
640 1767 819 1798 consenuit.

98 1819 190 1846 XXII.
214 1818 273 1846 Per
289 1815 374 1845 idern
392 1817 520 1854 tempus
541 1814 686 1845 Plautius
704 1814 854 1845 Silvanus
870 1815 988 1854 praetor
1003 1815 1135 1847 incertis
1156 1816 1260 1847 causis
1282 1819 1378 1856 Apro-

57 1863 145 1893 niam
162 1862 328 1900 conjugem
345 1862 378 1892 in
393 1869 533 1901 praeceps
556 1861 654 1899 jecit;
676 1863 863 1900 tractusque
888 1862 929 1892 ad
950 1866 1110 1894 Caesarem
1135 1862 1176 1893 ab
1189 1866 1222 1894 L.
1238 1863 1378 1902 Apronio

58 1917 187 1947 socero,
204 1908 333 1939 turbata
354 1911 461 1938 mente
479 1907 660 1946 respondit,
683 1908 836 1947 tanquam
860 1909 930 1947 ipse
947 1918 1063 1940 somno
1078 1912 1196 1949 qravts
1210 1911 1316 1949 atque
1341 1919 1378 1941 eo

57 1957 220 1996 tartarus,
248 1956 282 1986 et
307 1963 398 1986 uxor
413 1954 532 1993 sponte
546 1955 691 1984 mortem
715 1955 925 1994 sumpsisset.
944 1964 1010 1986 non
1026 1958 1215 1987 cunctanter
1230 1955 1378 1986 Tiberius

59 2002 162 2043 pergit
174 2001 207 2032 in
223 2001 376 2041 domum,
403 2000 480 2031 visit
496 2000 683 2031 cubiculum
698 2010 705 2031 z
732 2000 766 2031 in
782 2009 847 2040 quo
865 2001 1053 2034 reluctantis
1072 2005 1104 2034 et
1120 2002 1268 2042 impulsae
1284 2001 1379 2033 vesti-

60 2049 109 2089 gia
127 2048 349 2080 cernebantur.
368 2048 466 2079 refert
477 2047 516 2078 ad
530 2050 697 2087 senatum,
712 2047 861 2087 datisque
871 2047 1034 2087 judicibus
1045 2073 1054 2088 ,
1072 2049 1243 2089 Urgulania
1259 2049 1379 2080 Silvani

61 2095 134 2127 avia
144 2095 316 2136 pugionem
333 2095 441 2135 nepoti
455 2095 553 2126 misit.
575 2095 664 2135 quod
687 2094 819 2135 perinde
843 2095 1002 2127 creditum
1026 2096 1118 2136 quasi
1134 2096 1289 2136 Principis
1307 2104 1378 2127 mo-

86 2218 151 2244 XX.
168 2223 191 2241 ι.
204 2219 246 2242 Sc.
260 2219 459 2247 provinciarum
473 2223 531 2248 quae
544 2219 647 2242 certam
661 2218 808 2248 quotannis
821 2218 996 2247 pecuniarum
1009 2225 1140 2242 summam
1157 2218 1307 2247 solvebant,
1322 2224 1378 2243 non

62 2253 188 2277 decumas
205 2254 251 2276 aut.
263 2254 404 2283 vectigalia
419 2254 525 2282 maj0ra
538 2253 677 2277 minorave
693 2254 843 2276 secundum
858 2253 964 2283 frugum
979 2256 1006 2278 et
1020 2255 1246 2278 commerciorum
1259 2260 1378 2284 proven-

63 2289 168 2311 tuma—
178 2292 199 2310 2.
214 2289 289 2312 Dona
301 2288 334 2312 ab
352 2290 468 2318 Augusto
481 2290 602 2317 accepta.
617 2301 645 2305 -
659 2294 682 2312 5.
698 2289 748 2317 Qui
762 2289 824 2312 hinc
840 2289 1084 2318 quadruplatores
1107 2289 1276 2314 dicebantur.
1288 2290 1377 2319 Leuis,

64 2322 96 2346 de
107 2322 293 2350 majestate-
306 2329 326 2347 ⁴.
338 2325 379 2347 Sc.
392 2324 418 2347 in
430 2324 540 2347 civitate
551 2324 608 2347 sive
623 2323 696 2352 apud
710 2325 845 2347 senatum.
857 2336 887 2340 -
896 2329 918 2347 5.
929 2326 971 2348 Sc.
984 2325 1095 2349 oriatur.

93 2357 165 2381 xxi.
185 2362 204 2380 t.
221 2357 253 2386 ll,
268 2363 306 2382 aa.
320 2370 348 2375 —
362 2364 384 2382 2.
401 2359 455 2382 Sub
479 2360 610 2387 Augusto.
624 2371 654 2376 —
670 2364 695 2382 5.
710 2359 815 2388 Seriphi
831 2365 920 2388 parva:
937 2361 964 2383 et
982 2365 1083 2384 saxosa:
1106 2360 1206 2388 insulae,
1218 2360 1244 2384 b.
1259 2359 1376 2390 Semne,

64 2391 110 2416 ubi
124 2391 252 2416 vicesimo
263 2393 356 2422 quinto
370 2399 440 2417 anno
452 2393 537 2417 exsilii
549 2394 576 2417 in
590 2399 695 2417 summa
711 2394 801 2424 inopia
817 2394 938 2418 moritur.
