1539 2668
524 126 560 156 A.
585 125 624 155 U.
648 124 683 155 C.
709 123 782 154 822.
806 122 843 154 A.
867 123 902 154 C.
927 122 980 153 69.
1355 123 1418 154 325

85 201 257 244 pleraque
267 201 427 242 fortuita
436 197 570 239 fraudi
589 206 663 230 suae
683 196 893 237 assignantes.
919 196 953 229 et
973 194 1124 228 Vitellius
1139 195 1276 227 credidit
1290 195 1331 228 de
1346 204 1417 237 per-

90 248 165 281 fidia
178 251 210 281 et
223 248 320 280 tidem
334 248 346 266 ³
364 245 518 279 absolvit.
534 245 660 278 Salvius
676 244 825 277 Titianus
840 243 981 277 Othonis
991 243 1091 275 frater
1106 243 1233 275 nullum
1246 242 1420 276 discrimen

88 295 180 335 adiit,
197 296 316 337 pietate
330 297 363 327 et
377 293 505 334 ignavia
519 293 704 324 excusatus.
731 292 831 324 Mario
852 291 945 324 Celso
970 290 1157 323 consulatus
1180 292 1340 323 servatur.
1360 289 1420 323 sed

88 343 248 375 creditum
262 343 348 374 fama
360 341 370 360 ⁴
392 341 621 381 objectumque
638 347 714 370 mox
732 339 766 371 in
784 340 897 371 senatu
915 338 1043 371 caecilio
1060 337 1220 379 Simplici,
1236 337 1327 380 quod
1339 346 1418 370 eum

87 389 250 422 honorem
261 391 414 431 pecunia
430 389 579 419 mercari
596 395 658 419 nec
670 388 743 418 sine
762 389 865 419 exitio
883 386 973 420 Celsi
988 386 1163 418 voluisset.
1184 385 1304 417 restitit
1316 385 1418 417 Vitel-

86 436 148 468 lius
167 436 322 477 deditque
342 436 452 477 postea
475 434 683 466 consulatum
707 433 851 474 Simplici
873 433 1043 465 innoxium
1066 435 1098 465 et
1117 432 1312 474 inemptum.
1338 436 1418 464 Tra·
1442 462 1446 465 ,

86 484 214 516 ebalum
229 484 239 502 ⁵
258 484 413 515 adversus
432 482 644 514 criminantes
658 481 781 514 Galeria
800 490 884 512 uxor
896 480 1017 513 Vitellii
1032 480 1186 522 protexit.

126 535 202 563 LXI.
228 534 313 563 Inter
329 539 518 570 magnorum
542 529 688 561 virorum
709 529 897 561 discrimina
917 528 1118 570 (pudendum
1138 528 1240 568 dictu)
1259 526 1419 560 Mariccus

84 578 215 619 quidam
237 587 253 609 e
282 578 376 618 plebe
394 577 547 609 Boiorum
576 577 720 608 inserere
742 586 810 609 sese
830 577 972 608 fortunae
995 579 1026 609 et
1049 585 1225 617 provocare
1248 584 1338 607 arma
1355 578 1419 607 Ro·

82 633 178 656 mana
204 624 407 656 simulatione
422 623 618 655 numinum¹
640 632 737 655 ausus
760 627 818 655 est.
840 624 973 664 jamque
994 626 1147 655 assertor
1167 623 1368 655 Galliarum
1384 623 1420 654 ec

81 671 166 703 deus
192 674 280 708 (nam
309 671 367 702 id2
386 672 448 703 sibi
474 671 648 710 indiderat)
683 670 820 702 concitis
841 674 914 703 octo
947 670 1088 702 millibus
1117 671 1286 702 bominum
1306 669 1420 710 proxi-

81 726 150 749 mos
164 718 334 750 AEduorum
347 728 446 759 pagos
461 718 609 749 trahebat
627 718 653 757 ³,
668 727 771 758 quum
785 718 976 758 gravissima
993 718 1106 749 civitas
1119 718 1220 749 electa
1231 718 1419 757 juventute,

82 765 215 805 adjectis
233 775 251 797 a
270 766 399 797 Vitellio
418 765 608 797 cohortibus
627 766 802 797 fanaticam
824 765 1070 797 multitudinem
1092 765 1227 804 disjecit.
1254 767 1367 805 captus
1383 764 1421 796 in

81 820 118 843 eo
139 813 252 852 proelio
270 813 427 843 Mariccus
450 821 486 843 ac
512 821 587 843 mox
608 812 684 844 seris
702 812 851 852 objectus
867 813 943 852 quia
960 821 1024 842 non
1048 812 1247 849 laniabatur,
1264 811 1419 843 stolidum

81 858 197 898 vulgus
214 860 435 891 inviolabilem
451 859 624 897 credebat,
640 859 743 889 donec
759 860 927 899 spectante
941 858 1070 889 Vitellio
1089 859 1278 890 interfectus
1291 860 1350 890 est.

122 909 213 938 LXII.
229 911 292 938 Nec
307 907 390 938 ultra
404 907 436 937 in
452 906 654 937 defectores¹
672 908 729 936 aut
747 905 833 937 bona
850 906 1044 945 cujusquam
1061 906 1225 937 saevitum.
1244 907 1313 937 rata
1328 906 1418 939 suere

79 961 191 985 eorum
209 954 263 993 qui
282 953 350 985 acie
367 953 549 985 Othoniana
566 952 752 984 ceciderant
764 954 961 984 testamenta
974 977 982 992 ‚
997 954 1053 983 aut
1068 952 1122 983 lex
1140 953 1314 984 intestatis.
1330 962 1419 993 pror-

79 1009 155 1040 sus,
180 1001 207 1032 si
227 1000 367 1032 luxuriae
391 1002 605 1041 temperaret,
629 1001 802 1032 avaritiam
827 1009 892 1031 non
920 999 1059 1030 timeres.
1083 1000 1253 1039 epularum
1278 1000 1364 1031 soeda
1385 1001 1418 1032 et

79 1047 282 1088 inexplebilis
306 1047 408 1079 libido
425 1057 432 1078 :
449 1057 489 1079 ex
515 1047 600 1080 Urbe
625 1050 724 1088 atque
748 1047 842 1079 Italia
860 1046 1064 1078 irritamenta
1082 1048 1165 1085 gulae
1185 1047 1394 1087 gestabantur
1406 1071 1417 1086 ,

78 1095 298 1133 strepentibus
316 1095 356 1125 ab
378 1097 515 1134 utroque
533 1094 636 1125 mari²
656 1094 848 1132 itineribus;
866 1093 1016 1125 exhausti
1035 1094 1262 1124 conviviorum
1281 1102 1417 1135 appara-

79 1140 166 1172 tibus
182 1141 343 1182 principes
364 1141 554 1179 civitatum
575 1141 790 1172 vastabantur
814 1141 891 1180 ipsae
911 1139 1078 1179 civitates3
1104 1140 1317 1179 degenerabat
1339 1151 1357 1172 a
1373 1141 1417 1173 la-

79 1188 155 1219 bore
169 1197 204 1219 ae
219 1188 338 1220 virtute
354 1189 445 1220 miles
456 1188 664 1220 assuetudine
674 1188 881 1227 voluptatum
894 1188 925 1218 et
940 1188 1129 1227 contemptu
1144 1187 1248 1219 ducis.
1259 1187 1418 1228 praemisit

79 1234 113 1265 in
131 1235 250 1267 Urbem
267 1236 409 1268 edictum
428 1246 492 1276 quo
510 1236 705 1267 vocabulum
722 1237 867 1275 Anqustz'
891 1234 1038 1265 differret
1050 1258 1059 1273 ‚
1088 1237 1233 1266 Cameris
1253 1244 1319 1266 non
1337 1236 1416 1267 reci-

78 1285 184 1322 peret,
209 1292 312 1323 quum
337 1283 376 1314 de
402 1282 581 1323 potestate³
607 1283 688 1313 nillil
715 1282 908 1313 detraheret.
933 1280 1016 1322 pulsi
1040 1281 1130 1312 ltalia
1156 1282 1415 1314 riiatlleiiiatici⁴.

79 1331 209 1360 cautum
223 1339 332 1361 severe
348 1339 388 1361 ne
402 1332 546 1371 Equites
560 1331 704 1362 Romani
721 1328 803 1360 ludo
815 1328 824 1346 ³
843 1331 875 1360 et
893 1338 1003 1360 arena
1015 1328 1271 1369 polluerentur.
1293 1328 1415 1368 priores

77 1374 109 1405 id
132 1376 295 1417 Principes
319 1377 456 1417 pecunia
480 1378 511 1409 et
529 1376 648 1417 saepius
670 1377 701 1407 vi
722 1376 931 1417 perpulerant
944 1388 952 1415 ;
967 1385 1005 1407 ac
1021 1376 1173 1417 pleraque
1190 1375 1366 1416 municipia
1382 1377 1416 1408 et

76 1423 211 1455 coloniae
243 1424 484 1456 animabantur
513 1424 799 1465 corruptissimum
828 1433 992 1465 quemque
1022 1422 1278 1455 adolescentium
1309 1423 1415 1464 pretio

75 1470 207 1502 illicere.

117 1521 224 1548 LXIII.
249 1518 309 1550 Sed
328 1519 479 1550 Vitellius
502 1518 645 1550 adventu
670 1518 778 1550 fratris
796 1520 829 1551 et
848 1517 1070 1559 irrepentibus
1093 1516 1326 1549 dominationis
1342 1526 1412 1549 ma-

75 1564 183 1605 gistris
202 1565 372 1605 superbior
391 1568 422 1597 et
443 1567 583 1598 atrocior
604 1566 708 1597 occidi
730 1566 929 1598 Dolabellam
949 1566 1063 1607 jussit,
1089 1573 1185 1605 quem
1200 1564 1234 1595 in
1253 1564 1413 1596 coloniam

74 1612 268 1652 Aquinatem
295 1614 475 1653 sepositum
508 1614 548 1645 ab
575 1614 703 1645 Othone
730 1614 903 1646 retulimus
927 1614 950 1645 ¹.
981 1613 1143 1644 Dolabella
1173 1612 1283 1644 audita
1308 1613 1414 1643 morte

75 1658 212 1690 Othonis
228 1659 349 1691 Urbem
368 1660 554 1692 introierat.
576 1661 607 1692 id
630 1661 659 1692 ei
680 1660 831 1693 Plancius
846 1664 950 1692 Varus
967 1656 1111 1701 praetura
1131 1659 1286 1699 functus,
1306 1668 1346 1692 ex
1363 1659 1411 1692 in·

74 1705 162 1737 timis
175 1707 348 1739 Dolabellae
365 1707 477 1738 amicis
490 1732 499 1747 ‚
516 1707 602 1747 apud
618 1707 764 1739 Flavium
780 1707 934 1739 Sabinum
951 1707 1142 1748 praesectum
1160 1707 1256 1738 Urbis
1272 1706 1411 1747 obiecit,

76 1754 247 1794 tanquam
265 1756 374 1794 rupta
388 1754 549 1786 custodia
569 1754 691 1786 ducem
704 1764 738 1787 se
753 1757 849 1786 victis
869 1754 1030 1795 partibus
1051 1756 1268 1786 ostentasset.
1284 1754 1413 1788 addidit

76 1801 249 1831 tentatam
274 1801 447 1832 cohortem
469 1809 548 1842 quae
576 1803 678 1833 Ostz'ae
700 1803 840 1841 aqeret;
864 1810 925 1833 nec
948 1801 1025 1833 ullis
1046 1803 1212 1832 tantorum
1235 1801 1411 1833 criminum

75 1847 356 1888 probationibus²‚
380 1848 413 1879 in
433 1848 658 1889 poenitentiam
680 1857 796 1880 versus
817 1856 921 1880 seram
946 1847 1075 1879 veniam
1098 1849 1171 1887 post
1192 1848 1298 1879 scelus
1320 1856 1409 1888 quae·

74 1926 154 1955 hujus
168 1925 403 1955 proditionisipsis
417 1927 532 1955 gratiam
549 1925 676 1950 referret.
686 1927 718 1949 V.
735 1925 809 1950 dicta
823 1925 888 1955 adi,
901 1931 938 1955 7¹,
950 1925 984 1949 de
998 1925 1050 1949 hac
1062 1924 1266 1951 locutione—5.
1280 1926 1322 1950 Sc.
1333 1925 1410 1956 prlo-

74 1965 133 1984 rem
147 1967 241 1985 eorum
255 1967 319 1990 erga
331 1961 481 1991 Othonem;
497 1967 544 1986 eos
556 1961 608 1986 hoc
620 1962 734 1986 crimine
749 1961 940 1986 absolvit—⁴.
956 1961 1022 1991 Quia
1040 1960 1111 1984 fama
1129 1961 1186 1990 ejus
1193 1961 1234 1984 rei
1249 1960 1404 1988 obtinebat.

75 2002 134 2020 -ε,
152 1997 191 2020 De
205 2003 259 2027 quo
274 1996 308 2020 ad
318 1997 336 2026 1,
352 2003 393 2022 eo.

103 2032 170 2057 LXI.
182 2032 223 2057 Sc.
237 2033 424 2062 annuentium,
432 2032 460 2057 id
469 2033 688 2058 volentium.2.-
694 2032 735 2057 Sc.
744 2038 855 2062 nomen,
863 2031 933 2062 quod
941 2031 1141 2056 substantivum
1152 2031 1236 2056 verbo
1245 2031 1406 2062 indiderat,

73 2067 162 2092 lnhac
174 2073 204 2092 re
217 2068 336 2098 proprio,
354 2069 420 2092 satis
434 2070 686 2093 monstratum-⁵.
698 2069 728 2093 ln
737 2068 830 2098 partes
839 2073 912 2092 suas.
929 2067 1040 2097 Gravis,
1050 2068 1134 2092 animi
1145 2067 1282 2096 constans,
1292 2073 1348 2092 non
1360 2067 1406 2092 ta-

73 2103 183 2128 natismi
194 2105 241 2127 aut
254 2103 355 2127 levium
367 2104 516 2128 affectuum
528 2103 685 2128 ludibrium.

104 2139 181 2163 LXII.
193 2144 214 2163 ι.
226 2139 404 2168 Othonianos,
419 2140 518 2170 quippe
529 2140 575 2169 qui
589 2145 604 2163 a
616 2140 700 2164 Galba
712 2139 933 2164 defecerant-2.
947 2140 1050 2170 supero
1065 2142 1093 2165 et
1109 2140 1207 2168 infero,
1222 2138 1362 2165 Adriatico
1376 2141 1406 2164 et

73 2173 226 2203 Tyrrheno.
239 2175 350 2203 Singula
364 2175 396 2198 de
410 2175 567 2205 prodigiosa
585 2175 655 2204 gulae
667 2175 816 2199 Vitellianae
827 2174 933 2199 luxuria
947 2173 1000 2205 legi
1011 2177 1126 2205 possunt
1139 2181 1182 2205 ap.
1198 2175 1311 2199 sueton.
1327 2180 1352 2197 c.
1367 2178 1404 2203 io,

75 2212 111 2237 ¹³,
129 2209 241 2233 Dionem
255 2210 330 2233 Cass.
343 2210 410 2234 va
428 2211 488 2234 init.
500 2216 559 2234 —5.
583 2211 648 2240 Quae
661 2210 772 2240 quidem
796 2209 953 2234 nominibus
971 2210 1023 2234 illis
1041 2211 1138 2235 iuerat.
1150 2223 1177 2227 -
1189 2214 1211 2234 4.
1232 2209 1283 2239 Qui
1303 2208 1404 2234 Vitellii

75 2243 166 2267 edicto
175 2263 181 2271 ,
204 2245 286 2269 intra
310 2245 450 2270 kalendas
472 2245 598 2270 octobres
623 2245 698 2270 Urbe
728 2246 876 2276 Italiaque
897 2245 1084 2274 excederent,
1108 2251 1187 2269 suum
1204 2239 1372 2276 ἀντέπηξαν
1392 2250 1401 2268 z

74 2277 113 2302 Et
123 2277 268 2304 Chaldoeos
281 2280 377 2306 dicere
387 2287 396 2303 :
410 2282 521 2305 Bonum
528 2281 656 2312 sactum,
670 2287 704 2306 ne
718 2281 858 2306 Vitellius
872 2281 1062 2306 Germanicus
1079 2282 1160 2306 intra
1172 2280 1291 2305 eundem
1305 2279 1403 2304 halen-

74 2313 182 2373 ἕαῖιυῃ
196 2314 271 2339 diem
281 2321 404 2346 usquam
416 2318 496 2342 esset.
509 2318 622 2342 sueton.
631 2322 655 2342 c.
669 2322 705 2342 u.
717 2316 830 2343 Paululo
843 2318 936 2342 tamen
949 2317 1052 2341 diutius
1066 2317 1133 2342 vixit
1143 2315 1329 2342 Vitellius—s.
1343 2314 1402 2340 Gla-

94 2353 118 2372 la
133 2354 199 2374 orio.

102 2384 193 2410 anl.
208 2390 227 2410 ι.
246 2386 265 2417 l,
279 2391 317 2412 ιε.
329 2391 390 2412 -2.
400 2387 488 2419 Quum
508 2388 700 2420 probationes,
718 2388 884 2415 documenta
905 2394 962 2415 non
979 2388 1081 2414 essent.
