1539 2668
155 196 221 227 278·
527 194 657 222 TACI'I‘I
682 193 954 222 HISTORIA-RQ
976 194 1049 223 ΜΚ.
1073 195 1097 223 Ι.

155 272 265 304 menta
279 270 432 302 vitiorum
447 269 626 300 manerent.
642 267 800 299 exactioni
818 268 946 308 triginta
970 268 1098 308 Equites
1113 269 1249 300 Romani
1266 271 1428 311 praepositi
1445 272 1472 313 ⁵,

154 326 277 350 novum
300 317 401 348 >officii
419 325 519 357 genus
542 319 575 347 et
598 315 720 347 ambitu
733 315 744 333 ⁵
772 324 809 347 ac
826 325 965 347 >numero
989 324 1172 347 onerosum.
1193 315 1312 356 ubique
1330 317 1422 350 hasta
1435 320 1483 350 et)

154 366 260 396 sector
271 365 298 403 θ’,
321 368 353 396 et
372 364 514 404 inquieta
541 363 624 395 Urbs
648 362 840 394 actionibus.
871 366 1013 394 attamen
1039 361 1159 403 grande
1185 363 1357 404 gaudium,
1384 364 1479 406 quod*

153 412 220 443 tam
248 420 405 452 pauperes
430 413 534 442 forent
555 410 681 451 quibus.
700 410 850 442 donasset
877 415 976 450 Nero,
1006 419 1103 451 quam
1132 410 1249 450 quibus
1277 410 1481 445 abstulisset.v

155 460 360 490 Exauctorati
379 468 434 499 per
449 468 503 490 eos
523 458 592 489 dies
609 457 763 492 tribunie
780 458 930 498 praetorio
948 459 1105 489 Antonius
1123 462 1248 489 Taurus
1260 459 1293 490 et
1311 459 1483 492 Antonius

152 510 238 538 Naso
251 530 260 546 ‚
279 515 317 537 ex
336 506 467 537 urbanis
484 505 670 537 cohortibus
695 505 834 536 AEmilius
857 505 1020 544 Pacensis,
1040 514 1057 536 e
1076 505 1193 545 vigiliis
1217 505 1318 537 Julius
1339 507 1469 539 Fronto.

153 561 210 585 nec
226 553 405 584 remedium
418 554 449 584 in
466 555 587 584 ceteros
606 552 666 584 fuit
679 577 687 592 ,
707 552 763 584 sed
779 555 885 584 metus
896 552 1024 584 initium
1037 577 1046 592 ‚
1063 555 1228 593 tamquam
1252 561 1307 593 per
1321 555 1423 585 artem
1439 555 1473 587 et

152 599 357 631 formidinem
375 601 489 641 singuli
507 600 715 641 pellerentur,
729 600 881 631 omnibus
895 600 1065 639 suspectis.

192 650 259 678 XXI
265 673 270 678 .
290 651 419 678 Interea<
428 648 585 679 Othonem
595 671 604 686 ,
617 647 669 679 cui
680 647 866 688 compositis
879 647 975 678 rebus
990 646 1078 677 nulla
1090 655 1174 686 spes,
1188 655 1284 679 omne
1294 649 1327 679 in
1341 648 1486 680 murnido'

150 694 319 725 consilium
334 719 342 734 ,
360 695 462 726 multa
478 695 574 726 simul
594 694 862 732 exstimulabant,
887 693 1013 725 luxuria
1033 693 1127 724 etiam
1145 693 1284 734 Principi
1309 703 1470 734 onerosa,

149 739 256 780 inopia
274 743 327 773 vix
344 743 469 782 privato
485 741 680 781 toleranda¹,
694 743 727 773 in
741 742 870 774 Galbam
885 741 931 772 ira
944 766 952 781 ,
968 741 1000 772 in
1014 740 1161 772 Pisonem
1178 740 1313 772 invidia.
1331 740 1485 782 tingebat‘

149 788 181 819 et
196 790 318 819 metum
332 813 339 827 ‚
359 799 424 830 quo
445 790 546 830 magis
563 789 814 830 concupisceret.
836 793 1063 828 «Praegravem
1081 796 1116 819 sc
1134 787 1253 819 Neroni
1271 788 1391 829 fuisse,
1410 799 1472 823 nec

151 846 167 861 «
185 836 383 867 Lusitaniam
411 846 524 868 rursus
545 840 577 868 et
597 836 729 868 alterius
751 836 854 868 exsilii
877 836 1031 867 honorem
1048 834 1304 875 exspectandum
1321 845 1330 867 :
1351 844 1470 877 suspe-

150 893 166 909 «
184 883 272 913 ctum
289 891 414 924 semper
431 884 634 923 invisumque
649 883 888 914 dominantibus
900 883 955 923 qui
971 883 1136 923 proximus
1158 883 1386 915 destinaretur.
1414 892 1470 915 no-

149 940 165 956 «
183 929 288 960 cuisse
302 929 332 960 id
346 930 404 961 sibi
422 930 504 971 apud
519 939 628 961 senem
647 930 824 970 Principem
840 941 849 969 ;
872 930 973 970 magis
998 930 1182 961 nociturum
1207 930 1292 969 apud
1314 930 1468 970 juvenem

149 987 164 1002 «
182 976 308 1016 ingenio
322 979 445 1008 trucem
461 982 492 1008 et
505 977 598 1016 longo
611 977 723 1008 exsilio
732 977 911 1008 efferatum.
928 977 1030 1008 occidi
1045 977 1205 1008 Othonem
1218 985 1322 1016 posse.
1332 979 1469 1018 proinde

149 1034 165 1049 ι(
182 1024 338 1063 agendum
353 1024 617 1064 audendumque,
632 1025 708 1055 dum
723 1024 830 1056 Galbae
852 1025 1025 1056 auctoritas
1043 1023 1127 1054 fluxa
1140 1048 1148 1062 ,
1174 1024 1301 1056 Pisonis
1322 1025 1468 1058 nondum

149 1082 166 1097 «
182 1071 364 1102 coaluisset·
383 1075 582 1112 opportunos
598 1072 722 1111 magnis
748 1071 916 1102 conatibus
940 1071 1094 1102 transitus
1107 1079 1232 1109 rerum3
1263 1079 1322 1103 nec
1334 1075 1468 1105 cuncta-

150 1129 165 1144 «
181 1117 268 1149 tione
286 1127 369 1158 opus
383 1143 391 1158 ,
411 1119 463 1149 ubi
479 1118 689 1159 perniciosior
704 1118 748 1149 sit
761 1119 850 1158 quies
862 1141 870 1157 ,
892 1127 987 1158 qnam
1005 1118 1181 1148 temeritas.
1208 1120 1347 1149 mortem
1366 1120 1469 1151 omni-

148 1177 164 1192 «
181 1164 242 1196 hus
257 1174 293 1196 ex
312 1169 426 1197 natura
440 1166 596 1205 aequalem
607 1190 615 1204 ,
632 1165 794 1196 oblivione
807 1164 891 1205 apud
909 1167 1052 1205 posteros
1064 1164 1115 1195 vel
1133 1165 1231 1203 gloria
1249 1164 1415 1205 distingui.
1431 1174 1468 1197 ac
1483 1177 1486 1181 ’

148 1225 164 1240 «
182 1212 208 1243 si
220 1216 391 1243 ‚nocentem
407 1213 677 1253 innocentemque
698 1212 783 1244 idem
801 1213 908 1244 exitus
925 1214 1072 1252 maneat,
1090 1211 1220 1243 acrioris
1236 1211 1297 1243 viri
1316 1220 1390 1245 esse
1404 1221 1468 1245 me·

149 1270 164 1286 ι(
180 1258 244 1290 ι’ἰῒο
262 1259 374 1299 perire.
390 1272 406 1287 n

186 1310 280 1337 XXII.
306 1311 376 1338 Non
405 1307 474 1338 erat
503 1306 638 1337 Othonis
656 1305 765 1337 mollis
793 1308 824 1337 et
848 1305 975 1346 corpori
997 1305 1114 1336 similis
1138 1304 1276 1336 animus.
1309 1307 1342 1337 et
1361 1305 1483 1338 intimi

145 1353 334 1385 libertorum
349 1362 598 1394 servorumque,
615 1353 796 1393 corruptius
810 1362 905 1393 quam
922 1353 955 1383 in
975 1352 1099 1393 privata
1112 1353 1209 1384 domo
1227 1352 1326 1384 habiti
1336 1377 1346 1393 ,
1362 1353 1480 1385 aulam·

146 1400 282 1434 Neronis
301 1404 332 1431 et
349 1402 458 1440 luxus,
481 1401 657 1440 adulteria,
678 1400 884 1431 matrimonia
902 1400 908 1417 ¹
928 1401 1115 1439 ceterasque
1132 1408 1302 1439 regnorum
1318 1399 1469 1432 libidines

144 1448 238 1480 avido
255 1447 367 1478 talium
378 1472 386 1487 ‚
403 1449 428 1478 si
451 1448 600 1487 auderet,
625 1450 660 1479 ut
673 1456 731 1479 sua
745 1449 944 1478 ostentantes
957 1471 965 1486 ,
986 1446 1162 1486 quiescenti
1177 1448 1213 1477 ut
1230 1447 1333 1478 aliena
1354 1455 1467 1486 expro-

145 1494 303 1533 brabant,
322 1495 509 1535 urgentibus
528 1496 623 1526 etiam
641 1493 916 1533 matliematicis²‚
932 1493 1009 1524 dum
1025 1502 1125 1525 novos
1147 1496 1261 1525 motus
1273 1495 1308 1525 et
1331 1493 1483 1526 clarum*

148 1541 271 1573 Otlzom'
289 1551 419 1573 amium
433 1543 670 1573 observatione
682 1541 833 1572 siderum
847 1540 1009 1571 affirmant
1021 1565 1030 1579 ‚
1054 1549 1154 1579 genus
1172 1540 1339 1572 bominum
1357 1541 1470 1580 poten-

144 1587 231 1620 tibus
253 1588 403 1628 infidum,
432 1588 635 1629 sperantibus
663 1588 778 1627 fallax,
797 1587 881 1628 quod
910 1588 944 1618 in
969 1587 1099 1618 civitate
1124 1591 1232 1618 nostra
1257 1589 1290 1618 et
1306 1586 1469 1619 vetabitur

143 1642 269 1675 semper
289 1638 321 1667 et
337 1635 560 1667 retinebitur³.
580 1635 701 1666 multos
713 1638 837 1665 secreta
853 1636 1000 1674 Poppaeae
1013 1634 1271 1672 mathematicos,
1292 1633 1467 1673 pessimum
1482 1646 1484 1650 ³

145 1681 328 1721 principalis
350 1682 546 1713 matrimonii
567 1682 818 1712 instrumentum
834 1680 861 1720 ⁴,
880 1680 1059 1711 habuerant
1078 1690 1085 1710 ε
1105 1689 1122 1711 e
1140 1681 1258 1720 quibus
1277 1680 1468 1712 Ptolemaeus

146 1728 267 1759 Othoni
293 1729 326 1760 in
352 1729 505 1770 Hispania
527 1737 653 1767 comes,
679 1737 780 1768 quum
807 1727 1077 1768 superfuturum
1102 1736 1180 1758 eum
1197 1728 1327 1759 Neroni
1349 1727 1468 1768 promi·

146 1774 263 1815 sisset,
298 1779 471 1816 postquam
500 1785 538 1806 ex
557 1776 673 1806 eventu
707 1774 807 1813 tides,
833 1774 1018 1813 conjectura
1039 1775 1106 1814 jam
1132 1777 1163 1805 et
1187 1782 1323 1805 rumore
1338 1775 1483 1805 senium·

146 1822 255 1854 Galboe
273 1823 482 1862 etjuventam
501 1822 637 1854 Othonis
653 1822 910 1861 computantium
929 1821 1221 1861 persuaseratfore¹
1241 1823 1283 1853 ut
1309 1822 1468 1861 z'wt'mpe-

146 1871 239 1902 riu-m
256 1872 488 1902 ascisceret-zer.
505 1870 560 1900 sed
575 1869 659 1900 Otlio
670 1871 835 1908 tamquam
850 1868 964 1909 peritia
978 1870 1010 1899 et
1026 1870 1148 1899 monitu
1161 1868 1300 1899 saiorum
1311 1867 1468 1909 praedicta
1481 1879 1484 1891 τ

146 1916 344 1958 accipiebat,
368 1916 518 1956 cupidine
531 1916 646 1956 ingenii
664 1915 796 1946 humani
811 1915 963 1947 libentius
979 1915 1116 1946 obscura
1132 1914 1292 1947 credendi.

189 1967 299 1996 XXIII.
324 1968 391 1995 Nec
407 1963 515 1995 deerat
532 1963 724 1994 Ptolemaeus
737 1986 746 2002 ,
760 1962 826 2002 Jam
842 1965 876 1994 et
893 1962 1020 1994 sceleris
1046 1962 1225 2002 instinctor,
1248 1962 1287 1994 ad
1311 1961 1399 2003 quod
1418 1961 1466 1992 fa·
1480 1979 1483 1982 -

148 2011 265 2042 cillime
279 2010 320 2042 ab
338 2011 495 2050 ejusmodi
511 2014 588 2042 voto
607 2010 773 2041 transitur.
801 2009 857 2041 sed
876 2010 1006 2041 sceleris
1020 2010 1170 2049 cogitatio
1186 2010 1345 2041 incertum
1358 2017 1402 2041 an
1417 2017 1483 2040 rem

148 2066 227 2098 pens
243 2067 251 2088 :
270 2058 377 2090 studia
404 2058 542 2089 militum
558 2059 624 2097 Jam
641 2057 765 2098 pridem
783 2065 840 2097 spe
857 2057 1074 2089 successionis
1098 2058 1155 2088 aut
1176 2058 1291 2097 paratu
1315 2054 1481 2088 facinoris=

148 2104 376 2146 affectaverat,
394 2106 427 2138 in
438 2106 551 2138 itinere
566 2105 591 2146 ¹,
608 2105 641 2136 in
655 2105 799 2146 agmine,
822 2105 855 2137 in
875 2105 1066 2137 stationibus
1079 2103 1334 2136 vetustissimum
1353 2110 1466 2144 quem-

148 2211 170 2230 ⁴.
189 2206 310 2231 Auctore
323 2207 454 2231 suetonio
467 2213 491 2231 c.
510 2212 537 2231 is
550 2206 772 2237 quinquaqinta.
785 2205 889 2230 Sensim
914 2206 1011 2230 auctus
1029 2210 1090 2230 esse
1110 2205 1219 2229 videtur
1234 2209 1374 2229 numerus.¹
1386 2204 1465 2229 conc.

145 2241 285 2267 Plutarch.
301 2248 327 2267 c.
341 2248 376 2267 ιε.
385 2255 414 2260 -
426 2248 452 2267 5.
464 2244 507 2267 Sc.
520 2243 650 2271 muneris,
662 2243 798 2272 potestate
813 2241 867 2266 late
880 2242 1000 2271 patente.
1014 2250 1042 2257 —
1053 2246 1078 2265 e.
1092 2241 1151 2265 vid.
1167 2240 1202 2265 ad
1216 2242 1291 2265 Arm.
1306 2240 1351 2270 nr,
1360 2245 1388 2264 3¹
1399 2239 1446 2264 tin.
1458 2246 1465 2264 z

145 2276 217 2306 XIII,
234 2282 274 2301 2³.

176 2312 247 2336 XXI.
264 2318 283 2337 ι.
296 2313 334 2337 De
348 2313 466 2337 maximo
478 2318 531 2337 aere
542 2313 631 2337 alleno
645 2313 703 2342 ejus
716 2314 812 2337 narrat
821 2313 931 2336 sueton.
942 2317 967 2336 c.
985 2317 1010 2335 ις.

176 2348 262 2372 XXII.
286 2353 305 2372 ι.
328 2349 476 2377 progressu
493 2349 622 2378 temporiS
634 2348 757 2377 Caligula
780 2350 919 2378 quattuor,
935 2347 1061 2371 Claudius
1084 2352 1129 2370 sex
1156 2352 1256 2371 uxores
1269 2346 1393 2371 duxerat.
1402 2350 1465 2369 -νε,

147 2383 308 2412 astrologis.
320 2396 348 2400 —
359 2388 379 2406 ³.
399 2383 475 2407 conf.
493 2386 570 2407 Arm.
584 2384 613 2412 ll,
625 2389 668 2413 5²,
684 2383 740 2413 XII,
755 2388 846 2408 ,sa—⁴.
870 2381 1027 2407 De'testcwle
1039 2381 1250 2407 ameublement
1266 2382 1336 2407 d'un
1350 2380 1480 2411 marey&

147 2417 291 2446 imperial,
303 2417 434 2442 Bur-nont.

174 2453 292 2478 xxxnl.
305 2454 372 2478 ¹.Ex
386 2453 513 2483 Hispania
527 2454 554 2477 in
564 2453 703 2478 Urbcini—
713 2459 734 2478 Ξ.
753 2454 890 2478 Neronem
902 2453 966 2477 olim
980 2453 1152 2477 comitantes,
