1539 2668
126 177 189 210 482
582 180 614 210 C.
639 181 825 211 CORNELII
845 183 978 213 TACITI

124 253 278 294 quiddam
303 255 335 283 et
358 252 518 284 uniforme
541 252 725 285 doceamur.
751 253 893 294 primum
917 257 1004 288 enim
1024 257 1117 289 aliter
1137 258 1261 290 utimur
1278 259 1415 300 propriis
1429 283 1439 298 ,

124 300 215 332 aliter
229 299 460 338 commodatis3
478 300 633 340 longeque
646 301 801 332 interesse
818 303 1020 335 manifestum
1034 307 1093 345 est,
1110 305 1268 346 possideat
1283 306 1356 346 quis
1368 315 1440 345 quae

124 347 264 388 profert,
279 355 319 377 an
335 347 513 377 mutuetur.
531 346 646 378 deinde
669 348 738 387 ipsa
762 343 937 380 multarum
953 351 1071 382 artium
1088 353 1222 384 scientia
1238 353 1336 384 etiam
1352 351 1440 383 aliud

122 396 253 434 agentes
267 401 324 423 nos
338 394 440 432 ornat,
457 394 555 431 atque
570 394 625 424 ubi
640 394 774 425 minime
789 396 919 435 credas,
934 398 1054 429 eminet
1067 400 1099 429 et
1113 399 1250 430 excellit.
1266 398 1362 439 idque
1374 407 1439 429 non

122 443 238 473 doctus
257 439 354 470 modo
370 441 401 470 et
417 440 557 479 prudens
579 441 708 472 auditor
722 466 730 480 ,
747 442 803 472 sed
821 443 923 474 etiarn
949 445 1088 484 populus
1111 445 1262 486 intelligit
1278 454 1315 477 ac
1331 445 1439 476 statim

121 490 166 520 ita
181 487 275 519 laude
292 487 505 527 prosequitur,
519 489 556 518 ut
570 488 708 527 legitime
723 489 887 521 studuisse
899 514 908 528 ‚
924 494 961 522 ut
978 500 1034 531 per
1046 501 1158 523 omnes
1175 493 1368 533 eloquentiae
1381 501 1438 522 nu-

122 544 228 567 meros
254 533 350 571 isse²‚
368 535 406 563 ut
421 533 562 574 denique
583 536 742 566 oratorem
765 545 834 567 esse
854 537 1013 577 fateatur-3
1036 548 1131 579 quem
1151 549 1217 570 non
1237 548 1331 580 posse
1349 538 1441 569 aliter

121 583 274 615 exsistere
299 588 404 620 neque
424 581 586 613 exstitisse
602 590 756 622 umquam
779 583 947 624 confirmo,
972 584 1033 616 nisi
1057 595 1131 617 eum
1147 587 1201 626 qui
1216 590 1383 626 tamquam
1406 585 1439 615 in

122 631 222 662 aciem
239 628 390 659 omnihus
409 628 506 659 armis
524 629 720 669 instructus,
741 631 787 661 sic
808 630 842 662 in
860 632 964 663 forum
987 632 1138 664 omnibus
1157 634 1280 665 artibus
1299 634 1440 664 armatus

121 676 247 710 exierit.
271 674 357 714 quod
372 674 451 705 adeo
474 675 644 714 negligitur
665 676 706 707 ab
728 676 843 708 horum
860 680 1043 719 temporum
1066 680 1212 718 disertis,
1232 683 1269 711 nt
1288 680 1321 710 in
1341 678 1438 710 actio-

121 724 216 756 nibus
238 730 349 753 eornm
373 721 519 761 ubique3
547 722 727 761 quotidiani
753 725 912 756 sermonis
936 726 1021 757 foeda
1042 736 1079 757 ae
1103 726 1252 767 pudenda
1280 726 1360 757 vitia
1383 725 1440 756 de-

121 769 382 812 prehendantur;
406 770 442 799 ut
461 768 609 808 ignorent
624 770 706 809 leges
718 794 727 809 ,
745 779 811 801 non
827 773 959 804 teneant
976 774 1256 805 senatusconsulta
1268 797 1277 812 ,
1292 772 1344 811 jiis
1360 772 1438 802 civi-

120 818 198 849 tatis
219 816 303 847 ultro
319 815 505 854 derideant,
531 817 698 856 sapientiae
722 826 801 848 vero
824 818 969 850 studium
994 822 1026 852 et
1050 822 1210 861 praecepta
1233 819 1440 860 prudentium

120 864 248 905 penitus
263 861 492 901 reformident,
514 863 547 893 in
563 864 776 904 paucissimos
790 873 902 897 sensns
926 868 958 898 et
977 868 1128 906 angustas
1141 867 1316 898 sententias
1329 865 1440 896 detru-
1467 871 1471 877 “

120 911 199 943 dant
215 909 430 949 eloquentiam
444 906 532 940 vestit
548 911 716 950 expulsam
732 920 828 951 regno
841 914 966 953 su0‚⁷ut
979 922 1052 954 quae
1068 914 1145 945 olim
1160 914 1306 944 omnium
1321 911 1439 943 artium

120 958 252 990 domina
269 956 483 996 pulcherrimo
501 956 657 988 comitatu
673 960 802 997 pectora
818 958 995 999 implebat,
1013 969 1100 991 nunc
1115 959 1306 991 circumcisa
1322 961 1354 990 et
1375 966 1442 989 am·

120 1006 246 1045 putata,
263 1003 332 1034 sine
349 1004 518 1042 apparatu,
536 1004 604 1034 sine
621 1004 742 1035 honore
755 1029 763 1044 ,
780 1014 871 1045 paene
884 1006 1023 1038 dixerim
1039 1008 1107 1039 sine
1124 1006 1332 1046 ingenuitate,
1348 1004 1439 1044 quasi

121 1060 186 1083 una
200 1060 238 1082 ex
258 1049 489 1081 sordidissimis
504 1051 649 1081 artificiis
671 1052 825 1083 discatur,
849 1057 928 1092 Ergo
944 1053 1027 1085 lianc
1042 1054 1178 1093 primam
1196 1053 1228 1083 et
1243 1051 1438 1092 praecipuam

120 1106 251 1129 causam
267 1096 416 1135 arbitror,
429 1106 486 1127 cur
501 1096 535 1127 in
548 1099 675 1128 tantum
689 1098 730 1128 ab
743 1099 927 1138 eloquentia
940 1101 1148 1140 antiquorum
1163 1101 1327 1130 oratorum
1341 1105 1442 1128 reces-

119 1145 268 1177 serimus.
282 1143 309 1173 si
320 1144 419 1173 testes
430 1143 666 1184 desiderantur,
679 1154 762 1185 quos
775 1146 918 1186 potiores
928 1147 1102 1178 nominabo
1113 1156 1208 1187 quam
1221 1145 1307 1186 apud
1314 1149 1442 1177 Graecos

120 1191 369 1224 Demosthenem
382 1214 390 1229 ,
409 1199 507 1229 quem
520 1191 790 1223 studiosissimum
808 1193 950 1225 Platonis
965 1194 1146 1225 auditorem
1165 1194 1261 1224 fuisse
1274 1191 1440 1223 memoriae

120 1238 287 1280 proditum
305 1237 387 1268 est⁴.
412 1240 444 1268 et
462 1238 573 1268 Cicero
589 1238 654 1278 his,
673 1241 709 1270 ut
726 1240 852 1280 opinor,
871 1241 978 1272 verbis
994 1241 1093 1272 refert
1105 1241 1130 1281 ⁵,
1148 1239 1312 1282 quicquid
1327 1241 1361 1270 in
1377 1239 1441 1269 elo-

120 1287 261 1327 quentia
284 1282 461 1323 effecerit,
486 1284 522 1315 id
536 1293 571 1315 sc
594 1294 658 1316 non
684 1286 884 1328 rhetorum,
908 1288 967 1320 scd
982 1288 1171 1320 Academioe
1188 1289 1312 1327 spatiis
1327 1294 1437 1317 conse·

120 1335 252 1364 cutum.
270 1334 350 1363 Sunt
362 1331 434 1362 aliae
449 1340 555 1362 causac
568 1357 577 1371 ,
592 1341 714 1372 magnae
737 1337 768 1365 et
787 1343 900 1373 graves
912 1359 920 1373 ‚
943 1345 1023 1375 quas
1038 1345 1056 1367 a
1072 1336 1162 1367 vobis
1178 1334 1291 1375 aperiri
1308 1341 1438 1372 aequum

119 1381 191 1417 est,
212 1379 367 1419 quoniam
384 1378 517 1418 quidem
534 1388 591 1419 ego
605 1380 671 1419 jam
688 1390 796 1411 meum
819 1390 939 1414 munus
966 1383 1117 1423 explevi,
1141 1384 1174 1414 et
1197 1381 1283 1422 quod
1307 1379 1387 1411 mihi
1405 1379 1439 1410 in

120 1425 354 1458 cousuetudine
378 1427 443 1464 est,
469 1426 545 1457 satis
567 1428 686 1458 multos
715 1428 856 1467 offendi;
881 1438 981 1469 quos,
1007 1430 1033 1461 si
1059 1430 1141 1461 forte
1165 1430 1235 1460 haec
1256 1426 1437 1467 audierint,

120 1476 243 1506 certum
262 1472 363 1504 habeo
381 1472 526 1504 dicturos
542 1482 606 1512 me,
621 1474 698 1505 dum
712 1475 795 1514 juris
812 1479 843 1507 et
860 1477 1072 1516 philosophiae
1088 1477 1258 1509 scientiam
1271 1477 1438 1514 tamquam

119 1520 239 1552 oratori
257 1519 470 1550 necessariam
485 1520 599 1559 laudo,
615 1521 743 1561 ineptiis
757 1522 836 1553 meis
850 1523 861 1541 ⁶
879 1524 1045 1563 plausisse.
1064 1537 1079 1551 »

162 1569 297 1599 XXXIII.
319 1568 356 1596 Et
378 1568 561 1605 Maternus,
581 1580 595 1594 «
612 1568 687 1598 Mihi
707 1569 857 1609 quidem,
877 1570 1007 1612 inquit,
1027 1571 1213 1610 susceptum
1229 1577 1247 1599 a
1268 1572 1300 1600 te
1318 1576 1438 1599 munus

119 1615 199 1646 adeo
216 1613 374 1654 peregisse
390 1614 535 1645 nondum
556 1614 693 1653 videris,
712 1618 746 1645 ut
762 1616 930 1647 inchoasse
944 1618 1072 1648 tantum
1093 1619 1126 1648 et
1142 1616 1234 1648 velut
1251 1615 1385 1654 vestigia
1401 1622 1437 1644 ac

118 1662 312 1693 lineamenta
328 1660 476 1699 quaedam
494 1661 677 1691 ostendisse
697 1662 847 1694 videaris.
865 1672 940 1694 nam
957 1664 1075 1703 quihus
1092 1664 1208 1695 instrui
1224 1665 1348 1693 veteres
1364 1669 1436 1691 ora-

119 1711 205 1742 tores
221 1706 307 1738 soliti
324 1707 389 1737 sint
404 1706 514 1737 dixisti
528 1732 535 1746 ,
555 1708 837 1748 differentiamque
853 1712 973 1741 nostrae
992 1711 1122 1741 desidiae
1138 1711 1170 1741 et
1187 1708 1366 1740 inscientiae
1382 1707 1437 1738 ad—

118 1763 230 1786 versus
255 1752 411 1784 acerrima
434 1755 467 1784 et
495 1754 736 1786 frecundissima
764 1764 876 1786 eorum
904 1756 1013 1787 studia
1039 1756 1266 1789 demonstrasti
1296 1765 1303 1785 :
1333 1756 1438 1785 cetera

118 1802 291 1841 exspecto,
311 1802 366 1838 ut,
384 1800 658 1839 quemadmodum
678 1811 716 1832 ex
734 1803 765 1832 te
784 1802 881 1834 didici
903 1803 981 1842 quid
1002 1807 1058 1835 aut
1080 1804 1126 1835 illi
1149 1803 1281 1835 scierint
1304 1804 1361 1832 aut
1379 1809 1438 1832 nos

117 1848 318 1886 nesciamus,
338 1847 383 1877 ita
399 1847 460 1877 hoc
476 1857 606 1887 quoque
621 1857 833 1887 cognoscam,
856 1849 975 1889 quibus
997 1850 1284 1882 exercitationibus
1303 1848 1438 1888 juvenes

114 1897 180 1935 jam
202 1894 307 1925 forum
330 1893 502 1933 ingressuri
525 1895 715 1926 confirmare
736 1899 768 1928 et
791 1897 874 1928 alere
896 1897 1023 1937 ingenia
1049 1907 1108 1930 sua
1129 1897 1213 1929 soliti
1237 1897 1312 1928 sint.
1332 1904 1436 1934 neque

116 1942 201 1972 enim
216 1944 283 1972 arte
297 1943 329 1972 et
341 1942 493 1981 scientia,
511 1942 566 1973 sed
583 1943 676 1983 longe
691 1943 790 1983 magis
804 1944 956 1976 facultate
976 1948 1008 1977 et
1027 1955 1087 1977 usu
1103 1946 1109 1963 ¹
1126 1945 1342 1985 eloquentiam
1357 1951 1434 1974 con-

115 1988 210 2019 tineri
229 1997 287 2019 nec
302 1991 337 2019 tu
347 2012 356 2028 ,
373 1990 452 2028 puto
465 2012 474 2028 ,
489 1989 609 2020 abnues
620 2013 629 2029 ,
646 1991 679 2021 et
695 1990 727 2020 hi
745 1991 924 2030 significare
939 1992 1033 2023 vultu
1048 1992 1213 2024 videntur.
1229 2004 1244 2019 ν
1259 2009 1299 2017 -
1313 1989 1436 2021 Deinde

115 2043 215 2074 quum
233 2039 316 2075 Aper
331 2044 461 2075 quoque
483 2038 516 2067 et
533 2036 697 2068 secundus
714 2037 799 2068 idem
817 2038 1026 2078 annuissent,
1052 2040 1186 2071 Messala
1206 2040 1298 2079 quasi
1323 2044 1434 2068 rursus

114 2081 269 2122 incipiens
283 2107 291 2121 ,
317 2095 332 2109 «
352 2082 514 2122 Quoniam
535 2083 626 2115 initia
650 2087 683 2116 et
705 2085 828 2116 semina
850 2086 968 2118 veteris
989 2087 1184 2127 eloquentiae
1205 2086 1283 2117 satis
1301 2085 1434 2115 demon-

112 2130 231 2161 strasse
247 2130 369 2169 videor‚
384 2129 528 2162 docendo
542 2131 660 2171 quihus
674 2132 795 2164 artibus
809 2132 936 2173 antiqui
950 2136 1094 2166 oratores
1107 2132 1233 2165 institui
1247 2131 1432 2170 erudirique

111 2274 164 2293 —2.
178 2270 276 2294 omnes
287 2271 343 2300 ejus
354 2273 446 2300 partes
459 2272 616 2302 explevisse.
627 2286 657 2291 -
666 2278 691 2297 5.
705 2274 749 2298 Sic
761 2273 885 2299 Orellius.
900 2275 1074 2304 manuscripti
1091 2275 1136 2300 vis
1148 2280 1270 2304 quoque,
1288 2274 1361 2304 quod
1383 2276 1430 2299 ex-

112 2304 214 2334 plicant
227 2305 394 2335 l’influence.
409 2308 460 2331 Sed
473 2308 530 2331 tum
544 2310 612 2338 part.
626 2315 735 2338 quoque
749 2309 839 2334 locum
853 2316 907 2334 non
923 2314 1000 2333 suum
1015 2308 1204 2337 occupat—4.
1221 2310 1252 2334 Ut
1265 2316 1280 2333 a
1294 2310 1428 2334 Cicerone

112 2339 195 2363 Brut.
210 2346 232 2363 c.
253 2346 288 2368 ω,
307 2341 389 2365 Orat.
408 2348 431 2365 c.
446 2347 467 2369 ι,
487 2342 500 2372 ξ
520 2349 554 2369 ¹5,
571 2344 712 2368 Plutarcho
729 2350 751 2368 e.
766 2351 789 2369 ε.
806 2351 866 2370 ma.
881 2346 909 2370 ln
926 2346 1048 2370 Oratore
1060 2350 1082 2369 e.
1109 2350 1129 2373 5,
1146 2345 1159 2375 ς
1183 2350 1218 2369 ¹2.
1229 2357 1256 2362 —
1267 2350 1288 2369 a.
1312 2345 1424 2370 Frivolis

110 2374 206 2398 studiis
220 2376 246 2398 et
259 2377 336 2405 nugis
347 2382 412 2406 quas
430 2383 499 2401 amo.
516 2378 628 2403 Ironice.

142 2409 266 2435 XXXlll.
281 2416 301 2436 ι.
319 2412 483 2436 vocabulum
498 2418 513 2436 a
529 2414 680 2443 Tyrwhitto
694 2416 837 2445 adjectum
