1539 2668
522 114 558 143 A.
582 115 621 144 U.
644 115 679 144 c.
705 115 777 145 767.
802 118 838 144 A.
863 116 898 145 c.
925 116 974 145 14.
1373 121 1410 151 17

88 187 278 218 missionem
296 186 307 204 ²
324 187 405 219 dari
420 189 539 220 vicena
554 188 727 229 stipendia
740 191 894 229 meritis;
916 192 1141 223 exauctorari
1163 194 1222 233 qui
1236 194 1412 228 senadena

83 232 266 272 fecissent,
286 243 327 266 ac
348 236 491 266 retineri
513 235 575 266 sub
592 236 722 267 vexillo
735 261 744 275 ‚
762 237 977 268 ceterorum³
1004 240 1171 270 immunes
1188 243 1250 272 nisi
1269 245 1411 284 propul-

87 279 191 312 sanda·
204 280 329 321 hostis;
347 282 482 322 Ιεᾳαία,
500 291 578 323 quoe
589 284 809 323 petiverant,
826 284 955 316 exsolvi
968 284 1221 327 duplicemque.

128 331 276 360 XXXVII.
302 330 408 360 Sensit
423 329 515 361 miles
532 329 566 360 in
582 332 710 370 tempus
733 330 891 370 conficta,
916 332 1090 372 statimque
1114 332 1280 373 flagitavit.
1299 338 1411 371 missio

89 384 144 415 per
162 374 306 406 tribunos
332 379 531 416 maturatum
556 377 680 417 largitio
703 377 914 410 disserebatur
938 378 972 409 in
995 379 1129 411 hiberna
1157 385 1325 422 cujusque.
1346 394 1411 417 non

90 421 268 453 abscessere
282 423 427 462 quintani
444 424 802 465 unaetvicesimanique‚
819 425 921 457 donec
934 425 1047 458 iisdem
1064 426 1095 457 in
1110 427 1234 459 aestivis
1248 433 1412 464 contracta

87 475 127 496 ex
145 467 259 500 viatico
283 470 461 502 amicorum
485 471 650 512 ipsiusque
679 472 814 504 Caesaris
843 473 978 513 pecunia
1003 473 1252 514 persolveretur.
1270 477 1410 511 Primam

87 523 123 544 ac
139 515 325 548 vicesimam
337 518 476 558 legiones
491 519 621 551 Caecina
637 518 760 559 legatus
778 519 811 550 in
822 519 987 552 civitatem
1003 521 1160 553 Ubiorum
1178 523 1306 554 reduxit
1324 526 1411 566 turpi

85 561 226 601 agmine,
244 573 344 604 quum
361 566 427 596 fisci
447 565 486 596 ‹le
502 566 695 606 imperatore
711 566 794 606 rapti
814 566 896 598 inter
911 568 1002 607 signa
1018 567 1164 609 interque
1179 570 1302 610 aquilas
1319 573 1412 605 vehe-

85 611 195 640 rentur
214 610 234 641 ¹.
258 613 464 644 Germanicus
488 614 687 654 superiorem
712 613 751 644 ad
778 613 956 645 exercitum
985 615 1149 655 profectus
1176 618 1354 650 secundam
1379 622 1412 652 et

83 655 383 691 tertiamdecumam
400 663 432 692 et
448 660 744 692 sextamdeeumam
762 661 902 701 legiones
919 662 998 693 ninii
1024 665 1191 695 cunctatas
1207 671 1411 699 sacramento

83 701 193 742 adigit.
209 707 495 744 quartadecumani
511 707 654 748 paullum
667 707 915 748 dubitaverant3
934 709 1070 749 pecunia
1084 712 1115 741 et
1131 711 1244 743 missio
1261 715 1411 753 quamvis

83 755 147 779 non
163 750 384 792 flagitantibus
403 754 511 786 oblata
528 757 587 799 est.

124 799 290 832 XXXVIII.
316 803 356 833 At
390 802 422 832 in
449 802 587 834 CliauciS
613 804 796 843 coeptavere
823 802 1014 834 seditionem
1038 804 1226 844 praesidium
1254 807 1411 847 agitantes

82 843 238 878 vexillarii
255 848 452 880 discordium
469 850 653 890 legionum,
681 851 712 881 et
736 850 887 889 praesenti
914 850 1054 881 duorum
1080 852 1219 883 militum
1251 855 1410 895 supplicio

83 891 224 929 paullum
243 897 378 936 repressi
401 900 487 928 sunt.
503 899 644 938 jusserat
664 897 694 928 id
723 897 870 928 Mennius
893 898 1074 929 castrorum
1107 899 1300 939 praefecum,
1325 902 1410 935 hono

80 940 182 980 magis
200 944 347 984 exemplo
362 954 459 984 quain
474 946 709 985 eoncessojnre
724 945 746 975 ¹.
765 944 882 976 deinde
899 944 1135 976 intumescente
1150 949 1239 978 motu
1256 950 1410 990 profugus

79 989 299 1029 repertusque,
318 994 491 1032 postquam
511 993 623 1024 intuta¹
640 991 782 1030 latebrae,
798 991 987 1032 praesidium
1002 992 1042 1023 ab
1059 993 1192 1025 audacia
1211 999 1379 1028 mutuatur
1397 1008 1404 1028 :

79 1039 147 1065 non
157 1037 365 1076 prcefeclum
381 1040 423 1072 ab
441 1042 500 1080 iis,
515 1040 575 1071 sed
593 1041 836 1071 Germanicum
850 1038 984 1079 ducem,
999 1039 1060 1071 sed
1079 1040 1249 1073 Tiberium
1265 1045 1411 1083 impera-

79 1080 187 1114 torem
204 1086 329 1118 violare·
346 1099 355 1118 :
374 1088 471 1119 sinml
490 1087 651 1119 exterritis
671 1087 727 1127 qui
746 1086 957 1126 obstiterant,
982 1090 1109 1127 raptum
1133 1089 1288 1121 vexillum
1310 1091 1350 1122 ad
1370 1092 1409 1123 ri-

79 1135 151 1166 pam
167 1128 178 1146 ²
196 1134 310 1172 vertit,
327 1137 378 1172 et,
395 1137 421 1166 si
440 1137 515 1175 quis
533 1136 669 1175 aqmine
687 1134 905 1174 decessisset,
921 1143 987 1174 pro
1011 1135 1184 1167 desertore
1193 1136 1276 1176 fore
1299 1138 1408 1170 clami-

77 1175 208 1216 mitans,
224 1179 352 1212 reduxit
370 1182 401 1212 in
417 1182 550 1212 hiberna
567 1180 712 1212 turbidos
728 1185 761 1212 et
778 1181 857 1212 ninii
872 1190 981 1212 ausos.

118 1227 250 1257 XXXIX.
277 1230 400 1259 Interea
427 1228 519 1268 legati
545 1228 584 1258 ab
612 1229 725 1259 senatu
746 1237 927 1267 regressum
948 1229 1014 1268 jam
1032 1229 1117 1269 apud
1142 1240 1228 1261 aram
1247 1232 1404 1266 Ubiorum

77 1273 302 1304 Germanicum
318 1275 448 1306 adeunt.
467 1274 540 1306 duae
554 1275 596 1305 ibi
613 1275 762 1314 legfflnes,
780 1275 882 1315 prima
900 1278 995 1315 atque
1011 1277 1184 1315 vicesima,
1203 1281 1408 1321 veteranique

77 1327 178 1358 nuper
191 1320 281 1352 missi
302 1321 363 1352 sub
380 1322 495 1352 vexillo
515 1321 710 1352 hiemabant.
733 1321 867 1361 pavidos
881 1325 911 1352 et
926 1322 1123 1353 conscientia
1143 1325 1294 1357 wem-des
1312 1328 1408 1358 intrat

74 1367 200 1406 metus,
219 1369 346 1399 venisse
365 1372 494 1400 Patrum
516 1370 608 1408 Jussu
627 1369 680 1408 qui
700 1368 790 1399 irrita
817 1368 957 1399 facerent
983 1377 1056 1408 quw
1078 1379 1132 1408 per
1150 1370 1340 1403 seditionem
1355 1384 1407 1405 ex·

74 1416 256 1449 presserant
292 1418 390 1455 utque
416 1425 487 1446 mos
508 1415 604 1455 vulgo
629 1415 778 1455 quamvis
805 1415 894 1446 salsis
920 1424 1009 1446 reum
1037 1416 1193 1454 subdere,
1223 1421 1403 1453 Munatium

73 1456 226 1491 Plancum
244 1462 412 1494 consulatu
432 1463 438 1479 ¹
466 1463 633 1501 sunctum,
654 1462 831 1503 principem
859 1462 1045 1502 legationis,
1070 1466 1233 1496 auctorem
1261 1470 1406 1501 senatus-

72 1507 209 1539 consulti
226 1508 396 1541 incusant:
413 1512 445 1542 et
459 1513 552 1541 nocte
568 1509 726 1541 concubia
740 1510 898 1541 vexillum
919 1509 951 1540 in
966 1509 1064 1541 domo
1084 1513 1262 1543 Germanici
1278 1515 1375 1546 situm
1392 1516 1403 1534 ²

72 1551 215 1593 flagitare
231 1557 413 1597 occipiunt,
433 1566 656 1597 concursuque
674 1557 714 1588 ad
727 1558 859 1598 januam
879 1557 962 1588 facto
979 1557 1157 1589 moliuntur
1171 1559 1182 1575 ³
1197 1583 1204 1597 ‚
1223 1564 1403 1593 extractum

70 1598 169 1631 cubili
185 1601 195 1619 ⁴
219 1607 377 1636 Caesarem
402 1605 526 1636 tradere
546 1604 700 1635 vexillum
727 1605 853 1635 intento
881 1604 994 1635 mortis
1019 1608 1106 1636 metu
1130 1605 1295 1645 subigunt.
1325 1618 1401 1640 mox

71 1647 142 1687 vagi
160 1658 216 1689 per
236 1651 303 1683 vias
320 1652 433 1683 obvios
456 1652 594 1683 habuere
611 1652 749 1691 legatos,
766 1651 876 1683 audita
895 1652 1154 1684 consternatione
1179 1653 1220 1684 ad
1243 1658 1403 1689 Germani-

70 1703 145 1727 cum
164 1699 343 1731 tendentes.
369 1700 519 1739 ingerunt
537 1699 750 1731 contumelias
762 1724 771 1739 ‚
797 1698 917 1731 caedem
940 1702 1074 1740 parant,
1102 1699 1219 1731 Planco
1236 1703 1378 1736 maxime
1393 1730 1402 1744 ‚

69 1750 166 1782 quem
181 1745 320 1786 dignitas
335 1747 408 1787 suga
425 1746 646 1787 impediverat.
665 1755 768 1786 neque
785 1746 874 1777 aliud
892 1746 1087 1786 periclitanti
1105 1747 1288 1780 subsidium
1303 1760 1401 1790 quam

69 1793 173 1823 castra
187 1793 300 1833 primae
315 1794 459 1834 legionis.
479 1793 544 1824 illic
561 1793 651 1833 signa
665 1795 697 1824 et
714 1793 855 1833 aquilam
872 1793 1052 1834 amplexus,
1069 1793 1222 1834 religione
1236 1805 1305 1827 sese
1321 1800 1402 1829 tuta-

67 1835 163 1869 batur
177 1848 185 1869 :
205 1847 253 1878 ac,
268 1841 301 1871 ni
318 1841 466 1880 aquilifer
480 1840 673 1880 Calpurnius
694 1840 761 1870 vim
785 1843 962 1871 extremam
979 1840 1139 1872 arcuisset
1155 1842 1283 1880 (rarum
1300 1845 1398 1875 etlam

69 1884 152 1916 inter
173 1885 324 1925 hostes),
349 1886 470 1925 legatus
495 1887 604 1927 populi
629 1886 765 1917 Romani
791 1887 945 1918 Romanis
968 1887 1001 1918 in
1022 1888 1136 1919 castris
1159 1889 1315 1928 sanguine
1340 1899 1400 1921 suo

66 1930 179 1964 altaria
192 1933 287 1964 deam
302 1933 615 1965 commaculavisset.
632 1937 716 1964 Luce
732 1932 863 1964 demum
877 1957 885 1972 ,
914 1936 1089 1974 postquam
1116 1935 1182 1965 dux
1209 1938 1241 1966 et
1256 1936 1349 1967 miles
1369 1941 1401 1968 et

67 1977 151 2010 sacta
166 1980 394 2019 noscebantur,
413 1981 578 2020 ingressus
594 1982 698 2011 castra
723 1980 930 2011 Germanicus
954 1980 1087 2021 perduci
1121 1981 1160 2012 ad
1185 1991 1218 2013 se
1241 1983 1397 2014 Plancum

67 2026 211 2067 imperat,
229 2028 411 2068 recepitque
428 2028 459 2058 in
474 2027 625 2058 tribunal.
641 2029 710 2059 tum
722 2027 875 2067 fatalem
892 2027 1062 2068 increpans
1080 2027 1091 2045 ⁵
1117 2028 1269 2068 rabiem,
1287 2039 1397 2071 neque

66 2107 89 2126 2.
104 2102 212 2126 Plenam
227 2103 418 2131 dimissionem,
431 2109 490 2133 quae
504 2103 717 2133 distinguitur-ab
730 2103 962 2126 exauctoratione.
977 2116 1005 2121 —
1015 2109 1036 2127 :¹³v
1046 2104 1194 2127 'Munerum
1209 2105 1397 2130 castrensium.

95 2138 229 2162 XXXVII.
239 2143 259 2162 ι.
268 2138 336 2162 Nam
348 2140 461 2168 pecunia
474 2139 662 2168 deponebatur
673 2138 706 2162 ad
717 2139 802 2168 signa.
814 2144 872 2168 quae
883 2138 909 2162 in
921 2138 1041 2162 exercitu
1055 2140 1117 2162 sunt
1127 2145 1176 2169 pro
1189 2140 1238 2163 diis
1249 2141 1276 2163 et
1287 2141 1397 2171 templo.

95 2173 240 2197 XXXVIII.
261 2179 281 2198 I.
295 2174 362 2197 Nam
376 2175 450 2198 necis
465 2175 615 2204 infligendae
625 2175 670 2204 jus
684 2179 738 2197 non
752 2176 812 2197 erat
826 2173 875 2197 nisi
888 2174 950 2197 ‹Iuci
964 2175 1010 2198 aut
1025 2174 1121 2204 legato.
1137 2188 1161 2190 —
1177 2179 1200 2198 2.
1216 2174 1306 2199 Rheni.

95 2209 218 2233 XXXIX.
233 2215 253 2233 I.
270 2210 339 2233 Anni
355 2215 384 2234 υ.
399 2215 450 2234 765.
462 2223 490 2228 -
501 2215 522 2234 2.
539 2209 860 2239 Intelligendumvidetur
877 2209 966 2233 vetum
984 2209 1040 2233 sive.
1052 2209 1162 2234 linteum
1180 2210 1292 2234 rubrum
1304 2230 1310 2239 ,
1326 2211 1398 2241 quod

65 2249 148 2272 super
159 2246 314 2273 praetoriurn
330 2247 470 2269 extensum
484 2247 512 2270 et
528 2251 559 2270 ex
577 2247 659 2270 conto
678 2250 836 2274 suspensum
856 2244 954 2269 Iuturae
970 2251 1067 2276 pugnae
1080 2245 1185 2275 signnm
1206 2245 1286 2270 dabat
1299 2247 1399 2276 (Caesar

67 2278 129 2302 Bell.
144 2279 208 2303 Gall.
225 2281 255 2309 II,
271 2285 316 2304 20:
333 2281 480 2305 Vexillum
492 2281 719 2311 proponendum,
739 2280 814 2310 quod
830 2282 896 2305 erat
918 2281 1043 2311 instanc,
1064 2287 1152 2311 quum
1172 2281 1210 2304 ad
1224 2287 1310 2304 arma
1329 2288 1397 2306 con-

65 2314 150 2338 curri
168 2316 336 2345 everterem:
357 2316 517 2341 servabatur
530 2317 619 2340 autem
634 2317 661 2340 in
678 2316 758 2340 domo
773 2315 816 2340 vel
826 2315 1005 2340 tabernaculo
1018 2317 1108 2345 ducis,
1124 2316 1201 2345 cujus
1218 2316 1329 2345 imperia
1347 2317 1398 2339 iru-

65 2349 152 2379 pediti
167 2350 212 2374 illo
229 2350 320 2376 ablato
333 2353 411 2381 signo
429 2351 623 2376 credebantur.
637 2363 663 2369 -
682 2357 704 2375 z.
720 2352 750 2375 Vi
765 2356 890 2381 movere,
914 2351 1021 2381 aperire
1038 2353 1085 2375 aut
1098 2351 1226 2380 frangere
1249 2352 1390 2374 conantur-

66 2398 93 2402 —
111 2391 132 2410 ι
147 2386 265 2416 Strepitu
280 2388 307 2411 et
326 2387 443 2412 tumultu
460 2387 573 2412 militum
585 2394 599 2411 e
613 2387 684 2411 lecto
702 2387 860 2411 excitatum.
875 2399 904 2404 -—-
920 2393 942 2411 5.
957 2387 998 2411 Ne
1014 2387 1135 2411 irritaret
1146 2387 1251 2410 animos
1270 2386 1392 2410 militum·
