1539 2668
523 150 559 178 A.
584 150 623 179 U.
647 151 682 179 C.
708 150 780 179 771.
802 151 841 185 A.
867 151 903 180 C.
931 148 980 179 18.
1379 151 1420 183 53

97 224 271 258 Hadriatici
294 232 331 256 ac
347 232 424 255 mox
446 223 527 255 Ionii
542 223 641 255 maris
656 223 824 255 adversam
848 222 1090 263 navigationem
1114 231 1296 262 perpessus.
1323 224 1423 265 igitur

96 280 218 312 paucos
241 271 308 302 dies
325 270 497 310 insumpsit
519 270 698 302 reficiendae
714 270 806 302 classi
824 280 832 302 ε
855 269 951 302 simul
964 270 1056 300 sinus
1074 268 1202 300 Actiaca
1223 271 1358 302 victoria
1371 272 1424 303 in·

95 319 190 350 clitos
209 320 242 350 et
262 317 403 349 sacratas
416 317 457 348 ab
473 318 615 357 Augusto
632 316 800 348 manubias
815 317 827 335 ²
850 320 1020 357 castraque
1035 316 1164 347 Antonii
1181 326 1256 348 cum
1279 319 1423 350 recorda-

93 364 183 397 tione
214 366 373 405 maJorum
399 372 533 396 suorum
561 364 650 396 adiit.
677 372 817 404 namque
838 364 887 404 ei,
921 364 958 395 nt
984 363 1162 394 memoravi
1186 363 1212 403 ³,
1243 365 1426 397 avunculus

94 413 274 452 Augustus,
297 419 377 442 avus
395 411 553 442 Antonius
577 411 686 450 erant,
703 419 884 451 magnaque
902 411 967 442 illic
987 410 1093 450 imago
1109 410 1251 442 tristium
1264 410 1426 444 laetorum·

94 467 167 499 que.
184 459 267 490 Hinc
283 460 416 489 ventum
429 459 569 490 Athenas
584 458 762 498 foederique
774 459 870 489 sociae
883 459 916 490 et
929 458 1066 489 vetustae
1078 456 1169 488 urbis
1183 456 1295 489 datum
1309 460 1345 489 ut
1360 467 1426 490 uno

94 504 207 537 lictore
222 506 369 537 uteretur
383 505 408 536 ⁴.
425 513 580 545 excepere
601 505 702 537 Graeci
720 505 961 545 quaesitissimis
978 504 1156 535 honoribus
1167 506 1278 537 vetera
1291 513 1425 538 suorum

93 552 177 584 sacta
191 552 343 592 dictaque
356 553 565 593 praeferentes
584 552 610 593 ⁵,
629 561 694 593 quo
710 553 786 593 plus
804 552 1000 592 dignationis
1017 551 1157 583 adulatio
1172 551 1318 584 haberet.

134 603 212 631 LIV.
237 600 338 631 Petita
365 599 439 631 inde
464 600 583 631 Euboea
608 599 751 632 tramisit
779 600 937 638 Lesbum,
965 598 1022 630 ubi
1045 599 1222 640 Agrippina
1244 599 1426 631 novissimo

95 647 192 685 partu
215 645 332 678 Juliam
358 647 472 678 edidit.
506 647 579 678 tum
605 649 750 678 extrema
773 647 858 678 Asiae
880 645 1134 686 Perinthumque
1159 654 1198 677 ac
1218 646 1424 687 Byzantium,

91 693 246 726 Thracias
265 693 363 725 urbes
376 718 384 734 ,
402 702 480 725 mox
499 693 703 734 Propontidis
721 694 888 733 angustias
909 695 942 725 et
966 702 1002 725 os
1018 693 1189 725 Ponticum
1213 692 1335 732 intrat,
1365 702 1426 724 cu-

91 740 203 780 pidine
220 743 344 772 veteres
360 740 449 772 locos
477 742 510 773 et
535 741 621 771 sama
640 740 818 772 celebratos
834 740 1014 779 noscendi3
1040 741 1224 780 pariterque
1242 740 1429 781 provincias

90 787 228 819 internis
247 787 476 819 certaminibus
498 791 555 819 aut
581 788 832 827 magistratuum
854 787 981 827 injuriis
1007 787 1107 818 fessas
1132 787 1308 818 refovebat.
1328 788 1427 827 atque

90 834 182 865 illum
199 834 232 866 in
249 843 396 874 regressu
412 844 501 866 sacra
513 835 761 867 Samothracum
778 835 884 866 visere
901 835 1058 865 nitentem
1075 833 1163 865 obvii
1184 834 1350 874 aquilones
1368 835 1426 866 (le-

90 881 209 921 pnlere.
228 881 328 921 Igitur
350 882 437 913 adito
453 882 512 913 Ilio
529 891 668 922 quaeque
694 882 738 913 ibi
756 882 763 900 ¹
785 882 941 913 varietate
968 881 1106 912 fortunae
1135 883 1167 912 et
1188 882 1290 912 nostri
1304 881 1425 921 origine

89 928 272 959 veneranda
284 951 293 967 ,
310 928 421 968 relegit
437 929 541 960 Asiam
553 928 579 968 ²,
596 928 792 969 appellitqne
809 928 1013 968 Colophona,
1028 928 1064 958 ut
1079 927 1173 959 Clarii
1187 927 1342 968 Apollinis
1352 936 1425 958 ora-

89 975 163 1006 culo
179 976 334 1006 uteretur.
360 984 425 1006 non
445 976 565 1007 semina
584 975 668 1014 illic,
687 978 723 1007 ut
739 975 824 1015 apud
842 975 1001 1015 Delphos,
1019 974 1074 1005 sed
1093 975 1190 1006 certis
1204 983 1223 1007 e
1247 975 1375 1006 familiis
1391 978 1426 1006 et

87 1021 189 1053 ferme
208 1022 316 1053 Mileto
338 1023 461 1053 accitus
482 1023 632 1054 sacerdos
649 1031 823 1054 numerum
846 1022 944 1053 modo
963 1021 1221 1053 consultantium
1238 1026 1269 1053 et
1291 1022 1424 1053 nomina

87 1068 198 1108 audit;
215 1071 285 1100 tum
302 1069 335 1100 in
352 1078 484 1110 specum
501 1070 668 1110 degressus
683 1092 691 1108 ‚
709 1070 824 1101 hausta
844 1069 943 1100 sontis
958 1069 1066 1100 arcani
1082 1077 1184 1108 aqua,
1205 1069 1335 1109 ignarus
1355 1070 1423 1108 ple-

87 1123 225 1156 rumque
242 1116 424 1148 litterarum
442 1119 474 1148 et
491 1117 673 1148 carminum
686 1140 695 1156 ,
709 1116 776 1148 edit
792 1125 943 1156 responsa
960 1115 1110 1147 versibus
1123 1116 1313 1156 compositis
1326 1125 1424 1156 super

86 1161 184 1194 rebus
202 1171 282 1202 quas
304 1164 377 1203 quis
394 1165 504 1195 mente
520 1164 679 1203 concepit.
704 1166 737 1194 et
761 1163 925 1194 serebatur
950 1163 1139 1195 Germanico
1155 1171 1213 1203 per
1228 1162 1378 1204 ambages
1395 1162 1423 1203 ³,

87 1209 124 1242 ut
137 1217 208 1241 mos
223 1209 381 1249 oraculis,
404 1211 588 1241 maturum
604 1212 752 1241 exitium
771 1210 936 1241 cecinisse.

129 1259 191 1287 LV.
215 1259 255 1287 At
275 1259 331 1288 Cn.
350 1256 436 1294 Piso,
454 1265 519 1296 qno
536 1256 764 1296 properantius
781 1255 943 1287 destinata
957 1256 1130 1296 inciperet,
1148 1256 1313 1288 civitatem
1329 1257 1423 1288 Athe-

86 1302 267 1340 niensium,
287 1303 421 1334 turbido
443 1303 570 1334 incessu
591 1303 801 1342 exterritam,
822 1303 969 1334 oratione
987 1311 1073 1333 saeva
1098 1302 1259 1343 increpat,
1289 1303 1421 1343 oblique

87 1349 313 1381 Germanicum
342 1349 565 1389 perstringens
577 1373 586 1389 ,
607 1349 697 1390 quod
725 1352 847 1381 contra
873 1349 978 1381 decus
1005 1352 1148 1381 Romam*
1176 1352 1322 1381 nominis
1350 1359 1422 1382 non»

85 1395 303 1428 Athenienses
314 1420 323 1436 ‚
340 1398 390 1428 tot
402 1395 558 1428 cladibus
574 1397 763 1427 exstinctos
775 1421 786 1435 ‚
803 1395 862 1428 sed
881 1396 1067 1428 colluviem
1091 1396 1191 1427 illam
1207 1398 1390 1428 nationum
1408 1397 1414 1413 ¹

86 1444 244 1475 comitate
260 1444 371 1475 nimia
391 1443 553 1475 coluisset
565 1454 575 1474 .·
590 1443 650 1474 llos
663 1445 753 1474 enim
768 1451 837 1474 esse
853 1442 1071 1474 Mithridatis
1087 1442 1255 1473 adversus
1269 1443 1420 1482 Sullam,

85 1491 223 1521 Antonii
241 1489 408 1522 adversus
422 1489 539 1521 divum
551 1492 745 1530 Auqustum.
758 1491 874 1522 socios.
891 1490 994 1521 Etiam
1011 1491 1120 1520 vetera
1138 1489 1331 1530 objectabat,
1347 1499 1420 1530 quoe

85 1536 120 1568 in
138 1537 328 1569 Macedones
344 1537 546 1577 improspere
562 1536 589 1576 ²,
611 1537 766 1569 violenter
792 1537 825 1568 in
851 1545 928 1568 suos
945 1536 956 1554 ³
984 1536 1150 1575 fecissent,
1179 1537 1324 1568 offensus
1346 1537 1421 1568 urbi

84 1584 215 1624 propria
231 1592 359 1624 quoque
376 1584 441 1623 ira,
459 1584 537 1624 quia
553 1583 768 1624 Theophilum
795 1583 969 1623 quemdam
992 1583 1096 1614 Areo⁴
1115 1583 1239 1623 jiidicio
1264 1583 1336 1614 salsi
1360 1583 1417 1612 da·

83 1632 231 1662 mnatum
246 1631 393 1671 precibus
404 1632 471 1662 suis
482 1639 547 1662 non
557 1631 784 1663 concederent.
796 1631 807 1648 ⁵
820 1631 901 1662 Exin
915 1630 1122 1669 navigatione
1135 1630 1229 1662 celeri
1243 1639 1299 1671 per
1309 1630 1420 1670 Cycla-

84 1676 143 1709 das
157 1680 189 1710 et
201 1677 395 1718 compendia
416 1677 517 1710 maris
533 1678 718 1718 assequitur
734 1678 961 1709 Germanicum
977 1676 1063 1717 apud
1092 1677 1230 1709 insulam
1247 1677 1397 1709 Rhodum
1408 1701 1419 1718 ,

84 1723 172 1756 haud
188 1724 335 1756 nescium
364 1724 484 1765 quibus
504 1725 772 1757 insectationibus
796 1725 916 1765 petitus
929 1724 1034 1755 foret:
1052 1724 1109 1755 sed
1126 1726 1214 1756 tanta
1230 1728 1420 1766 mansuetu-

83 1771 159 1803 dine
174 1771 307 1812 agebat,
324 1772 379 1812 ut,
405 1781 505 1812 quum
525 1774 595 1803 orta
609 1775 780 1812 tempestas
796 1773 922 1812 raperet
936 1771 948 1790 ⁶
973 1771 1008 1802 in
1027 1770 1164 1811 abrupta
1179 1774 1349 1811 possetque
1371 1772 1419 1802 in-

83 1818 200 1850 teritus
225 1818 351 1850 inimici
379 1819 419 1850 ad
444 1828 556 1850 casum
587 1820 698 1851 referri
712 1843 722 1860 ,
750 1819 873 1850 miserit
901 1818 1051 1850 triremes
1065 1842 1074 1858 ,
1101 1827 1241 1858 quarum
1269 1817 1416 1849 subsidio

83 1863 260 1896 discrimini
278 1865 483 1897 eximeretur.
501 1870 611 1906 Neque
632 1868 742 1898 tamen
763 1866 930 1905 mitigatus
955 1865 1028 1897 Piso
1041 1889 1050 1904 ‚
1073 1866 1106 1896 et
1122 1865 1179 1896 vix
1200 1864 1265 1896 diei
1290 1873 1418 1896 moram

84 1919 276 1952 perpessus,
297 1911 415 1952 linquit
439 1912 664 1944 Germanicum
681 1913 916 1953 praevenitque.
937 1915 969 1943 et
984 1913 1159 1952 postquam
1177 1911 1300 1951 Syriam
1325 1920 1362 1942 ac
1377 1912 1417 1943 le-

84 1957 196 1998 giones
211 1958 340 1999 attigit,
355 1958 544 1999 largitione,
561 1959 688 1991 ambitu
700 1982 710 1999 ,
725 1959 854 1990 infimos
870 1958 1122 1999 manipularium
1135 1957 1278 1997 juvando
1290 1982 1299 1998 ,
1314 1967 1416 1998 quum

84 2054 117 2073 ex
131 2049 265 2074 manubiis
278 2050 397 2075 Actiacae
409 2056 571 2080 pugnam—5.
585 2051 650 2081 Cap.
664 2055 701 2076 ⁴³.
715 2063 743 2068 -
754 2055 776 2075 4.
790 2051 943 2075 Extenuans
957 2051 1106 2079 majestatis
1121 2050 1302 2080 insignia-s,
1316 2051 1415 2076 osten-

84 2087 188 2114 tantes,
203 2085 249 2114 qui
264 2091 321 2109 mos
334 2086 498 2111 Graecorum.

113 2121 179 2145 le.
205 2125 225 2145 ι.
240 2120 278 2145 Et
288 2121 368 2145 aditis
381 2121 531 2151 (visisque)
544 2122 577 2146 iis
595 2127 658 2151 quoe
671 2121 711 2146 ibi
730 2123 784 2146 etc.
803 2123 854 2146 Per
876 2122 989 2146 AEneam
1004 2121 1117 2145 Romani
1142 2121 1275 2151 originem
1297 2127 1374 2146 suam
1398 2128 1414 2147 a

82 2155 207 2184 Troianis
219 2155 362 2185 petebant.
375 2167 406 2173 —
417 2161 440 2180 2.
451 2156 533 2181 oram
547 2157 615 2182 Asiae
628 2157 720 2186 leyen-e
732 2158 834 2187 pergit.
860 2157 879 2181 i.
894 2162 920 2180 e.
938 2155 1100 2186 praetervehi
1113 2156 1204 2180 Asiam
1226 2157 1368 2181 minorem.
1383 2168 1415 2174 —

83 2194 107 2213 s.
116 2190 311 2220 fflnigmatice.

112 2225 164 2249 LV.
176 2226 243 2250 Nam
253 2227 333 2250 nimis
345 2227 440 2252 faciles
451 2229 530 2252 erant
543 2228 722 2252 Athenienses
733 2228 761 2251 in
772 2228 832 2257 jure
846 2228 962 2252 civitatis
982 2227 1140 2258 alienigenis
1159 2227 1303 2252 tribuendo
1330 2229 1413 2258 atque
1454 2243 1456 2246 -

84 2258 154 2284 adeo
166 2261 326 2291 vendendo;
341 2268 424 2292 quare
442 2263 513 2287 hanc
533 2265 698 2293 potestatem
720 2264 857 2293 Augustus
873 2263 904 2287 iis
923 2263 1032 2287 ademit.
1051 2276 1079 2280 —-
1095 2268 1117 2287 2.
1135 2263 1238 2293 Quippe
1257 2269 1272 2286 a
1289 2262 1411 2293 Philippo

85 2300 158 2325 victl·
172 2313 201 2319 —
216 2307 240 2325 z·
265 2303 300 2327 Ut
320 2303 542 2328 Themistoclem.
568 2305 716 2333 Periclem,
739 2305 893 2333 Socratem,
916 2305 1090 2328 Phocionem.
1105 2317 1133 2321 —-
1154 2308 1176 2328 ⁴-
1200 2298 1303 2340 Ἀρείω
1316 2304 1411 2332 (latine

84 2336 207 2365 Martio),
220 2337 294 2362 edito
308 2338 335 2362 in
352 2339 494 2369 Areopago
515 2339 574 2369 (lat.
590 2340 688 2364 Martio
703 2339 797 2369 colle),
814 2345 920 2364 summo
944 2340 972 2363 et
990 2339 1157 2363 sanctissimo
1176 2331 1305 2363 tribunali
1325 2339 1411 2362 Athe-

84 2372 227 2397 mensium.
242 2385 272 2389 —
283 2379 305 2397 ὅ.
318 2374 452 2398 Precibus
462 2375 588 2404 (dativus)
599 2375 764 2400 concedere.
776 2375 833 2399 sive
847 2375 1017 2405 permittere.
1032 2375 1073 2398 est
1085 2375 1123 2398 ita
1140 2380 1222 2403 agere
1234 2374 1278 2398 vel
1289 2376 1411 2399 tractare

83 2407 202 2438 aliquem
214 2408 244 2432 ut
256 2413 352 2437 preces
366 2409 503 2439 indicant;
516 2410 589 2439 quod
602 2410 655 2434 buc
672 2410 744 2435 redit
758 2416 764 2434 :
777 2415 882 2441 poenam
899 2410 1039 2435 remittere
1055 2415 1166 2439 precum
1177 2410 1273 2440 gratia.
1286 2422 1317 2428 —
1331 2415 1353 2434 e.
1364 2410 1409 2434 Sc.
