1539 2668
128 226 188 258 354
519 222 625 251 ACITI
648 221 922 250 HISTORIARUM
944 222 1018 250 LIB.
1044 221 1099 249 III.

127 297 292 332 trandum.
310 295 367 327 sed
385 294 502 326 Valens
515 302 556 325 ne
572 294 606 325 in
624 294 715 325 tanto
731 293 861 333 quidem
877 293 1062 325 discrimine
1078 292 1209 324 infamia
1224 295 1329 325 caruit
1341 319 1350 334 ,
1369 304 1449 335 quo·

127 345 236 376 minus
247 351 357 383 rapere
371 342 499 373 illicitas
514 341 695 380 voluptates
709 340 938 380 adulteriisque
951 349 987 371 ac
1001 339 1122 380 stupris
1135 340 1275 380 polluere
1288 342 1451 382 hospitum

129 393 244 424 domus
265 389 459 422 crederetur.
478 388 611 418 aderant
630 387 680 418 vis
705 388 737 418 et
762 387 900 427 pecunia
922 389 955 418 et
977 387 1101 418 ruentis
1118 386 1256 419 fortunae
1272 389 1450 422 novissima

129 439 240 472 libido.
255 437 397 469 adventu
411 436 542 466 demum
556 434 701 475 peditum
719 434 932 475 equitumque
944 435 1087 474 pravitas
1104 435 1230 465 consilii
1247 436 1361 476 patuit,
1377 437 1453 477 quia

127 495 188 518 nec
204 485 319 516 vadere
336 492 392 523 per
407 482 518 513 hostes
536 483 602 512 tam
618 490 720 521 parva
736 490 834 513 manu
851 484 977 522 poterat
991 506 1000 521 ‚
1018 481 1113 512 etiam
1133 482 1160 513 si
1177 481 1332 513 fidissima
1349 483 1452 524 foret,

127 541 187 564 nec
200 532 356 570 integram
371 529 465 560 fidem
483 528 669 560 attulerant.
690 528 795 568 pudor
807 531 916 560 tamen
933 530 964 559 et
981 528 1148 568 praesentis
1164 528 1257 560 ducis
1275 531 1453 564 reverentia

128 580 325 615 morabatur,
342 577 428 607 haud
443 575 599 606 diuturna
614 575 741 606 vincula
758 575 845 616 apud
858 575 973 606 avidos
988 575 1227 615 periculorum²
1243 579 1275 608 et
1288 577 1453 610 dedecoris

129 625 295 660 securos3.
313 633 351 656 co
368 625 458 654 metu
474 624 506 654 et
528 621 638 662 paucis
653 631 735 663 quos
750 622 888 653 adversa
901 631 966 652 non
985 624 1190 654 mutaverant
1204 624 1453 666 comitantibus,

128 676 276 706 cohortes
289 671 470 703 Ariminum
488 669 677 710 praemittit,
695 670 777 701 alam
797 671 888 700 tueri
905 671 1000 708 ter-qa
1015 669 1107 708 jubet
1121 679 1128 699 ε
1146 669 1215 709 ipse
1228 670 1319 701 flexit
1331 670 1364 702 in
1380 675 1454 703 Um-

128 723 230 754 briam
248 722 346 760 atque
362 718 437 749 inde
453 716 611 748 Etruriam
624 741 632 756 ‚
655 716 710 747 ubi
733 716 862 755 cognito
884 717 1005 756 pugnae
1016 717 1240 747 Cremonensis
1255 719 1372 749 eventu
1391 727 1455 750 non

127 769 279 809 ignavum
292 791 300 805 ,
319 768 368 805 et,
391 764 417 795 si
438 763 640 804 provenisset
652 762 679 802 ⁴,
698 765 789 794 atrox
813 763 986 794 consilium
1004 763 1088 802 iniit,
1106 764 1143 794 ut
1165 765 1300 803 arreptis
1317 765 1455 798 navibus

127 815 161 847 in
174 821 401 855 quamcunque
413 815 536 851 partem
551 810 765 842 Narbonensis
777 810 953 850 provinciae
967 819 1113 850 egressus
1125 810 1242 842 Gallias
1252 813 1284 842 et
1296 811 1455 844 exercitus

127 866 160 895 et
177 861 355 894 Germaniae
372 861 483 899 gentes
499 866 690 897 novumque
708 857 828 888 bellum
846 858 958 888 cieret.

168 914 259 942 XLII.
285 908 434 947 Digresso
463 905 596 936 Valente
625 904 770 944 trepidos
796 905 852 944 qui
881 904 1065 936 Ariminum
1094 904 1267 944 tenebant,
1292 905 1457 938 Cornelius

127 961 252 989 Fuscus
265 979 273 995 ,
291 955 421 985 admoto
438 952 580 983 exercitu
596 953 627 982 et
645 951 753 982 missis
766 960 822 992 per
838 952 986 991 proxima
999 952 1145 983 littorum
1160 951 1356 992 Liburnicis,
1372 953 1457 985 terra

126 1003 274 1043 marique
290 999 512 1033 circumvenit.
533 1001 732 1038 occupantur
752 999 848 1038 plana
868 998 1010 1030 Umbri-m
1030 1000 1139 1038 etqua
1157 999 1292 1030 Picenus
1308 1008 1381 1039 ager
1397 1004 1456 1032 Ha—

127 1051 197 1083 dria
214 1050 221 1068 ¹
245 1050 386 1081 alluitur.
402 1046 571 1085 omnisque
590 1046 680 1076 {talia
699 1046 785 1076 inter
800 1046 1031 1086 Vespasianum
1054 1055 1091 1076 ac
1104 1045 1268 1076 Vitellium
1283 1047 1456 1086 Apenninis

125 1097 210 1138 jugis
225 1095 442 1128 dividebatur.
462 1093 580 1124 Fabius
597 1093 714 1123 Valens
733 1102 750 1123 e
766 1093 837 1123 sinu
853 1094 965 1123 Pisano
982 1092 1117 1132 segnitia
1134 1093 1232 1123 maris
1245 1091 1256 1109 ²
1275 1095 1332 1124 aut
1348 1093 1458 1126 adver-

128 1147 219 1175 sante
235 1145 333 1175 vento
350 1143 481 1182 portum
498 1140 645 1171 Herculis
663 1140 799 1170 Monoeci
813 1139 996 1179 depellitur.
1012 1139 1097 1170 haud
1119 1139 1231 1179 procul
1254 1139 1328 1171 inde
1344 1141 1458 1180 agebat

128 1192 249 1223 Marius
276 1192 423 1222 Maturus
447 1187 574 1227 Alpium
600 1187 840 1218 maritimarum
858 1188 1048 1227 procurator
1062 1211 1072 1226 ,
1090 1186 1177 1218 fidus
1193 1187 1323 1217 Vitellio
1335 1212 1346 1226 ‚
1366 1189 1457 1228 cujus

127 1240 368 1273 sacramentum
383 1235 506 1267 cunctis
520 1234 604 1265 circa
616 1234 787 1265 hostilibus
799 1234 944 1265 nondum
956 1235 1098 1265 exuerat.
1112 1234 1140 1264 is
1148 1234 1310 1265 Valentem
1325 1236 1459 1268 comiter

127 1288 322 1326 exceptum,
348 1292 389 1315 ne
418 1283 572 1314 Galliam
594 1281 851 1313 Narbonensem
876 1284 1000 1313 temere
1022 1281 1278 1321 inqrederetur,
1296 1283 1456 1316 monendo

127 1333 265 1371 'terruit3
283 1331 378 1363 simul
404 1332 584 1361 ceterorum
603 1328 680 1360 fides
699 1330 788 1360 metu
807 1328 956 1360 infracta.
977 1336 1118 1368 namque
1134 1327 1356 1367 circumjectas
1377 1330 1458 1362 civi-

127 1383 213 1414 tates
230 1381 422 1420 procurator
433 1376 443 1394 ³
462 1376 610 1407 Valerius
624 1376 778 1406 Paulinus
789 1400 798 1415 ,
817 1378 971 1407 strenuus
988 1375 1114 1406 militiae
1128 1376 1160 1406 et
1177 1376 1372 1416 Vespasiano
1385 1377 1459 1409 ante

128 1429 291 1461 fortunam
310 1426 433 1456 amicus
446 1447 455 1463 ,
476 1423 509 1454 in
528 1423 625 1454 verba
642 1423 710 1462 ejus
727 1423 887 1463 adegerat.

171 1477 276 1506 XLlll.
301 1471 508 1510 concitisque
523 1469 675 1501 omnibus
692 1471 749 1510 qui
766 1469 993 1502 exauctoritati
1010 1478 1030 1500 a
1045 1469 1173 1501 Vitellio
1187 1469 1194 1486 ¹
1212 1469 1332 1501 bellum
1344 1471 1459 1511 sponte

129 1521 316 1560 sumebant,
341 1518 592 1558 Forojnliensem
610 1517 771 1548 coloniam
784 1541 793 1557 ‚
815 1517 956 1548 claustra
976 1516 1078 1547 maris
1091 1540 1100 1554 ‚
1115 1516 1269 1556 praesidio
1288 1517 1458 1559 tuebatur,

130 1577 168 1601 eo
183 1569 309 1608 gravior
323 1569 435 1598 auctor
449 1565 535 1606 qnod
550 1564 685 1596 Paulino
702 1565 805 1604 patria
818 1569 940 1596 Forum
955 1563 1030 1595 Julii
1054 1565 1087 1595 et
1110 1564 1213 1595 honos
1235 1564 1322 1603 apud
1342 1564 1459 1604 praeto-

131 1616 255 1654 rianos,
272 1622 412 1655 quorum
434 1612 595 1652 quondam
613 1611 764 1643 tribunus
781 1612 898 1643 fuerat.
918 1611 1042 1650 ipsique
1060 1611 1177 1650 pagani
1196 1611 1308 1642 favore
1324 1610 1460 1642 munici-

126 1663 194 1704 pali
211 1663 243 1693 et
263 1661 380 1692 tuturae
398 1659 551 1699 potentiae
569 1667 625 1698 spe
642 1658 757 1697 juvare
779 1660 888 1698 partes
905 1657 1145 1688 annitebantur.
1170 1666 1243 1697 quae
1263 1657 1318 1688 ubi
1342 1658 1457 1698 paratu

126 1709 225 1740 -firma
238 1709 270 1739 et
284 1709 379 1738 aucta
394 1714 523 1736 rumore
539 1704 626 1745 apud
642 1706 748 1736 varios
763 1705 1009 1736 Vitellianorum
1028 1704 1154 1734 animos
1171 1704 1358 1735 increbuere
1370 1728 1380 1744 ,
1397 1708 1455 1736 Fa·

113 1755 203 1788 *hius
218 1755 334 1785 Valens
358 1762 433 1784 cum
454 1754 608 1792 quattuor
630 1752 887 1792 speculatoribus
905 1754 937 1782 et
955 1751 1059 1783 tribus
1081 1751 1209 1790 amicis,
1228 1751 1365 1782 totidem
1386 1760 1458 1783 cen-

112 1815 116 1818 -
130 1802 313 1834 turionibns
324 1824 332 1839 ‚
348 1800 386 1830 ad
401 1808 498 1830 naves
513 1800 710 1839 regreditnr3
730 1800 857 1830 Maturo
871 1798 1050 1838 ceterisque
1062 1807 1233 1829 ,remanere
1258 1801 1290 1829 et
1305 1798 1343 1829 *in
1358 1798 1458 1832 verba

128 1848 317 1888 Vespasiani
333 1847 416 1886 adigi
434 1846 616 1877 volentibus
638 1846 699 1877 fuit
714 1845 738 1875 ².
756 1849 900 1877 celerum
918 1847 955 1877 ut
978 1854 1066 1877 mare
1087 1846 1190 1876 tutius
1213 1845 1340 1876 Valenti
1359 1853 1457 1886 quam

130 1897 240 1930 littora
256 1898 311 1925 aut
327 1894 423 1925 urbes
437 1919 446 1933 ,
471 1893 516 1925 ita
541 1893 641 1924 futuri
663 1893 833 1933 ambiguus
846 1917 855 1932 ,
876 1894 909 1924 et
932 1893 1033 1932 magis
1057 1892 1276 1932 quidvitaret
1291 1900 1389 1933 quam
1404 1890 1458 1924 cui

130 1943 242 1974 fideret
255 1943 362 1973 certus
374 1965 382 1980 ‚
398 1941 534 1972 adversa
551 1942 748 1981 >tempestate
760 1940 946 1972 stoechadas
963 1940 1212 1972 Massiliensium
1227 1939 1349 1971 insulas
1362 1937 1457 1971 affer·

117 1993 195 2022 .tu1·.
214 1989 257 2020 ibi
276 1998 349 2020 euni
366 1989 472 2019 missae
488 1997 506 2019 a
522 1988 655 2019 Paulino
671 1987 852 2019 Liburnicae
872 1995 1071 2028 oppressere.

172 2040 276 2069 XLIV.
302 2037 401 2076 Capto
414 2036 549 2066 Valente
563 2037 680 2066 cuncta
694 2035 733 2066 ad
751 2035 884 2066 victoris
896 2043 977 2075 opes
991 2042 1158 2072 conversa,
1173 2033 1267 2065 initio
1278 2032 1456 2074 per-Hispa·

114 2084 219 2115 ·niam
234 2092 252 2114 a
268 2084 372 2123 prima
389 2082 554 2123 Adjutrice
570 2082 695 2122 legione
713 2083 785 2114 orto
797 2106 807 2122 ‚
830 2090 903 2122 quae
925 2081 1083 2112 memoria
1105 2080 1242 2112 Othonis
1260 2080 1386 2111 infensa
1404 2079 1455 2111 vi-

128 2131 220 2163 tellio
245 2130 401 2162 decimam
426 2138 556 2171 quoque
578 2137 617 2160 ac
641 2131 767 2161 sextam
791 2129 904 2161 traxit.
926 2136 988 2160 nec
1009 2128 1124 2160 Galliae
1147 2127 1410 2159 cunctabantur.v
1424 2127 1457 2159 et

133 2240 185 2259 —2.
199 2234 453 2259 Aventureux.—5.
470 2234 533 2259 Non
543 2234 676 2259 sollicitos
692 2233 726 2258 de
739 2234 875 2258 dedecore
893 2232 1063 2264 prodtttouts,
1076 2233 1131 2262 jam
1143 2232 1172 2256 ln
1187 2231 1308 2260 Galbam,
1319 2231 1455 2258 Othonem

135 2270 321 2295 exercita-⁴.
336 2270 449 2294 UtArm.
468 2270 487 2299 1,
506 2275 541 2298 ιο,
554 2271 613 2293 not.
628 2274 650 2293 ι.

165 2305 242 2329 XLI!-
258 2310 280 2329 i.
297 2306 341 2329 sc.
353 2305 429 2328 mari.
444 2304 517 2329 Conf.
533 2307 607 2329 Ann.
623 2305 678 2333 XV,
689 2310 727 2329 5⁴.
740 2318 768 2321 —
781 2309 803 2328 2.
816 2305 856 2329 Ob
868 2303 1096 2334 tranquillitatem
1115 2303 1206 2332 marm,
1222 2303 1312 2327 ventis
1324 2302 1454 2327 vela‘uou

127 2339 316 2370 implentibus,
328 2345 383 2364 non
398 2346 430 2364 eo
446 2346 499 2370 quo
513 2340 623 2365 volebat
636 2341 772 2370 pervenit,
788 2340 875 2364 sedin
889 2341 998 2370 portum
1015 2337 1147 2363 Herculis.
1160 2338 1277 2363 Verbum
1296 2337 1454 2368 depellitur

123 2375 175 2400 arl-
191 2374 285 2399 ultima
302 2375 380 2399 modo
403 2374 538 2405 retertur;
556 2376 590 2400 ad
603 2376 694 2406 priora
715 2375 844 2405 generale
862 2375 976 2400 verbum
993 2374 1202 2404 intelligendum
1214 2375 1266 2398 est.
1283 2385 1311 2390 —
1322 2378 1345 2397 s.
1362 2371 1453 2397 Galuae

133 2409 328 2439 Narbonensis,
343 2411 374 2434 ut
387 2410 506 2434 videtur.

165 2444 259 2470 XLIII.
272 2450 292 2469 ι.
307 2445 364 2469 Vid.
383 2445 412 2474 11,
423 2450 514 2469 zzz—2.
527 2445 585 2469 Vid.
600 2445 633 2469 ad
648 2445 757 2470 Annal.
777 2446 797 2474 1,
811 2451 849 2469 159-
