1539 2668
494 158 496 160 v
527 142 563 171 A.
589 143 628 172 U.
652 143 686 171 C.
712 142 785 172 822.
820 145 855 172 A.
880 143 918 174 C.
942 144 995 174 69.
1366 148 1428 180 299

97 219 169 252 rato
186 223 200 250 J
205 217 271 250 ulio
291 215 436 248 Martiale
451 215 582 247 tribuno
597 215 603 233 ¹
625 216 795 248 etvitellio
809 216 981 248 Saturnino
993 216 1148 257 praefecto
1162 218 1296 258 legionis
1311 218 1336 260 ²,
1348 220 1428 254 dum

98 265 266 298 ruentibus
282 264 458 296 obsistunt.
477 263 620 303 undique
636 273 725 295 arma
749 265 780 296 et
806 264 920 304 minae⁷
939 264 1037 296 modo
1052 265 1085 296 in
1108 265 1313 298 centuriones
1327 267 1428 300 tribu-

97 322 242 354 nosque,
268 311 363 343 modo
386 312 419 342 in
440 312 589 342 senatum
613 311 822 351 universum,
852 311 1028 352 lymphatis
1045 321 1132 344 caeco
1148 322 1268 353 pavore
1289 314 1427 356 animis,

99 361 132 393 et
148 361 225 401 quia
239 359 402 391 neminem
418 367 520 390 unum
536 358 696 390 destinare
717 359 774 390 irae
797 361 964 399 poterant,
990 359 1154 392 licentiam
1178 359 1212 391 in
1239 370 1353 394 omnes
1376 371 1429 403 po-

99 407 279 446 scentibus,
295 406 397 438 donec
413 406 497 438 Otho
514 408 625 437 contra
644 406 743 438 decus
760 406 886 447 imperii
903 408 975 438 toro
991 407 1139 440 insistens
1155 408 1304 449 precibus
1326 410 1359 441 et
1384 409 1429 441 la-

100 455 212 487 crimis
237 463 320 493 aegre
348 452 513 493 cohibuit,
540 453 770 494 redieruntque
796 453 827 484 in
851 457 958 485 eastra
985 455 1079 486 inviti
1103 464 1207 496 neque
1232 456 1429 488 innocentes.

86 505 232 534 ‘Postera
249 501 301 532 die
317 501 403 532 velut
419 502 512 540 capta
526 500 610 532 Urbe
627 501 746 532 clausae
759 501 886 540 domus,
901 511 990 534 rarus
1005 511 1060 542 per
1071 502 1140 534 vias
1153 503 1302 544 populus,
1317 504 1432 536 moesta

101 549 212 592 plebs;
235 549 351 588 dejecti
367 548 400 580 in
422 550 541 580 terram
557 548 698 580 militum
716 549 840 588 vultus,
859 558 896 580 ac
919 550 991 589 plus
1007 550 1146 582 tristitiae
1163 559 1262 591 quam
1276 550 1432 591 poeniten·

102 597 166 629 tiae.
183 596 408 636 manipulatim
432 596 563 628 allocuti
581 598 656 628 sunt
681 597 819 628 Licinius
840 597 996 628 Proculus
1018 599 1049 629 et
1065 597 1188 629 Plotius
1204 598 1331 630 Firmus
1346 606 1432 640 prae-

102 643 196 684 fecti,
212 653 253 676 ex
271 653 330 675 suo
346 643 484 683 quisque
507 644 633 681 ingenio
649 643 762 675 mitius
781 646 837 675 aut
862 644 1035 676 horridius.
1064 644 1136 676 finis
1158 646 1316 677 sermonis
1344 646 1378 677 in
1394 654 1432 678 eo

103 695 140 724 ut
155 691 254 732 quina
269 690 369 721 millia
384 692 554 721 nummum
569 690 580 709 ³
595 691 727 731 singulis
740 691 898 723 militibus
914 694 1174 724 numerarentur.
1194 694 1265 724 tum
1284 693 1372 724 Otho
1387 692 1432 724 in-

104 738 192 778 gredi
205 741 310 769 castra
324 746 432 768 ausus.
452 739 548 778 atque
562 738 655 769 illum
671 738 792 769 tribuni
812 740 1082 779 centurionesque
1098 740 1363 779 circumsistunt,
1381 739 1434 771 ab-

103 784 196 824 J'ectis
218 785 345 816 militiae
371 785 550 825 insignibus
578 787 686 817 otium
708 787 742 817 et
763 787 915 818 salutem
940 786 1130 826 flagitantes.
1154 789 1255 819 sensit
1281 786 1435 819 invidiam

105 831 216 910 males,
231 835 263 863 et
285 833 485 909 cpissirositus
500 832 534 863 in
554 831 747 872 obsequium
777 835 936 864 auctores
960 832 1136 865 seditionis
1154 834 1201 866 ad
1226 834 1436 876 supplicium

105 888 126 910 u
156 887 191 910 ro
205 882 300 919 postu
316 888 333 909 a
358 881 402 910 at.

146 930 305 957 LXXXIII.
331 926 416 957 otho
437 934 634 966 quamquam
652 925 792 957 turbidis
810 925 907 957 rebus
930 926 963 957 et
985 925 1121 958 diversis
1136 927 1279 959 militum
1296 927 1411 959 animis
1425 951 1434 968 ,

106 982 206 1015 quum
228 974 370 1013 optimus
392 974 531 1013 quisque
553 972 742 1004 remedium
755 975 942 1013 paesentis
963 973 1111 1006 licentiae
1127 976 1295 1015 posceret,
1314 975 1432 1015 vulgus

107 1024 139 1055 et
153 1021 261 1061 plures
278 1020 489 1052 seditionibus
502 1022 534 1052 et
550 1020 724 1052 ambitioso
741 1021 876 1060 imperio
890 1020 954 1051 laeti
972 1029 1028 1060 per
1042 1020 1155 1052 turbas
1173 1023 1205 1053 et
1228 1025 1341 1062 raptus
1360 1022 1437 1054 faci-

107 1069 169 1100 lius
186 1068 225 1098 ad
242 1068 337 1098 civile
351 1068 471 1098 bellum
487 1068 741 1107 impellerentur,
753 1068 848 1098 simul
866 1069 1017 1107 reputans
1030 1077 1095 1098 non
1109 1077 1204 1108 posse
1221 1069 1437 1110 principatum

108 1115 226 1148 scelere
240 1115 412 1153 quaesitum
431 1115 538 1145 subita
554 1114 710 1145 modestia
727 1117 759 1145 et
776 1115 879 1154 prisca
897 1115 1055 1153 gravitate
1083 1115 1233 1155 retineri,
1253 1117 1308 1148 sed
1326 1117 1437 1149 discri-

108 1162 196 1193 mine
211 1162 304 1193 Urbis
320 1165 350 1193 et
367 1162 505 1201 periculo
525 1164 654 1193 senatus
676 1161 809 1201 anxius,
834 1165 997 1201 postremo
1020 1162 1064 1193 ita
1093 1162 1245 1194 disseruit
1262 1173 1269 1193 :
1291 1176 1306 1190 «
1325 1168 1437 1204 Neque

111 1221 127 1236 «
145 1211 180 1240 ut
198 1210 333 1241 affectus
348 1212 474 1240 iestros
497 1209 529 1239 in
557 1218 700 1239 amorem
717 1209 780 1239 mei
805 1209 1033 1247 accenderem,
1062 1210 1316 1249 commilitones,
1335 1220 1438 1252 neque

112 1269 126 1283 «
145 1258 179 1288 ut
196 1258 337 1287 animum
355 1257 392 1287 ad
415 1257 568 1287 virtutem
588 1256 775 1287 cohortarer
790 1256 938 1296 (utraque
961 1255 1047 1286 euim
1072 1257 1197 1296 egregie
1210 1260 1384 1297 supersunt
1398 1258 1436 1297 ¹),

111 1317 128 1331 «
145 1305 201 1335 sed
215 1305 285 1335 veni
304 1314 311 1343 1
326 1305 524 1334 ostulauurus
539 1312 556 1333 a
572 1302 664 1333 vobis
675 1306 964 1342 temperamentum
980 1304 1096 1334 vestrae
1111 1304 1308 1335 fortitudinis
1320 1308 1353 1336 et
1365 1314 1439 1344 erga

110 1366 125 1376 «
145 1360 196 1382 me
209 1352 339 1382 moduni
358 1350 511 1381 caritatis.
541 1351 701 1381 tumultus
715 1350 853 1390 proximi
869 1351 997 1382 initium
1015 1360 1077 1381 non
1097 1351 1273 1391 cupiditate
1287 1352 1338 1383 vei
1350 1352 1436 1393 odio,

111 1412 127 1427 α
143 1408 216 1439 quae
235 1400 353 1429 inultos
375 1398 536 1429 exercitus
554 1398 586 1428 in
602 1398 798 1429 discordiam
822 1406 913 1437 egere
925 1422 934 1437 ,
956 1407 992 1428 ac
1007 1407 1044 1428 ue
1061 1397 1290 1430 detrectatione
1306 1399 1437 1438 quidem

112 1460 126 1474 ιι
145 1450 197 1478 aul
211 1446 380 1477 formidine
394 1446 605 1485 periculorum
620 1455 627 1475 ε
641 1445 738 1476 nimia
754 1445 852 1485 pictas
866 1447 971 1476 vestra
987 1445 1092 1476 acrius
1105 1455 1201 1485 quam
1221 1444 1435 1478 considerate2

112 1506 126 1520 «
146 1494 312 1525 excitavit.
342 1504 417 1524 uam
437 1502 520 1534 sirpe
546 1494 698 1524 honestas
722 1502 828 1523 reruni
858 1502 991 1533 causas,
1022 1493 1055 1524 ni
1082 1494 1241 1532 judicium
1262 1493 1437 1533 adhibeas,

112 1555 127 1570 «
146 1542 313 1582 perniciosi
333 1542 441 1573 exitus
455 1543 710 1582 consequuntur.
741 1541 827 1571 imus
851 1540 888 1571 ad
907 1541 1037 1572 bellum.
1066 1550 1145 1571 num
1174 1549 1286 1572 omnes
1307 1540 1439 1573 nuntios

112 1603 126 1617 «
146 1590 249 1630 palam
268 1590 391 1628 audiri,
419 1589 529 1620 <annia
555 1589 688 1619 consilia
705 1588 830 1619 cunctis
854 1588 1071 1631 praesentibus
1084 1589 1216 1619 tractari
1235 1589 1316 1619 ratio
1333 1596 1439 1620 rerum

114 1650 129 1664 ι(
148 1639 203 1667 aut
223 1647 269 1667 ο-νι
282 1637 428 1667 asionum
454 1637 606 1667 velocitas
623 1636 764 1675 patitur?
782 1638 847 1666 tam
880 1635 1001 1666 nescire
1027 1635 1177 1675 quaedam
1206 1636 1322 1666 milites
1343 1644 1439 1676 quam

114 1696 129 1711 «
147 1684 228 1715 scire
240 1687 376 1724 oportet.
401 1684 445 1715 ita
464 1692 498 1715 se
515 1683 636 1714 ducum
652 1683 847 1721 auctoritas,
874 1683 920 1713 sic
945 1683 1030 1722 rigor
1057 1683 1237 1723 disciplinae
1267 1683 1380 1722 habet,
1404 1684 1441 1715 ut

115 1743 130 1758 α
149 1731 252 1762 multa
269 1732 366 1763 etiam
384 1731 589 1762 centuriones
610 1729 826 1770 tribunosque
842 1732 968 1761 tantum
984 1729 1090 1769 juberi
1105 1729 1116 1747 ³
1138 1729 1298 1769 expediat.
1315 1730 1340 1761 si
1352 1754 1361 1769 ,
1384 1730 1440 1762 uhi

116 1790 130 1804 ι(
147 1778 334 1817 jubeantur,
356 1787 501 1817 quaerere
526 1778 659 1817 singulis
684 1777 798 1815 liceat,
815 1779 969 1817 pereunte
986 1777 1140 1816 obsequio
1155 1777 1252 1808 etiam
1267 1777 1440 1817 imperium

116 1838 132 1852 ιι
149 1825 320 1856 intercidit.
339 1834 378 1855 an
393 1827 423 1855 et
437 1826 500 1855 illic
517 1827 610 1854 nocte
627 1823 820 1863 intempesta
836 1824 1000 1863 rapientur
1013 1826 1127 1854 arma?
1140 1833 1223 1854 unus
1237 1824 1356 1854 alterve
1371 1831 1439 1863 per-

116 1884 131 1899 «
149 1872 234 1903 ditus
249 1882 284 1903 ac
305 1873 500 1903 temulentus
518 1872 634 1911 (neque
651 1870 736 1902 enim
755 1871 861 1910 plures
883 1870 1143 1901 consternatione
1155 1870 1164 1888 ‘⁴
1184 1871 1333 1910 proxima
1357 1871 1441 1902 insa-

116 1933 132 1948 «
151 1920 238 1952 nisse
252 1921 456 1959 crediderim)
467 1918 664 1950 centurionis
681 1926 718 1949 ac
735 1918 857 1949 tribuni
875 1918 1030 1957 sanguiue
1045 1925 1161 1948 manus
1176 1917 1322 1949 imbuet?
1338 1921 1439 1958 Impe-

116 1980 133 1996 α
151 1968 266 1999 satoris
286 1968 337 1999 sui
356 1967 531 1999 tentorium
547 1967 727 2006 irrumpet?

155 2019 314 2047 LXXXIV.
341 2028 358 2042 ιι
375 2018 438 2046 Vos
454 2015 586 2054 quidem
599 2013 685 2044 istud
700 2021 758 2052 pro
773 2020 825 2043 me
842 2012 847 2028 ¹
872 2021 877 2042 :
897 2011 952 2042 sed
979 2011 1011 2041 in
1035 2011 1182 2042 discursu
1198 2020 1236 2042 ac
1251 2010 1392 2043 tenebris
1408 2010 1440 2041 et

115 2075 132 2090 κ
150 2071 257 2094 rerum
275 2062 420 2093 omnium
438 2061 628 2093 confusione
641 2059 782 2101 patefieri
797 2059 924 2090 occasio
938 2059 1033 2089 etiam
1045 2059 1198 2089 adversus
1215 2067 1266 2089 me
1281 2059 1397 2099 potest.
1413 2056 1440 2089 si

117 2122 133 2137 «
150 2110 280 2142 Vitellio
295 2112 329 2142 et
342 2109 534 2142 satellitibus
547 2109 616 2148 ejus
632 2107 768 2148 eligendi
788 2107 924 2138 facultas
940 2106 1047 2146 detur,
1061 2115 1158 2147 quem
1174 2105 1270 2138 nobis
1279 2107 1438 2143 animum,

146 2221 280 2246 Lxxxn.
307 2225 327 2243 ι.
341 2219 468 2244 cohortis
489 2219 633 2249 praetoriae,
653 2225 677 2243 c.
700 2223 740 2242 28.
754 2231 785 2235 —
797 2222 820 2241 2.
834 2226 846 2238 «
861 2217 913 2246 Qui
929 2218 1042 2241 ahsente
1067 2216 1160 2246 legato
1174 2217 1305 2245 tanquam
1321 2215 1440 2239 vicarius

118 2257 203 2286 ipsius
220 2257 383 2286 potestatem
399 2256 542 2280 maximam
556 2255 704 2282 retinebat,
715 2264 730 2275 υ
748 2254 777 2277 V
776 2254 844 2283 eyet.
859 2253 891 2282 1=l,
901 2258 978 2277 o.—⁵.
994 2252 1189 2282 Propemodum
1206 2251 1322 2280 ¹,ooosr.

147 2292 287 2316 LXXXIII.
299 2298 319 2315 ι.
336 2291 490 2321 Abundant,
503 2293 534 2316 ut
551 2298 574 2315 c.
587 2295 679 2315 sr—oe.
691 2291 734 2314 Sic
748 2290 848 2319 Aqric.
859 2295 883 2313 c.
898 2295 911 2313 4
924 2295 931 2311 :
942 2288 1136 2314 vehementius
1148 2294 1234 2318 quam
1245 2288 1340 2311 caute.
1353 2286 1439 2316 Vulgo

118 2328 172 2352 duo
190 2329 368 2357 comparativi
380 2329 469 2352 solent
481 2328 613 2358 poni.—-5.
627 2325 733 2351 ,subeor
747 2325 819 2350 idem
834 2327 874 2349 est
888 2331 919 2349 ac
930 2343 937 2353 ,
958 2324 1022 2348 mihi
1036 2325 1225 2354 imperatur.—-
1239 2328 1261 2347 4.
1276 2322 1439 2348 contusione

117 2369 218 2391 rerum,
230 2363 358 2387 tumultu.

147 2400 283 2424 LXXXIV.
297 2405 316 2424 ι-
330 2400 370 2424 Sc.
383 2399 492 2424 fecistis.
