1539 2668
527 151 561 180 A.
583 151 621 180 U.
643 151 678 179 C.
703 151 775 180 822.
799 151 836 180 A.
861 152 895 180 C.
919 152 970 181 69.
1347 157 1406 186 363

91 238 108 254 «ι
124 224 187 256 nisi
208 223 290 256 forte
302 222 515 264 Vespasianus
528 222 658 254 altiores
673 222 825 263 spiritus⁴
843 223 931 263 gerat
941 247 950 262 ‚
964 223 1083 255 Vitellii
1101 224 1220 264 cliens,
1239 234 1340 265 quum
1355 228 1405 260 Vi-

91 285 107 300 «
124 272 231 304 tellius
247 269 515 310 collegaciaudio
532 270 614 301 foret
626 270 650 300 ⁵.
670 270 747 310 quin
759 295 767 309 ,
790 272 824 301 ut
841 279 1009 302 censuram
1025 271 1144 310 patris,
1163 275 1198 302 ut
1214 276 1278 304 tres
1294 282 1406 306 consu-

92 319 226 357 «latus,
250 319 286 349 nt
309 320 358 349 tot
377 317 511 356 egregiae
529 316 646 348 domus
667 318 806 349 honores
828 318 977 357 deceret,
995 317 1217 358 desperatione
1239 321 1350 352 saltem
1371 322 1405 353 in

91 379 107 394 «
124 366 290 398 audaciam
319 365 551 405 accingeretur.
590 367 734 404 perstare
766 365 900 397 militem
915 387 923 400 ,
950 374 1116 405 superesse
1142 367 1249 398 studia
1282 369 1403 408 populi.

91 426 106 441 «
124 413 262 453 denique
277 411 355 443 nihil
372 411 512 442 atrocius
527 412 719 443 eventurum
737 422 833 453 quam
854 414 886 445 in
906 413 992 454 quod
1007 415 1119 453 sponte
1139 416 1244 445 ruant.
1265 416 1403 447 morien-

89 475 104 487 «
121 460 198 492 dtun
214 459 323 498 victis,
339 458 539 489 moriendum
556 459 673 491 deditis
688 469 696 490 :
713 460 743 491 id
761 461 864 492 solum
881 462 1009 499 referre,
1026 462 1240 493 novissimum
1255 463 1404 502 spiritum

89 518 104 534 n
122 516 179 548 per
193 505 373 538 ludibrium
390 508 421 537 et
439 507 650 538 contumelias
667 507 836 539 effundant
852 517 890 539 an
910 517 965 549 per
980 508 1145 540 virtutem.
1161 522 1175 536 »

126 557 247 586 LXVII.
271 553 382 585 Surdae
398 553 439 584 ad
458 554 554 585 fortia
571 554 705 586 consilia
728 555 853 587 Vitellio
869 565 974 589 aures.
988 555 1186 587 obruebatur
1199 556 1325 587 animus
1342 555 1404 587 mi-

86 601 246 634 seratione
270 610 433 640 curaque,
461 611 502 633 ne
531 603 749 642 pertinacibus
774 604 873 635 armis
900 604 1007 635 minus
1031 605 1221 644 placabilem
1246 604 1403 635 victorem

85 648 280 690 relinqueret
298 650 424 690 conjugi
443 659 481 681 ac
499 649 620 682 liberis.
647 655 713 682 erat
730 651 776 683 illi
795 655 826 684 et
844 653 925 683 fessa
940 654 1035 684 aetate
1055 661 1185 692 parens;
1204 660 1276 692 qnae
1294 653 1404 684 tamen

84 696 196 738 paucis
221 698 296 728 ante
322 697 436 729 diebus
459 701 642 738 opportuna
666 701 771 731 morte
794 700 957 731 excidium
982 700 1099 731 domus
1124 700 1294 740 praevenit.
1325 698 1403 730 nibil

84 745 262 785 principatu
280 745 336 776 filii
358 747 504 776 assecuta
525 745 587 776 nisi
613 746 734 777 luctum
758 749 789 778 et
810 748 926 778 bonam
953 748 1070 778 famam
1086 748 1108 778 ¹.
1135 747 1254 785 Quinto
1278 746 1403 777 decimo

84 791 236 824 kalendas
252 792 541 824 Januariasaudita
558 793 740 825 desectione
755 795 886 834 legionis
904 795 1152 835 cohortiumque
1164 819 1172 834 ‚
1191 803 1265 834 qnae
1277 803 1310 824 se
1323 797 1402 824 Nar-

84 840 146 872 niae
168 839 375 879 dediderant,
395 840 484 880 pullo
505 841 623 872 amictu
642 843 760 881 palatio
780 843 982 882 degreditur,
1000 848 1111 873 incesta
1134 843 1253 873 circum
1271 840 1401 872 familia.

82 888 179 920 simul
195 889 355 920 ferebatur
368 887 516 919 lecticula
533 890 686 928 parvulus
698 890 794 929 filius,
807 890 895 921 velut
910 891 941 921 in
956 891 1121 922 funebrem
1133 899 1293 930 pompam.
1306 895 1401 920 voces

81 935 189 975 populi
205 935 329 966 blandae
343 937 375 966 et
391 934 643 975 intempestivae;
659 937 749 969 miles
767 938 884 968 minaci
899 937 1040 968 silentio.

121 987 256 1016 LXVIII,
281 987 344 1014 Nec
370 983 543 1022 quisquam
560 984 639 1016 adeo
659 994 767 1016 rerum
791 984 1005 1016 humanarum
1028 984 1199 1015 immemor
1221 992 1316 1024 quem
1336 991 1401 1014 non

80 1032 302 1064 commoveret
323 1029 376 1061 illa
399 1029 514 1071 facies,
539 1035 719 1063 Romanum
745 1033 925 1072 Principem
948 1035 979 1064 et
1002 1032 1126 1072 generis
1147 1031 1276 1062 humani
1294 1029 1401 1070 paullo

80 1082 154 1111 ante
168 1079 357 1117 dominum,
372 1077 481 1108 relicta
496 1078 633 1110 fortunae
648 1089 715 1111 snae
731 1080 807 1112 sede
818 1105 826 1119 ‚
844 1089 900 1120 per
917 1080 1071 1120 populum
1083 1104 1091 1118 ,
1110 1088 1165 1119 per
1179 1079 1298 1110 Urbem
1314 1077 1401 1109 exire

80 1127 121 1158 de
135 1125 283 1165 imperio.
303 1124 382 1155 nihil
402 1124 464 1154 tale
478 1124 647 1165 viderant,
663 1126 744 1157 nibil
765 1127 943 1158 audierant.
962 1127 1127 1166 repentina
1142 1127 1190 1157 vis
1209 1126 1401 1157 dictatorem

80 1177 238 1206 Caesarem
252 1174 474 1212 oppresserat,
495 1173 631 1203 occultae
645 1173 758 1204 Caium
777 1173 919 1212 insidiae;
937 1183 999 1204 nox
1015 1176 1045 1205 et
1062 1174 1207 1213 ignotum
1224 1181 1280 1203 rus
1296 1173 1400 1211 fugam

80 1220 215 1253 Neronis
232 1219 491 1258 absconderant;
515 1220 588 1250 Piso
605 1221 637 1251 et
653 1221 748 1252 Galba
766 1223 930 1261 tamquam
954 1221 986 1251 in
1012 1221 1079 1252 acie
1104 1220 1258 1251 cecidere.
1284 1221 1317 1251 in
1342 1227 1400 1250 sua

81 1267 236 1299 concione
258 1267 424 1306 vitellius,
446 1267 529 1299 inter
557 1276 633 1299 suos
656 1269 775 1300 milites
789 1293 797 1308 ,
826 1268 1106 1309 prospectantibus
1127 1269 1223 1300 etiam
1253 1266 1398 1308 seminis,

79 1324 186 1358 pauca·
197 1317 229 1345 et
242 1315 392 1354 praesenti
416 1315 579 1346 moestitiae
595 1316 803 1353 congruentia
819 1317 963 1355 lot-ntus,
978 1316 1095 1347 cedere
1114 1324 1148 1346 se
1164 1317 1262 1355 pacis
1287 1318 1321 1346 et
1337 1316 1400 1346 νεὶ-

73 1364 226 1407 publicae
242 1370 368 1400 causa5
385 1363 572 1392 retinerent
590 1363 725 1393 lantum
740 1365 936 1393 memoriam
955 1365 1027 1401 sui,
1037 1363 1262 1402 fratremque
1277 1364 1310 1393 et
1324 1370 1397 1394 con-

70 1413 190 1454 juqem
203 1411 238 1440 et
257 1409 437 1440 innooeiam
453 1407 639 1439 liberorum
655 1411 795 1441 (etatem
812 1411 1088 1448 φηίεεναιϊήῖιιη
1105 1410 1199 1441 simul
1216 1410 1316 1440 filium
1330 1418 1400 1450 pro-

77 1458 212 1492 tendens
223 1481 235 1495 ‚.
254 1455 354 1487 modo
375 1455 529 1495 singulis,
549 1456 646 1486 modo
670 1456 832 1489 universis
851 1458 1105 1497 commendans,
1133 1460 1296 1497 postremo
1321 1457 1398 1489 fletu

77 1505 296 1548 praepediente
314 1502 477 1534 assistenti
491 1502 614 1534 consuli
631 1503 792 1543 (Caecilius
814 1506 952 1545 Simplex
972 1506 1052 1545 erat)
1067 1506 1250 1536 exsolutum
1269 1514 1286 1535 a
1301 1505 1399 1537 latere

78 1553 267 1595 pugionem,
280 1551 370 1582 velut
383 1550 436 1589 jus
451 1550 540 1582 necis
556 1550 696 1591 vitaeque
713 1552 833 1583 cixium
848 1577 856 1591 ,
871 1552 1032 1583 reddebat.
1052 1556 1239 1592 aspernante
1254 1552 1397 1592 consule,

78 1598 326 1634 reclamantibus
340 1597 395 1637 qui
409 1598 441 1628 in
455 1598 609 1629 concione
622 1598 812 1639 astiterant,
832 1603 866 1631 ut
880 1601 912 1631 in
927 1600 994 1631 aede
1008 1599 1212 1631 Concordiae¹
1236 1600 1397 1640 positurus

77 1647 213 1688 insignia
230 1644 355 1685 imperii
372 1645 571 1685 domumque
594 1645 701 1677 fratris
724 1647 882 1687 petiturus
903 1648 1061 1684 discessit.
1086 1647 1187 1686 major
1202 1647 1255 1678 hic
1278 1648 1397 1678 clamor

77 1693 307 1727 obsistentium
333 1693 502 1732 penatibus
523 1692 678 1734 privatis,
705 1695 738 1725 2'71
764 1695 941 1735 palatium
965 1695 1161 1727 vocantium
1188 1694 1397 1726 interclusum

78 1742 166 1775 aliud
186 1741 259 1779 iter,
276 1741 372 1779 idque
384 1741 491 1772 solum
509 1741 595 1781 quod
607 1743 641 1773 in
651 1751 781 1773 sacram
797 1744 882 1774 viam
897 1742 908 1760 ²
926 1747 1069 1785 pergeret
1082 1743 1219 1784 patebat.
1238 1744 1307 1774 tum
1325 1750 1398 1774 con-

77 1789 137 1822 silii
152 1789 244 1829 inops
259 1788 293 1819 in
306 1787 461 1827 palatium
478 1788 586 1819 rediit.
603 1792 802 1829 praevenerat
819 1799 931 1821 rumor
943 1792 1076 1831 ejurari
1093 1791 1134 1822 ab
1149 1799 1185 1822 eo
1200 1791 1394 1830 imperium,

77 1838 313 1876 scripseratque
327 1835 454 1867 Flavius
467 1836 603 1867 Sabinus
637 1836 798 1867 oum-tium
816 1837 954 1868 tribunis
970 1840 1010 1869 ut
1028 1838 1171 1869 militem
1188 1836 1394 1867 cohiberent.

117 1887 220 1917 LXIX.
245 1882 345 1920 Igitur
362 1885 647 1922 tamquam-onmis
663 1883 847 1922 respublica
865 1884 897 1913 in
908 1884 1093 1924 Vespasiani
1111 1884 1216 1915 sinum
1230 1883 1395 1921 cessisset,

78 1932 234 1973 primores
253 1932 381 1960 senatus
396 1931 427 1960 et
442 1929 582 1970 plerique
596 1929 753 1969 equestris
770 1929 890 1960 ordinis
906 1930 1076 1970 omnisque
1094 1930 1186 1961 miles
1204 1929 1345 1960 urbanus
1364 1929 1398 1960 et

77 1978 191 2018 vigiles
206 1977 340 2008 domum
358 1976 459 2008 Flavii
478 1975 585 2007 Sabini
609 1976 823 2016 complevere.
847 1976 924 2007 illuc
945 1977 985 2008 de
1006 1976 1124 2008 studiis
1146 1976 1232 2016 vulgi
1253 1978 1284 2007 et
1300 1975 1396 2007 minis

78 2024 339 2058 Germanicarum
356 2025 538 2056 cohortium
555 2026 560 2041 ¹
583 2025 728 2056 affertur.
747 2025 873 2064 longius
887 2026 952 2063 jam
966 2033 1150 2064 progressus
1165 2026 1231 2055 erat
1249 2031 1345 2063 quam
1360 2023 1398 2054 ut

78 2072 211 2114 regredi.
225 2075 350 2112 posset,
374 2073 409 2103 et
429 2081 488 2103 suo
508 2073 647 2113 quisque
664 2074 771 2111 metu,
795 2081 835 2103 ne
853 2071 1004 2112 diSJectos
1021 2080 1122 2111 eoque
1143 2071 1250 2102 minus
1270 2070 1394 2101 validos

77 2164 234 2195 impetrare,
246 2165 368 2194 possent.
383 2177 412 2181 —
425 2170 447 2189 4.
463 2164 630 2189 Nobirorem
648 2164 776 2189 animum.
788 2165 914 2189 Ceterum
929 2164 1037 2188 constat
1054 2168 1106 2187 nec
1123 2164 1254 2187 caesarem
1273 2168 1324 2186 nec
1342 2165 1394 2187 Au-

79 2200 186 2229 gustum
199 2199 312 2229 jussisse
326 2199 414 2224 occidi
428 2200 606 2228 adversarios,
622 2200 718 2229 quibus
732 2201 824 2224 tamen
841 2205 922 2223 causa
940 2199 1035 2224 mortis
1055 2200 1197 2223 ‹arante-5.
1212 2199 1294 2222 Pater
1310 2198 1393 2224 Vitel-

79 2233 218 2258 fficensor
234 2236 264 2258 et
275 2234 317 2258 bis
328 2235 533 2259 cmsuiatuemt
546 2241 608 2259 cum
621 2235 746 2261 Claudio.

108 2269 210 2292 LXVll.
222 2270 328 2294 ¹.Conf.
344 2276 423 2300 supra
438 2271 471 2299 ll,
482 2276 519 2299 ⁶⁴,
531 2272 645 2295 sueton.
658 2277 681 2294 c.
697 2275 732 2294 ¹4.

108 2303 220 2327 valll.
235 2309 254 2327 1.
269 2305 298 2328 ln
312 2311 364 2334 qua
377 2307 487 2330 senatus
497 2306 592 2330 haberi
605 2306 721 2336 solebat,
732 2305 766 2330 ad
780 2305 844 2330 clivi
854 2305 996 2336 Capitolini
1006 2305 1198 2330 radicem—2.
1216 2304 1267 2329 Per
1278 2308 1359 2333 quam
1374 2308 1387 2328 a

78 2336 137 2362 foro
151 2337 178 2361 in
188 2338 318 2368 palatium
330 2340 430 2364 ibatur.

108 2372 200 2397 Lxlx.
216 2378 236 2397 ι.
249 2374 479 2405 Praetorianarum‚
496 2382 524 2401 v.
540 2376 573 2406 11,
587 2381 623 2400 93-
