1539 2668
100 180 156 211 104
490 179 622 208 TACITI
646 177 855 207 ANNALIUM
877 179 949 207 LIB.
974 178 1027 206 lv.

98 256 250 286 Lentulus
275 254 448 286 senectutis
465 255 617 285 extremm
629 276 637 291 ,
655 251 781 283 Tubero
804 251 929 282 desecto
946 258 1097 290 corpore,
1114 250 1273 281 tumultus
1295 249 1419 281 hostilis

98 308 129 336 et
145 305 313 336 turbandae
330 304 514 344 reipublicae
533 305 782 334 accerserentur.
800 301 857 333 sed
873 301 907 332 hi
922 300 1053 341 quidem
1071 300 1181 331 statim
1202 300 1341 340 exempti
1360 309 1367 330 τ
1386 300 1419 331 iu

99 355 221 392 patrem
235 361 275 383 ex
291 352 393 382 servis
407 350 579 390 quaesitum
589 374 597 389 ,
612 351 644 381 et
661 349 797 389 quaestio
810 349 942 379 adversa
956 347 1130 378 accusatori
1148 347 1220 378 fuit.
1233 347 1289 386 qui
1304 347 1420 378 scelere

97 408 211 431 vecors
222 423 230 438 ‚
244 398 340 429 simul
355 397 441 437 vulgi
459 405 586 427 rumore
599 396 740 435 territus,
754 395 860 426 robur
874 395 881 412 ¹
897 397 930 426 et
945 396 1144 426 saxumaut
1162 392 1420 429 parricidarum

95 454 215 485 peenas
231 444 242 462 ²
258 444 476 475 minitantium
488 468 496 482 ,
518 442 614 474 cessit
628 441 724 473 Urbe.
740 450 776 473 ac
793 442 950 473 retractus
976 445 1126 472 Ravenna
1145 440 1275 480 exsequi
1291 447 1421 470 accusa-

97 492 220 523 tionem
248 491 398 530 adigitur,
414 499 479 521 non
503 490 685 520 occultante
708 489 832 520 Tiberio
851 490 945 520 vetus
970 488 1081 519 odium
1104 487 1255 518 adversus
1278 485 1421 517 exsulem

98 542 263 570 Serenum.
282 546 356 568 nam
372 539 443 577 post
456 537 644 567 damnatum
660 535 810 567 Libonem
827 535 934 566 missis
951 534 992 565 ad
1005 539 1161 566 Caesarem
1178 534 1290 565 litteris
1306 541 1417 572 expro-

98 585 246 616 braverat
274 593 377 616 suum
408 586 546 616 tantum
571 582 726 614 studium
759 584 831 614 sine
855 582 986 622 fructu
1009 581 1123 621 fuisse
1140 581 1166 620 ³,
1193 580 1422 620 addideratque

97 632 247 671 quaedam
261 631 485 662 contumacius
503 639 599 670 quam
617 631 722 661 tutum
739 630 931 670 apurkaures
950 628 1105 668 superbas
1119 629 1151 659 et
1165 627 1335 658 offensioni
1351 635 1422 666 pro-

98 678 215 709 niores.
235 687 272 710 ea
286 681 392 710 Caesar
405 679 478 708 octo
494 679 567 717 post
583 685 683 707 annos
699 676 827 715 retulit,
851 675 995 707 medium
1018 677 1147 715 tempus
1163 674 1250 705 varie
1263 681 1398 713 arguens
1411 696 1420 712 ,

97 725 225 756 etiamsi
242 727 402 755 tormenta
416 723 594 764 pervicacia
611 732 779 754 servorum
796 723 908 755 contra
924 722 1120 754 evenissent.

138 775 228 802 XXX.
253 771 353 802 Dictis
370 771 443 802 dein
469 770 651 809 sententiis,
667 772 707 801 ut
723 772 868 801 Serenus
891 778 984 801 more
1005 769 1178 808 majorum
1194 768 1380 808 puniretur
1397 766 1421 804 ¹,

97 827 163 858 quo
189 818 328 849 molliret
354 817 531 856 invidiam,
556 817 748 852 intercessit.
775 817 881 848 Gallus
901 817 1029 848 Asinius
1052 818 1168 856 Gyaro
1191 816 1255 845 aut
1280 816 1422 845 Donusa

97 864 332 896 <ffundendum
354 872 455 904 quum
472 865 632 903 censeret,
660 863 691 894 id
711 872 838 903 quoque
854 864 1042 903 aspernatus
1063 866 1134 901 est,
1159 869 1299 901 eyenam
1321 867 1425 900 aquoe

97 913 285 952 ulrczmque
302 911 456 942 insulam
481 911 619 941 reserens
631 933 639 948 ,
656 909 860 950 dandosque
876 912 958 941 vita:
974 918 1078 949 usus,
1100 910 1156 940 cui
1172 910 1246 939 vita
1262 905 1422 938 concede-

97 962 207 990 Τοίην.
232 958 275 989 ita
288 961 423 989 serenus
440 960 616 996 Amorgum
633 958 824 997 reportatur.
841 960 876 988 Et
893 957 968 996 quia
979 958 1142 988 Cornutus
1155 964 1214 986 sua
1229 963 1328 984 manu
1343 952 1423 984 ceci-

97 1005 210 1043 derat,
234 1006 342 1035 actum
361 1004 402 1035 de
414 1006 573 1043 praemiis
599 1003 859 1034 accusator-mm
880 1003 1059 1035 abolendis
1071 1027 1081 1042 ,
1099 1004 1126 1033 sz'
1143 1004 1220 1042 quis
1231 1001 1424 1039 majestatis

96 1053 295 1091 postulatus
313 1053 393 1082 ante
407 1051 601 1091 perfectum
610 1050 784 1089 judicium
796 1059 830 1081 se
844 1053 914 1090 ipse
931 1052 1005 1081 vila
1017 1050 1237 1090 priv-auisset.
1253 1047 1425 1086 ibaturque

98 1100 130 1130 iu
145 1108 213 1130 eam
232 1098 423 1129 sententiam
434 1122 442 1135 ,
460 1098 493 1128 ni
517 1097 629 1128 durius
645 1099 822 1136 contraque
839 1106 960 1127 morem
981 1106 1078 1127 suum
1089 1121 1097 1135 ,
1114 1096 1220 1136 palam
1245 1103 1304 1134 pro
1328 1103 1424 1126 accu-

98 1145 272 1184 satoribus,
291 1149 396 1176 Caesar
414 1146 535 1175 irritas
559 1144 658 1183 leq-03,
677 1143 927 1182 rempublicam
951 1145 986 1174 in
1010 1141 1207 1183 proecipiti³
1229 1142 1423 1180 conquestus

97 1195 181 1223 esset
199 1201 206 1222 :
224 1191 465 1222 subverterent
480 1192 592 1229 potius
602 1190 692 1229 J'ura
711 1198 817 1229 quam
833 1189 988 1220 custodes
1010 1197 1128 1220 eorum
1148 1190 1353 1219 amoverent.
1379 1188 1425 1219 sic

98 1239 272 1276 delatores,
302 1246 400 1277 genus
425 1237 593 1267 hominum
615 1235 743 1276 publico
773 1237 871 1267 exitio
897 1238 1059 1276 repertum
1087 1238 1120 1267 et
1137 1235 1241 1276 poenis
1264 1234 1392 1275 quidem
1408 1234 1420 1252 ⁶

98 1293 263 1325 nunquam
287 1284 363 1315 satis
382 1284 558 1314 coercitum
571 1307 579 1322 ,
603 1291 659 1322 per
678 1283 809 1322 przrniia
829 1282 1049 1313 eliciebantur.

140 1336 244 1363 XXXI.
269 1332 325 1362 His
338 1334 404 1362 tam
420 1330 556 1361 assiduis
570 1333 701 1369 tamque
720 1330 842 1360 incestis
858 1329 983 1360 modica
997 1329 1110 1360 lretitia
1124 1328 1423 1369 interjicitur,quod

98 1383 132 1410 (ἶ.
152 1379 352 1416 Cominium,
383 1377 524 1416 equitem
551 1380 750 1415 Romanum,
768 1376 913 1416 probrosi
935 1378 967 1406 in
988 1384 1021 1406 se
1038 1376 1188 1406 carminis
1216 1376 1401 1406 convictum
1414 1399 1423 1413 ,

99 1432 204 1457 Ca¹sar
230 1424 381 1465 precibus
411 1423 538 1461 fratris,
561 1423 617 1463 qui
638 1425 765 1454 senator
788 1426 856 1453 crat
871 1447 879 1461 ,
904 1423 1072 1453 concessit.
1098 1431 1161 1462 quo
1179 1423 1281 1461 magis
1304 1423 1422 1454 mirum

99 1472 287 1509 habebatur,
309 1479 443 1510 gnarum
461 1469 631 1500 meliorum
649 1471 680 1500 et
705 1478 778 1509 quae
812 1470 896 1499 fama
920 1470 1123 1500 clementiam
1141 1471 1339 1508 sequeretur,
1363 1471 1424 1500 tri-

99 1520 198 1549 stiora
215 1518 319 1548 malle.
338 1526 442 1557 neque
464 1516 550 1546 enim
570 1516 715 1546 socordia
732 1516 902 1556 peccabat3
916 1525 974 1547 nec
993 1516 1153 1546 occultum
1169 1517 1218 1546 est
1237 1516 1365 1555 quando
1384 1525 1424 1547 ex

98 1566 249 1604 veritate,
268 1563 397 1604 quando
413 1562 604 1594 adumbrata
621 1563 729 1593 laetitia
746 1563 829 1594 facta
847 1565 1081 1603 Imperatorum
1104 1562 1316 1593 celebrantur.
1346 1563 1423 1602 quin

101 1616 187 1654 ipse,
211 1611 408 1651 compositus
426 1610 433 1628 ¹
454 1610 533 1641 alias
549 1610 582 1640 et
598 1609 686 1640 velut
702 1609 913 1642 eluctantium
931 1610 1103 1640 verborum
1116 1633 1124 1647 ‚
1152 1609 1288 1640 solutius
1314 1618 1422 1649 prom·

98 1663 248 1704 ptiusque
275 1660 495 1700 eloquebatur,
523 1658 650 1699 quoties
677 1659 864 1690 subveniret
879 1659 904 1689 ².
920 1661 960 1690 At
988 1663 1022 1689 P.
1044 1659 1198 1697 Suilium,
1228 1661 1422 1698 quaestorem

99 1709 263 1749 quondam
280 1707 476 1745 Germanici,
490 1714 590 1746 quum
614 1706 704 1736 Italia
721 1707 881 1737 arceretur
899 1705 910 1723 ³
929 1706 1096 1736 convictus
1111 1705 1281 1745 pecuniam
1299 1705 1422 1737 obrem

97 1755 303 1797 judicandam
317 1753 456 1794 cepisse,
472 1752 700 1785 amovendum
713 1754 747 1783 in
765 1753 917 1784 insulam
931 1752 1074 1789 censuit,
1103 1755 1193 1782 tanta
1219 1752 1424 1783 contentione

99 1803 215 1841 animi,
233 1804 270 1832 ut
285 1803 316 1833 et
329 1800 466 1840 Jurando
490 1799 704 1838 obstringeret
719 1799 729 1817 ⁴
751 1808 767 1831 e
783 1800 961 1839 republica
976 1798 1012 1829 id
1027 1807 1107 1829 esse.
1130 1797 1216 1838 quod
1241 1806 1348 1838 aspere
1373 1808 1424 1831 ac-

99 1852 228 1889 ceptum
242 1848 283 1879 ad
298 1856 438 1888 praesens
453 1871 461 1885 ,
486 1856 560 1877 mox
586 1846 619 1876 iu
645 1847 774 1878 laudem
800 1847 916 1885 vertit',
935 1854 1075 1885 regresso
1092 1845 1191 1877 Suilio
1210 1854 1329 1885 :quem
1343 1845 1427 1877 vidit

99 1905 236 1936 sequens
260 1897 338 1926 aetas
365 1896 617 1934 praepotentem,
635 1893 799 1932 venalem,
816 1895 848 1924 et
877 1892 1000 1923 Claudii
1026 1892 1179 1932 principis
1202 1892 1343 1923 amicitia
1367 1892 1424 1924 diu

99 1951 266 1983 prospere,
285 1950 449 1981 nunquam
467 1940 546 1971 bene
569 1949 673 1972 usum.
704 1940 819 1971 Eadem
836 1948 930 1979 poena
947 1939 978 1970 in
995 1942 1107 1970 Catum
1123 1939 1277 1970 Firmium
1299 1941 1423 1970 senato·

102 1999 165 2020 rem
182 1989 521 2028 statuit.ur‚tanquam
530 1987 639 2026 falsis
650 1987 843 2027 majestatis
857 1987 1056 2018 criminibus
1072 1994 1225 2017 sororem
1231 1988 1421 2026 petivisset.

100 2038 196 2067 (zatus
209 2061 217 2076 ,
233 2038 269 2066 ut
288 2035 383 2067 retuli
399 2035 426 2074 ⁵,
451 2035 601 2065 Libonem
618 2034 763 2066 illexerat
780 2033 924 2073 insidiis,
951 2033 1067 2064 deinde
1096 2032 1215 2063 indicio
1230 2033 1422 2072 perculerat.

127 2146 225 2169 XXIX.
239 2149 259 2167 i.
273 2143 483 2172 Sc.Tullianum,
494 2144 566 2173 quod
579 2143 724 2172 descripsit
736 2143 878 2167 Sallustius
892 2141 968 2165 Catil.
982 2147 1004 2165 c.
1016 2147 1061 2169 5⁵3
1079 2146 1174 2165 carcer
1190 2140 1383 2164 subterraneus
1395 2140 1422 2164 in

99 2180 168 2204 clivo
193 2178 343 2208 Capitolino
356 2184 370 2201 e
387 2180 497 2206 regione
516 2179 575 2206 fori,
593 2180 619 2202 iu
636 2185 689 2208 quo
709 2177 883 2202 condemnati
902 2177 1141 2206 percutiebantur;
1168 2175 1313 2199 hodienum
1333 2176 1422 2200 exstat

100 2215 150 2238 sub
168 2214 281 2238 ccclesia
297 2214 370 2236 dicta
386 2214 443 2236 San
458 2214 555 2237 metro
568 2214 597 2237 ιή
611 2219 734 2238 carcere.
755 2214 874 2241 Saxum,
889 2217 928 2235 se.
943 2212 1096 2241 Tarpeium.
1109 2223 1138 2227 —
1148 2215 1168 2233 2.
1194 2210 1251 2242 Qui
1271 2212 1422 2239 parentem

102 2250 232 2278 necessit,
243 2252 331 2278 caput
347 2248 489 2278 obnubito,
502 2249 637 2278 culeoque
651 2250 766 2274 insutus
781 2249 811 2273 in
821 2247 1015 2278 profluentem
1033 2247 1180 2276 merm‘tor,
1204 2247 1254 2270 Lex
1270 2246 1319 2269 ΧΠ
1338 2245 1422 2270 tabul.

102 2291 166 2309 —5.
186 2286 223 2308 De
235 2284 274 2307 lus
288 2284 360 2312 v.1l,
378 2289 414 2307 50.

131 2320 216 2344 xxx.
236 2325 253 2342 ι.
270 2318 301 2341 V.
313 2318 347 2341 ad
362 2319 397 2347 ll,
408 2323 436 2342 32
455 2319 498 2342 fin.
511 2332 537 2335 —-
551 2324 571 2341 2.
587 2319 715 2348 Quartam
739 2320 843 2349 partem
863 2317 997 2342 bonorum
1018 2316 1219 2346 publicatorum
1240 2315 1421 2344 accipiebant.

102 2355 176 2379 Cous.
190 2361 212 2378 c.
229 2360 266 2382 ¹20,
280 2355 336 2376 not.
351 2359 372 2377 3.
390 2367 417 2370 »-
428 2359 452 2377 5.
469 2355 511 2377 Sc.
530 2359 597 2381 csse,
616 2355 728 2378 versari.
739 2367 770 2371 —
785 2359 806 2377 ⁴.
821 2355 864 2377 Sc.
883 2352 1054 2377 falsiindicii.

132 2390 226 2414 xxxi.
247 2394 269 2413 i.
287 2389 353 2412 Cum
367 2390 426 2413 arte
443 2390 470 2412 ct
483 2389 654 2412 simulatione
677 2389 798 2419 loquens.
809 2393 872 2413 —2.
890 2389 933 2412 Sc.
952 2388 1089 2411 accusato.
1107 2399 1137 2404 —
1148 2392 1170 2410 s.
1184 2387 1226 2410 Sc.
1247 2386 1424 2410 senatuscon-

102 2426 183 2449 sulto.
194 2438 221 2442 —
233 2429 254 2448 ⁴.
267 2424 432 2449 Allirmaret.
443 2437 471 2442 —
483 2430 506 2448 5.
523 2424 554 2453 11,
565 2429 593 2448 2⁷
608 2429 677 2454 seqq.
