1539 2668
547 79 584 108 Aa,
608 78 652 108 Ui
669 78 706 107 C·
723 77 804 108 ‚8222
824 78 919 108 A..c.
941 79 995 109 ⁶9.
1371 82 1434 113 323

112 153 420 192 sempe-§iteritatis
436 149 546 183 cura.²
570 151 604 182 et
621 150 779 190 abruptis
795 152 881 183 vicoe
895 150 1152 184 blandimentis.
1170 151 1248 184 hinc
1262 153 1433 187 admiratio

111 199 256 240 etplura
276 197 498 238 interrogandi
522 197 647 238 pudor‚·
673 200 771 237 atque
793 197 940 230 omnium
966 197 1068 230 animi
1091 197 1125 228 in
1149 198 1432 232 Vitellium-incli-

111 254 240 277 navere.

152 296 229 325 LIV.
256 292 414 324 Intererat
429 291 570 323 consiliis
585 291 686 322 frater
703 290 775 330 ejus
791 294 825 322 L.
843 290 994 323 Vitellius
1005 315 1014 331 ‚
1031 299 1130 331 seque
1143 290 1211 330 jam
1227 292 1433 327 adulantibus

110 338 289 378 offerebat,
314 347 416 378 quum
442 339 572 378 repente
596 340 713 369 Coenus
735 337 868 369 libertus
889 337 1025 370 Neronis
1046 338 1149 369 atroci
1172 339 1338 371 mendacio
1364 343 1433 374 uni-

110 394 220 417 versos
238 386 394 426 perculit,
412 384 580 416 affirmans
595 387 807 424 superventu
823 384 1105 425 quartaedecimae
1127 385 1286 427 temonis,
1300 388 1434 426 Junctis

109 440 132 462 α
153 433 311 464 Brixello
330 432 481 472 viribus,
495 440 596 463 caesos
610 432 753 462 victores
765 455 774 471 ‚
793 440 931 463 versam
940 433 1102 472 partium
1110 431 1313 471 fortunam.
1338 443 1434 467 causa

108 478 251 519 fingendi
272 479 332 510 fuit
356 480 390 509 ut
416 477 613 518 diplomata¹
633 478 773 509 Othonis
787 502 795 517 ‚
813 487 885 518 quae
901 478 1159 518 negligebantur,
1181 479 1304 512 laetiore
1319 482 1434 513 nuntio

108 525 351 556 revalescerent.
366 526 399 555 et
413 528 532 556 Coenus
545 524 678 564 quidem
696 525 806 564 rapide
822 524 854 555 in
871 525 991 556 Urbem
1011 527 1125 556 vectus
1140 534 1261 566 paucos
1276 531 1350 567 post
1365 528 1433 560 dies

104 571 198 611 jussu
213 571 332 602 Vitellii
348 580 459 611 poenas
473 571 546 602 luit.
561 573 748 603 senatorum
766 571 946 612 periculum
961 574 1107 612 auctum,
1121 573 1327 605 credentibus
1340 575 1435 608 Otho-

106 617 210 649 nianis
225 618 383 650 militibus
402 627 476 649 vera
496 627 566 650 esse
580 627 654 658 quae
668 618 896 649 afferebantur.
918 618 1109 651 intendebat
1125 619 1329 652 formidinem
1347 622 1435 662 quod

106 664 228 704 publici
253 665 381 696 consilii
410 664 493 696 facie
519 664 699 696 discessum
721 666 844 696 Mutina
866 665 1071 706 desertaeque
1094 670 1202 706 partes
1228 668 1344 700 forent.
1374 677 1434 701 nec

107 711 192 743 ultra
205 712 240 742 in
257 721 433 744 commune
451 713 615 752 congressi
630 712 690 743 sibi
706 713 844 753 quisque
860 712 1029 744 consulere
1041 736 1051 752 ,
1069 712 1174 745 donec
1185 715 1294 746 missae
1307 725 1325 746 a
1338 715 1435 749 Fabio

106 759 240 790 Valente
255 759 402 799 epistolae
419 760 586 791 demerent
603 762 739 791 metum.
759 762 791 791 et
815 768 902 791 mors
924 759 1064 791 Othonis
1087 769 1154 801 quo
1176 760 1377 804 laudabilior,
1396 772 1434 795 eo

104 804 250 836 velocius
264 805 384 836 audita.

144 854 206 883 LV.
227 854 267 883 At
281 856 392 883 Romae
408 851 485 883 nibil
499 850 742 892 trepidationis3
757 852 899 883 Cereales
915 852 1001 883 ludi¹
1022 860 1062 883 ex
1088 860 1177 884 more
1190 854 1431 893 spectabantur.

104 900 140 930 ut
153 898 308 930 cessisse²
330 899 517 938 Othonem,
539 900 572 930 et
590 907 613 930 a
632 899 755 930 Flavio
771 898 895 930 Sabino
908 898 1082 938 praesecto
1107 899 1227 940 Urbis,
1243 902 1333 941 quod
1354 906 1434 936 erat

102 948 137 977 in
159 945 245 977 Urbe
264 946 438 986 miluum,
454 947 673 977 sacramento
696 945 823 977 Vitellii
838 945 1005 977 adactum
1028 946 1108 977 certi
1130 949 1280 979 auctores
1296 948 1329 978 in
1343 950 1433 982 tliea-

102 993 186 1022 trum
203 993 399 1032 attuleruut,
420 993 555 1025 Vitellio
579 993 743 1032 plausere3
764 992 903 1032 populns
922 1001 996 1023 cum
1014 992 1104 1024 lauru
1122 1002 1161 1024 ac
1176 993 1309 1025 floribus
1326 997 1433 1030 Galbae

100 1037 260 1078 imagines
275 1040 400 1071 circum
418 1039 538 1079 templa
557 1039 652 1078 tulit,
670 1039 834 1078 congestis
857 1039 889 1070 in
910 1039 1044 1070 modum
1061 1040 1181 1071 tumuli
1198 1043 1327 1073 coronis
1340 1043 1434 1081 Juxta

100 1085 209 1117 lacum
226 1087 352 1127 Curtii,
369 1095 465 1127 quem
484 1086 592 1117 locum
613 1086 713 1118 Galba
730 1086 869 1117 moriens
885 1086 1040 1126 sanguine
1056 1086 1245 1118 infecerat-³.
1268 1088 1300 1119 in
1317 1093 1431 1121 senatu

101 1134 217 1164 cuncta
229 1133 334 1170 longis
347 1133 483 1164 aliorum
499 1132 733 1173 principatibus
746 1133 925 1172 composita
943 1133 1053 1164 statim
1068 1133 1296 1165 decernuntur.
1312 1136 1432 1168 additae

100 1188 185 1220 erqa
212 1181 432 1212 Gernmm'cos
459 1182 632 1212 exercitus
659 1179 781 1210 laudes
806 1181 1010 1220 qratesque,
1037 1181 1069 1210 et
1092 1180 1191 1211 missa
1215 1180 1330 1220 legatio
1358 1192 1432 1223 quae

100 1225 218 1266 gaudio
241 1226 467 1265 fungeretur&
491 1227 635 1258 recitata:
658 1226 743 1257 Fabii
762 1226 902 1256 Valentis
919 1225 1063 1266 epistolae
1079 1226 1120 1257 ad
1137 1226 1287 1258 consules
1303 1231 1431 1270 scriptae

100 1273 189 1304 haud
206 1273 428 1305 immoderatae
447 1283 454 1303 :
471 1273 590 1312 gratior
608 1274 745 1304 Caecinae
762 1273 919 1304 modestia
936 1273 995 1303 suit
1007 1297 1016 1312 ‚
1032 1273 1120 1313 quod
1133 1282 1196 1304 non
1211 1274 1389 1314 scripsisset
1405 1278 1428 1310 ⁵.

142 1324 222 1351 LVI.
240 1323 389 1351 Ceterum
417 1320 510 1352 Italia
530 1320 661 1359 gravius
686 1323 782 1359 atque
807 1320 948 1350 atrocius
971 1328 1069 1359 quam
1093 1320 1178 1351 bello
1201 1321 1429 1356 afflictabatur.

99 1366 234 1408 dispersi
250 1376 304 1407 per
321 1367 499 1408 municipia
513 1369 546 1398 et
559 1367 700 1398 colonias
715 1367 874 1398 Vitelliani
889 1366 1028 1405 spoliare
1040 1390 1049 1406 ,
1068 1375 1181 1407 rapere
1191 1390 1201 1407 ,
1215 1369 1247 1398 vi
1262 1371 1294 1399 et
1310 1370 1430 1410 stupris

98 1414 254 1455 polluere.
271 1413 304 1444 in
320 1422 418 1446 omne
434 1415 481 1445 sas
496 1414 653 1454 nefasque
669 1413 757 1444 avidi
777 1416 831 1444 aut
852 1413 981 1444 venales
1000 1422 1063 1444 non
1082 1422 1192 1454 sacro,
1210 1423 1275 1445 non
1294 1416 1430 1456 profano

98 1460 315 1492 abstinebant.
343 1463 376 1493 et
407 1461 496 1492 suere
523 1461 577 1501 qui
605 1461 756 1492 inimicos
784 1470 861 1492 suos
891 1460 997 1500 specie
1028 1460 1170 1492 militum
1198 1462 1428 1494 interficerent.

97 1508 222 1548 ipsique
238 1507 356 1538 milites
377 1508 544 1547 regionum
561 1507 653 1548 gnari
677 1509 812 1539 refertos
829 1516 941 1547 agros,
957 1507 1042 1538 ditos
1064 1508 1214 1539 dominos
1236 1507 1269 1539 in
1287 1510 1428 1549 praedam

97 1555 154 1585 aut
165 1578 174 1593 ‚
191 1554 218 1585 si
234 1557 448 1595 repugnatum
464 1555 546 1586 foret
558 1578 567 1594 ,
586 1554 624 1585 ad
644 1554 807 1585 excidium
824 1554 1032 1585 destinabant
1047 1579 1055 1594 ‚
1075 1554 1226 1586 obnoxiis
1241 1556 1379 1588 ducibus
1396 1560 1428 1590 et

96 1600 267 1642 probibere
280 1610 347 1633 non
363 1602 459 1633 ausis.
478 1602 587 1632 minus
602 1602 750 1633 avaritiae
767 1602 800 1632 in
815 1603 941 1633 Caecina
955 1626 963 1640 ,
979 1602 1054 1642 plus
1071 1601 1260 1634 ambitionis
1280 1615 1287 1632 :
1312 1604 1429 1636 Valens

96 1647 138 1679 ob
155 1647 244 1679 lucra
263 1651 296 1680 et
312 1650 457 1689 quaestus
474 1648 606 1680 infamis
620 1657 724 1688 eoque
740 1649 854 1680 alienae
870 1649 970 1680 etiam
987 1649 1096 1689 cnlpae
1110 1649 1345 1683 dissimulator.
1361 1652 1426 1691 jam

96 1693 220 1734 pridem
235 1695 360 1726 attritis
379 1696 483 1727 Italiae
506 1696 604 1727 rebus
618 1697 748 1727 tantum
763 1696 911 1737 peditum
928 1695 1141 1737 equitumque
1152 1721 1162 1738 ‚
1181 1697 1232 1728 vis
1247 1696 1428 1739 damnaque

96 1742 129 1773 et
143 1740 274 1779 injuriae
289 1751 372 1782 oegre
386 1742 619 1773 tolerabantur.

139 1791 230 1819 LVII.
259 1788 389 1819 Interim
406 1788 556 1819 Vitellius
580 1787 728 1819 vietoriae
751 1797 819 1820 suae
841 1788 971 1819 nescius
992 1789 1030 1819 ut
1053 1789 1094 1820 ad
1118 1789 1278 1830 integrum
1304 1790 1426 1822 bellam

95 1835 238 1874 reliquas
264 1835 442 1866 Germanici
461 1836 622 1866 exercitus
646 1835 732 1866 vires
752 1834 911 1867 trahebat.
938 1835 1033 1874 pauci
1055 1838 1202 1867 veterum
1229 1837 1371 1868 militum
1391 1839 1424 1868 in

95 1881 238 1914 hibernis
262 1882 386 1922 relicti,
409 1882 571 1913 festinatis
588 1891 643 1922 per
660 1882 777 1913 Gallias
792 1882 970 1913 delectibus
982 1906 991 1922 ‚
1017 1884 1053 1914 ut
1074 1883 1313 1915 remanentium
1332 1884 1425 1924 legio-

96 1937 174 1960 num
190 1929 323 1960 nomina
339 1929 345 1947 ¹
365 1930 603 1970 supplerentur.
622 1934 705 1961 Cura
721 1929 818 1970 ripae²
835 1929 1016 1962 Hordeonio
1031 1930 1148 1962 Flacco
1161 1932 1317 1971 permissa
1332 1941 1340 1962 :
1355 1931 1424 1972 ipse

95 1983 114 2007 e
134 1975 318 2008 Britannico
337 1975 463 2009 delectu
487 1980 561 2008 octo
580 1977 682 2009 millia
700 1977 762 2009 sibi
778 1977 935 2017 adjunxit.
957 1980 989 2010 et
1011 1986 1189 2018 paucorum
1213 1978 1341 2010 dierum
1362 1979 1424 2010 iter

123 2117 189 2141 LIV.
205 2122 228 2141 ι.
246 2117 359 2146 Proprie
378 2117 479 2141 ehartae
492 2117 652 2147 duplicatae;
666 2117 710 2141 bic
730 2117 782 2141 illae
804 2117 904 2147 quibus
917 2117 989 2142 Otho
1003 2117 1031 2141 et
1052 2117 1112 2147 ejus
1125 2117 1236 2142 nomine
1248 2118 1421 2147 magistratus

94 2157 172 2176 usum
185 2156 317 2181 equorum
330 2154 414 2177 certis
424 2152 490 2177 locis
504 2153 538 2176 ad
549 2152 671 2183 publicas
682 2153 860 2177 necessitates
869 2152 1064 2182 dispositorum
1073 2153 1131 2178 suis
1143 2154 1329 2183 permiserant

124 2187 178 2211 Lv.
197 2192 218 2210 ι.
233 2188 321 2211 Medio
332 2188 417 2218 Aprili
430 2188 571 2212 celebrari.
585 2189 612 2211 v.
629 2188 706 2212 Ovid.
721 2188 832 2212 Fastor.
846 2189 888 2217 lv,
901 2193 946 2212 sea
955 2193 1032 2218 seqq.
1042 2201 1070 2205 -
1082 2193 1106 2213 e.
1121 2189 1309 2217 Concessisse,
1323 2188 1420 2218 sponte

96 2220 257 2246 obiisse—e.
267 2222 320 2246 vid.
331 2223 350 2252 1,
364 2228 456 2247 ⁴1.—⁴.
471 2223 590 2248 Attende
609 2223 734 2248 aculeum
748 2224 959 2248 locutionis—5.
968 2224 1067 2253 Quare,
1080 2223 1162 2247 simili
1176 2223 1320 2248 occasione
1337 2223 1420 2247 diser-

95 2256 150 2280 tius
162 2258 296 2287 expressit
307 2259 428 2288 Tacitus,
443 2259 486 2287 lv,
501 2264 523 2283 ⁴.

124 2291 202 2316 Lvu.
217 2297 239 2316 ι.
252 2293 382 2322 Legiones
393 2299 459 2324 quae,
474 2293 605 2318 militibus
618 2293 710 2318 multis
722 2294 750 2319 in
764 2293 870 2319 Italiam
884 2295 973 2319 missis
1003 2295 1061 2325 jam
1073 2293 1141 2319 nihil
1159 2294 1219 2319 tere
1235 2294 1286 2318 nisi
1307 2292 1420 2318 nomina

94 2327 289 2352 erant.—-2.·se.
302 2328 395 2353 Rheni.
