1539 2668
132 156 192 186 256
522 153 654 184 'racrrl
676 153 885 185 ANNALmM
906 155 978 185 LIB.
1002 155 1068 185 XV.

127 237 162 261 se
182 228 310 260 tantum
326 235 420 268 poena
435 227 569 268 experti.
600 226 696 259 Atilia
721 228 825 260 mater
846 228 959 260 Annaei
987 227 1105 260 Lucani
1134 227 1204 260 sine
1229 226 1451 269 sbsolutione,

127 276 197 309 sine
210 275 370 316 supplicio
382 274 599 306 dissimulata.

140 337 144 352 i
168 326 286 354 LXXII.
311 321 435 362 Quibus
454 321 648 362 perpetratis
675 324 759 353 Nero
781 322 814 354 et
831 322 986 354 concione
1007 322 1148 354 militum
1165 322 1275 354 habita
1297 322 1374 353 bina
1392 329 1450 352 nu-

127 372 218 401 mum
235 369 334 401 millia
351 369 358 387 ¹
380 369 502 400 viritim
525 368 779 408 manipularibus
804 368 914 401 divisit
937 370 1089 410 additque
1103 370 1171 401 sine
1190 370 1295 410 pretio
1314 370 1452 400 frumen-

128 417 197 449 tum
210 441 218 457 ‚
241 425 304 458 quo
317 418 392 448 ante
405 424 441 447 ex
459 415 556 447 modo
571 424 708 447 annonae
723 415 734 433 ²
755 416 941 448 utebantur.
957 419 1027 448 tum
1044 417 1138 457 quasi
1152 419 1239 456 gesta
1253 416 1338 447 bello
1352 424 1452 456 expo-

125 465 248 496 siturus
264 466 358 495 vocat
370 464 517 495 senatum
536 464 568 494 et
585 462 779 503 triumphale
798 464 895 496 decus
909 464 1057 496 Petronio
1074 463 1260 503 Turpiliano
1277 462 1450 502 consulari,

126 512 260 544 Cocceio
282 515 396 542 Nervae
411 509 422 527 ³
439 509 567 550 praetori
583 509 749 549 designato
761 535 770 550 ‚
799 511 952 551 Tigellino
968 512 1119 552 praesecto
1145 510 1288 551 praetorii
1313 509 1427 541 tribuit
1441 533 1451 549 ‚

127 558 319 598 Tigellinum
342 558 375 588 et
396 559 535 588 Nervam
552 555 598 587 ita
611 557 770 588 extollens
781 581 790 597 ,
820 560 855 589 ut
872 566 968 598 super
983 557 1192 598 triumphales
1208 558 1239 587 in
1257 557 1326 587 foro
1344 555 1452 595 imagi-

124 612 183 636 nes
211 603 294 645 apud
323 603 479 643 palatium
506 611 636 643 quoque
660 603 781 643 effigies
807 612 919 635 earum
953 604 1086 636 sisteret.
1112 604 1291 635 consularia
1317 602 1454 642 insignia

124 651 321 693 Nymphidio
336 650 346 668 ⁴
362 662 372 691 ;
396 649 437 681 de
458 658 524 690 quo
536 673 545 689 ,
572 650 649 690 quia
673 660 759 681 nunc
772 651 913 691 primum
931 650 1055 682 oblatus
1077 652 1144 690 est,
1163 659 1263 691 pauca
1282 652 1424 690 repetam
1443 658 1453 680 2

124 708 201 732 nam
223 700 255 730 et
273 699 340 738 ipse
361 705 436 739 pars
454 700 678 729 Romanarum
696 697 834 728 cladium
849 698 918 729 erit.
944 698 1044 738 Igitur
1060 700 1163 729 matre
1176 697 1323 728 libertina
1339 698 1429 728 ortus
1441 719 1451 736 ,

125 755 198 787 quae
216 754 333 787 corpus
347 744 497 776 decorum
512 744 596 776 inter
612 753 722 776 servos
737 744 929 785 libertosque
944 745 1127 786 Principum
1146 744 1345 783 vulgaverat,
1363 752 1400 774 ex
1415 745 1450 775 C.

124 797 248 827 Caesare
265 801 299 824 se
324 792 468 832 genitum
493 791 637 831 ferebat,
661 792 814 832 quoniam
843 792 925 823 sorte
950 792 1089 832 quadam
1113 791 1223 823 habitu
1244 798 1395 831 procerus
1419 789 1453 822 et

123 839 218 872 torvo
234 840 325 871 vultu
340 842 427 880 erat,
450 838 518 871 sive
531 842 565 871 C.
584 842 691 870 Caesar
705 840 801 870 etiam
817 839 911 870 matri
926 839 994 879 ejus
1011 839 1120 870 illusit.

166 889 302 918 LXXIII.
335 885 396 917 Sed
424 889 508 917 Nero
532 888 646 916 vocato
674 887 810 925 senatu,
837 885 983 917 oratione
1005 885 1088 917 inter
1107 886 1215 916 Patres
1236 883 1364 923 habita,
1388 882 1453 914 edi-

123 934 212 968 ctum
232 932 316 974 apud
328 931 485 973 populum
502 932 535 963 et
557 932 673 964 collata
691 933 724 963 in
740 932 839 963 libros
856 932 975 963 indicia
994 932 1272 971 confessionesque
1288 930 1452 962 damnato-

121 989 196 1013 rum
215 980 378 1019 adjunxit.
401 979 519 1010 etenim
551 979 663 1011 crebro
688 979 778 1018 vulgi
804 988 932 1011 rumore
958 979 1171 1017 lacerabatur,
1198 980 1367 1019 tanquam
1389 976 1447 1008 et'

122 1029 216 1061 viros
233 1028 381 1059 insontes
397 1025 436 1057 ob
451 1025 624 1058 invidiam
648 1028 713 1058 aut
740 1028 867 1058 metum
893 1028 1124 1058 exstinxisset.
1149 1027 1293 1056 ceterum
1314 1025 1452 1064 coeptam

122 1075 331 1114 adultamque
347 1074 380 1105 et
405 1073 559 1104 revictam
577 1072 588 1090 ²
613 1073 871 1112 conjurationem
898 1082 1002 1114 neque
1020 1075 1099 1105 tunc
1122 1072 1308 1103 dubitavere
1333 1070 1452 1112 quibus

121 1130 236 1154 verum
253 1120 409 1152 noscendi
426 1128 504 1151 cura
521 1120 590 1151 erat
602 1144 610 1159 ‚
630 1122 662 1151 et
677 1120 821 1151 fatentur
834 1120 889 1160 qui
905 1123 978 1160 post
994 1120 1159 1151 interitum
1177 1118 1310 1150 Neronis
1334 1118 1366 1149 in
1391 1122 1450 1150 Ur-

122 1169 198 1202 bem
213 1167 346 1208 regressi
362 1168 448 1198 suut.
473 1167 513 1198 At
527 1167 560 1197 in
574 1168 688 1198 senatu
703 1167 846 1207 cunctis,
863 1168 898 1198 ut
913 1167 924 1184 ³
944 1167 1062 1207 cuique
1083 1166 1261 1206 plurimum
1285 1164 1431 1196 moeroris
1442 1188 1451 1204 ‚

121 1216 156 1249 in
169 1215 387 1247 adulationem
403 1213 551 1245 demissis
563 1216 588 1253 ¹⁸,
605 1214 736 1245 Junium
752 1214 929 1246 Gallionem
942 1214 968 1254 ⁵,
984 1217 1111 1246 Senecae
1124 1213 1230 1244 fratris
1246 1213 1349 1244 morte
1364 1212 1452 1252 pavi-

123 1263 202 1295 dum
216 1264 248 1294 et
270 1271 328 1302 pro
347 1270 405 1293 sua
421 1260 642 1293 incolumitate
655 1262 831 1302 supplicem
844 1286 853 1302 ‚
878 1261 1037 1302 increpuit
1054 1261 1199 1292 Salienus
1222 1260 1368 1292 Clemens
1395 1258 1450 1291 lio·

123 1312 212 1342 stem
228 1311 261 1342 et
280 1307 480 1350 paricidam
497 1316 627 1348 vocans,
641 1308 744 1340 donec
753 1317 911 1341 consensu
930 1310 1062 1340 Patrum
1076 1306 1247 1339 deterritus
1262 1307 1322 1346 est,
1334 1314 1375 1337 ne
1388 1314 1451 1346 pu-

122 1355 219 1388 blicis
235 1356 339 1388 malis
355 1355 454 1387 abuti
470 1355 517 1387 ad
526 1357 733 1387 occasionem
741 1357 875 1396 privati
891 1355 962 1387 odii
976 1354 1167 1390 videretur,
1185 1362 1250 1385 neu
1263 1354 1449 1393 composita

121 1403 396 1436 autoblitterata
406 1402 674 1434 mansuetudine
683 1404 856 1444 Principis
869 1411 993 1435 novam
1003 1401 1051 1434 ad
1060 1402 1230 1433 soevitiam
1241 1399 1448 1431 retraheret.

164 1454 296 1483 LXXIV.
321 1453 404 1481 Tum
431 1449 522 1481 dona
544 1451 578 1481 et
603 1451 720 1490 yrates
746 1450 817 1482 deis
842 1449 1070 1489 decernuntur,
1095 1449 1326 1489 propriusque
1345 1446 1448 1478 honos

120 1500 190 1532 Soli
217 1497 281 1538 (cui
295 1498 342 1528 est
355 1499 449 1528 vetus
465 1496 549 1528 aedes
563 1497 647 1537 apud
670 1497 797 1529 Circum
814 1497 840 1538 ¹,
863 1498 894 1529 in
914 1506 979 1538 quo
1007 1496 1131 1528 facinus
1158 1494 1364 1536 parabatur),
1388 1493 1447 1534 qui

122 1545 258 1578 occulta
275 1544 526 1584 conjicrationis
554 1546 693 1576 numine
712 1544 723 1562 ²
740 1546 919 1577 retexisset
930 1555 942 1582 ;
969 1546 1075 1585 utque
1100 1544 1304 1575 circensium
1324 1543 1447 1572 Cerea-

123 1594 210 1626 lium
228 1591 403 1624 ludicrum
418 1590 429 1608 ³
455 1591 617 1631 pluribus
630 1600 796 1632 equorum
810 1591 967 1623 cursibus
990 1589 1240 1627 celebraretur,
1257 1589 1447 1628 mensisque

121 1639 249 1679 Aprilis
265 1639 407 1670 Neronis
423 1639 683 1676 coqnomentum
699 1639 870 1678 acciperet
875 1649 888 1676 ;
904 1637 1073 1676 templum
1081 1636 1194 1667 Saluti
1208 1635 1447 1666 exstrueretur

121 1693 159 1717 eo
179 1685 243 1716 loci
258 1708 267 1723 ‚
296 1692 340 1715 ex
358 1692 425 1724 quo
440 1684 611 1715 Scaevinus
632 1682 776 1722 ferrum
797 1685 1020 1724 prompserat
1035 1682 1060 1712 ⁴.
1082 1682 1151 1722 ipse
1175 1690 1248 1712 eum
1272 1681 1445 1722 pugionem

122 1731 206 1772 apud
232 1730 427 1771 Capitolium
450 1730 610 1769 sacravit,
630 1729 855 1770 inscripsitque
879 1731 958 1761 Jovi
979 1729 1117 1761 vindici.
1144 1728 1177 1759 in
1203 1737 1342 1768 praesens
1359 1727 1445 1759 haud

124 1778 497 1816 animadversum;post
526 1784 616 1807 arma
641 1776 718 1808 Julii
734 1776 900 1808 Vindicis⁵
931 1776 972 1808 ad
1000 1774 1175 1816 auspicium
1201 1777 1233 1806 et
1257 1775 1446 1815 praesagium

120 1826 238 1857 futurae
254 1823 385 1856 ultionis
413 1822 610 1854 trahebatur.
645 1823 780 1864 Reperio
807 1823 842 1854 in
868 1822 1110 1854 commentariis
1134 1824 1264 1854 senatus
1289 1821 1447 1853 Cerialem

123 1872 272 1905 Anicium
295 1870 463 1903 consulem
483 1870 687 1910 designatum
701 1880 758 1911 pro
784 1871 944 1902 sententia
962 1870 1082 1902 dixisse
1097 1894 1106 1909 ,
1123 1871 1163 1901 ut
1185 1869 1351 1910 templum
1368 1868 1446 1901 divo

121 1919 265 1954 Neroni6
283 1926 388 1960 quam
402 1919 611 1949 maturrime
622 1917 765 1958 publica
779 1919 928 1958 pecunia
940 1919 1139 1958 poneretur.
1154 1916 1240 1957 quod
1251 1915 1382 1957 quidem
1392 1915 1446 1947 ille

83 1976 85 1980 ’
121 1966 314 2000 decernebat
325 1968 478 2005 tanquam
492 1964 627 1997 mortale
641 1964 804 2005 fastigium
819 1973 947 2005 egresso
964 1967 994 1996 et
1010 1964 1252 1996 venerationem
1275 1963 1443 1994 hominum

120 2016 237 2048 merito
251 2037 259 2053 ‚
279 2011 367 2053 quod
389 2011 429 2042 ad
450 2012 559 2043 omina
577 2012 673 2043 olim⁷
700 2012 750 2043 sui
769 2012 877 2044 exitus
898 2012 1101 2044 verteretur:
1123 2020 1198 2042 nam
1223 2011 1319 2042 deum
1342 2010 1444 2041 honor

121 2060 259 2101 Principi
272 2068 336 2090 non
350 2060 424 2091 ante
437 2058 574 2091 habetur
587 2068 684 2100 quam
697 2067 792 2100 agere
805 2059 887 2091 inter
900 2059 1047 2090 homines
1060 2058 1200 2090 desierit.

150 2123 255 2149 LXXII.
267 2124 362 2147 Ferme
381 2127 423 2146 sea
434 2122 515 2152 sr.—
535 2128 558 2147 ε.
584 2123 635 2147 Pro
652 2124 740 2153 pretio
754 2122 883 2147 frumenti
898 2122 970 2152 quod
984 2127 1091 2152 quoque
1105 2122 1224 2150 tempore
1243 2119 1390 2143 obtinebat.
1413 2131 1443 2137 -

122 2167 143 2185 a.
157 2160 252 2184 Postea
267 2158 436 2187 Imperatori·
452 2162 512 2182 -4,
530 2158 639 2188 Sabino,
653 2159 782 2189 praefecto
794 2158 912 2188 praetorii
924 2163 983 2182 eum
1001 2156 1142 2186 Tigellino.

150 2193 268 2219 Lxxnl.
286 2199 305 2217 ι.
320 2193 469 2216 Etiam-2.
485 2194 708 2223 {immissam-³.
724 2196 867 2219 Prone—⁴.
883 2193 961 2217 Plane
975 2192 1078 2220 effusis;
1095 2197 1129 2215 ne
1143 2190 1299 2215 viderentur
1310 2190 1442 2215 dolere.—

121 2237 141 2254 5.
157 2231 204 2253 llic
215 2229 273 2258 ipse
286 2227 370 2252 trater
379 2229 488 2252 senecae
498 2230 610 2258 putatur
625 2229 707 2254 tuisse
723 2229 870 2259 proconsul
886 2228 932 2253 ille
949 2228 1063 2257 Achaiae,
1077 2227 1112 2251 ad
1124 2232 1203 2256 quem
1222 2227 1247 2250 S.
1262 2225 1358 2251 Paulus
1372 2226 1442 2251 cita-

122 2264 210 2292 batur„
224 2264 302 2288 Actis
313 2265 411 2292 Aposc.
424 2264 518 2292 XVlll‚
532 2269 558 2288 η
569 2270 625 2294 sqq.

151 2299 264 2322 Lxxw.
279 2304 297 2322 i.
312 2299 350 2322 De
364 2304 396 2322 ea
409 2298 600 2329 Tertullianus,
618 2300 652 2324 (ιε
666 2300 790 2329 Spectac.
802 2305 824 2324 e.
842 2304 919 2324 8.-2.
933 2299 1072 2323 potestate
1094 2304 1205 2322 sua-s.
1230 2296 1305 2322 conf.
1322 2302 1382 2326 cap.
1397 2301 1439 2322 55.

122 2338 173 2357 —i.
187 2334 253 2357 Vide
267 2333 376 2357 ibidem.
388 2334 530 2358 censuisse
538 2335 665 2359 videntur
677 2337 707 2359 ut
720 2336 821 2360 veteris
834 2335 926 2365 templi
939 2335 998 2358 loco
1010 2334 1176 2364 splendidius
1189 2333 1438 2357 exstrueretur.-—s.

122 2368 225 2393 Bellum
241 2369 298 2398 ejus
314 2369 341 2392 in
355 2368 455 2398 Galliis,
468 2369 500 2393 de
511 2375 564 2398 quo
581 2372 691 2395 Sueten.
706 2377 728 2395 c.
741 2377 777 2401 40,
789 2377 904 2401 mnam
920 2371 1006 2394 Taciti
1026 2370 1145 2393 narratio
1159 2369 1248 2399 periit.
1266 2380 1295 2384 —
1307 2372 1328 2391 e.
1340 2368 1372 2391 Ut
1382 2368 1438 2396 iam

122 2403 195 2428 racia
212 2404 359 2434 apotheosi.
370 2409 431 2428 —⁷.
453 2405 586 2434 corrupte
601 2406 653 2430 Ms.
670 2407 853 2438 quorundam
870 2406 909 2432 ad
930 2406 1027 2431 omina
1046 2405 1153 2430 dolum.
1174 2403 1331 2429 Emendatio
1348 2402 1439 2428 dubia.

122 2438 175 2467 Sui
187 2444 235 2469 pro
247 2439 304 2469 eius
317 2440 462 2471 accipiunt,
475 2440 508 2464 de
520 2441 637 2466 Nerone.
