1539 2668
538 147 574 176 A.
598 148 637 176 U.
660 147 695 175 C.
722 147 792 175 805.
817 148 853 174 A.
877 147 912 175 C.
938 146 989 174 52.
1369 146 1429 175 179

102 220 202 253 fixum
220 222 270 253 est
295 231 358 253 aere
384 221 514 262 publico
528 220 539 238 ³
571 220 889 251 senatusconsultum
903 243 912 259 ,
938 227 1002 259 quo
1023 217 1196 249 libertinus
1218 218 1354 249 sestertii
1377 220 1429 249 ier

101 268 215 300 millies
231 278 396 309 possessor
409 268 550 307 antiquae
563 267 769 307 parcimoniae
787 266 937 298 laudibus
951 265 1184 297 cumulabatur.

105 331 107 334 ⁴
142 318 219 346 LIV.
245 318 285 347 At
305 325 367 346 non
390 316 488 346 frater
501 315 572 354 ejus
587 316 799 353 cognomento
814 314 935 345 Felioe¹
966 313 1034 353 pari
1051 312 1269 343 moderatione
1290 311 1425 351 agebat,

97 361 164 401 jam
179 362 301 402 pridem
321 363 439 393 Judaeae
454 362 626 402 impositus
642 364 674 392 et
686 363 802 392 cuncta
815 361 983 392 malefacta
998 360 1059 391 sibi
1078 359 1208 399 impune
1231 362 1320 390 ratus
1336 361 1426 389 tauta

99 409 243 448 potentia
262 410 414 441 subnixo.
434 418 511 441 sane
528 409 733 449 praebuerant
749 409 854 440 Judaei
871 409 1008 449 speciem
1029 410 1136 439 motus
1149 431 1158 446 ,
1176 409 1247 438 orta
1269 406 1426 437 seditione

98 457 137 471 ¹*
157 455 354 496 ²Postquam
386 456 513 495 cognita
540 456 627 487 caede
653 456 719 487 Caii
743 456 828 487 haud
857 456 1114 495 obtemperatum
1137 456 1241 492 esset,
1275 453 1426 484 manebat

97 504 204 534 metus
218 512 258 533 ne
275 504 349 543 quis
363 504 549 543 Principum
575 503 686 534 eadem
706 502 914 543 imperitaret.
939 505 1036 542 atque
1052 502 1180 533 interim
1203 501 1289 531 Felix
1313 500 1425 530 intem-

95 549 228 588 pestivis
243 550 395 581 remediis
416 551 533 582 delicta
551 550 749 582 accendebat
764 574 772 589 ‚
795 551 912 581 aemulo
935 550 973 581 ad
999 550 1170 581 deterrima
1189 547 1340 579 Ventidio
1364 551 1425 577 Cu-

95 602 211 635 mano,
229 597 281 628 cui
309 607 380 638 pars
400 598 577 638 provinciae
603 597 799 636 habebatur,
819 598 864 628 ita
889 598 1002 628 divisis
1013 597 1045 636 ³,
1066 598 1102 628 ut
1121 596 1196 627 hnic
1220 595 1424 626 Galilaeorum

93 642 199 683 natio,
218 644 313 675 Felici
340 645 507 677 Samaritae
534 647 700 685 parerent,
724 644 888 675 discordes
914 644 990 675 olim
1017 647 1049 675 et
1070 646 1140 675 tuin
1162 643 1348 681 contemptu
1377 650 1424 671 re·

90 690 236 728 gentium
254 691 360 723 minus
375 692 522 723 coercitis
538 692 634 723 odiis.
651 692 749 730 igitur
764 694 890 731 raptare
905 692 986 722 inter
1002 700 1052 729 se,
1069 690 1242 721 immittere
1259 689 1423 719 latronum

91 737 223 777 globos,
244 747 438 779 componere
460 739 591 770 insidias
607 763 615 778 ,
641 742 671 769 et
688 739 860 778 aliquando
888 739 1008 778 proeliis
1027 737 1175 775 congredi
1198 735 1363 775 spoliaque
1391 736 1423 764 et

92 784 219 823 praedas
234 785 274 816 ad
292 789 518 825 procuratores
537 787 666 817 referre.
684 786 781 825 hique
801 786 906 825 primo
931 785 1051 822 laetari;
1078 794 1153 815 mox
1178 784 1330 823 gliscente
1353 790 1423 821 per-

91 831 175 862 nicie
189 855 198 871 ,
215 840 315 871 quum
333 842 421 864 arma
438 834 577 864 militum
601 832 851 871 interJecissent,
870 831 946 863 caesi
972 832 1100 862 milites.
1124 832 1319 868 arsissetque
1338 827 1421 858 bello

90 878 276 919 provincia,
300 880 333 911 ni
354 880 560 919 Quadratus,
586 880 687 919 Syriae
714 882 838 917 rector,
862 878 1077 909 subvenisset.
1107 886 1166 908 nec
1188 878 1241 907 diu
1265 876 1421 907 adversus

86 924 220 957 Judaeos
232 950 240 966 ,
258 926 313 966 qui
330 927 362 958 in
378 937 488 959 necem
505 927 645 958 militum
664 927 894 966 proruperant,
914 925 1097 955 dubitatum
1109 948 1117 963 ,
1140 924 1218 963 quin
1237 922 1341 962 capite
1357 930 1422 960 poe-

89 979 146 1005 nas
161 972 286 1005 luerent
311 984 318 1004 :
338 978 501 1006 Cumanus
515 978 545 1005 et
560 974 646 1005 Felix
665 974 905 1004 cunctationem
928 972 1125 1011 atterebant,
1148 971 1225 1010 quia
1250 969 1420 1006 Claudius,

87 1019 194 1050 causis
207 1020 391 1053 rebellionis
403 1022 524 1053 auditis
537 1046 546 1061 ,
559 1021 612 1060 jus
624 1020 785 1052 statuendi
801 1021 898 1051 etiam
920 1020 959 1050 de
979 1018 1258 1059 procurationiluis
1276 1016 1418 1048 dederat.

87 1065 144 1096 sed
162 1067 345 1105 Quadratus
359 1069 493 1100 Felicem
509 1069 592 1100 inter
603 1068 728 1108 judices
745 1067 937 1105 ostentavit,
957 1069 1122 1106 receptum
1138 1065 1168 1096 in
1188 1064 1339 1101 tribunal,
1356 1073 1421 1103 quo

87 1112 194 1143 studia
208 1116 432 1146 accusantium
446 1115 684 1146 deterrerentur
698 1126 706 1154 ;
721 1115 957 1153 damnatusque
972 1114 1180 1153 flagitiorum,
1196 1120 1270 1152 quac
1290 1111 1354 1141 duo
1368 1111 1423 1141 de-

89 1158 260 1200 liquerant,
277 1165 443 1193 Cumanus
457 1162 484 1200 ⁴,
500 1165 532 1193 et
546 1163 639 1202 quies
655 1162 832 1202 provinciae
850 1161 985 1192 reddita.

129 1210 192 1237 LV.
217 1211 282 1239 Nec
308 1209 410 1240 multo
436 1212 508 1249 post
537 1210 712 1249 agrestium
739 1209 874 1240 cilicum
899 1209 1047 1239 nationes
1063 1232 1072 1247 ,
1095 1207 1214 1247 quibus
1246 1207 1420 1238 Clitarum

88 1257 358 1295 cognomentum,
384 1265 470 1296 saepe
495 1258 528 1288 et
553 1257 631 1287 alias
657 1259 828 1287 commotae
843 1280 851 1294 ‚
882 1257 961 1285 tunc
977 1254 1164 1286 Troxobore
1190 1253 1271 1284 duce
1294 1253 1421 1283 montes

87 1308 219 1340 asperos
234 1303 346 1333 castris
361 1312 494 1343 cepere3
512 1305 608 1343 atque
623 1304 699 1335 inde
713 1303 853 1334 decursu
870 1303 902 1333 in
916 1303 1025 1333 littora
1044 1304 1099 1332 aut
1117 1301 1211 1331 urbes
1235 1300 1299 1330 sim
1315 1298 1420 1329 culto-

86 1347 177 1378 ribus
190 1350 222 1379 et
235 1350 406 1389 oppidanis
429 1359 466 1381 ac
480 1351 669 1390 plerumque
688 1351 721 1381 in
745 1351 940 1381 mercatores
959 1350 991 1379 et
1007 1348 1220 1379 navicularios
1242 1346 1417 1377 audebant.

85 1393 280 1435 obsessaque
302 1397 416 1428 civitas
432 1398 694 1437 Anemuriensis,
718 1400 749 1428 et
770 1397 859 1428 missi
884 1406 901 1427 e
926 1397 1016 1435 Syria
1038 1396 1069 1426 in
1094 1395 1275 1425 subsidium
1293 1392 1419 1432 equites

84 1449 160 1474 cum
173 1444 323 1483 praefecto
339 1446 449 1476 Curtio
463 1449 580 1477 Severo
594 1445 780 1483 turbantur,
797 1444 883 1484 quod
896 1444 969 1474 (luri
981 1443 1102 1474 circum
1120 1443 1178 1472 loci
1190 1440 1418 1481 peditibusque

83 1489 124 1520 ad
142 1498 281 1529 pugnam
299 1491 404 1522 idonei
419 1495 568 1532 equestre
583 1492 731 1532 proelium
750 1492 834 1522 hand
854 1491 1072 1530 patiebantur.
1087 1489 1160 1520 dein
1187 1497 1240 1519 rex
1265 1487 1334 1526 ejus
1350 1495 1418 1517 orae

86 1537 263 1568 Antiochus
278 1538 284 1554 ¹
306 1538 535 1571 blandimentis
553 1540 709 1571 adversus
726 1539 851 1578 plebem
863 1563 870 1577 ,
889 1537 1000 1569 fraude
1018 1537 1051 1567 in
1065 1537 1181 1567 ducem
1197 1560 1205 1574 ,
1222 1544 1322 1574 quum
1344 1534 1417 1564 bar-

85 1581 237 1614 barorum
255 1585 364 1625 copias
379 1586 598 1625 dissociasset‚
620 1585 807 1618 Troxobore
822 1585 996 1626 paucisque
1014 1583 1211 1624 primoribus
1225 1580 1418 1620 interfectis,

83 1632 208 1662 ceteros
222 1630 393 1663 clementia
408 1634 603 1673 composuit.

127 1680 205 1708 LVI.
230 1678 297 1709 Sub
311 1679 395 1710 idem
416 1683 542 1720 tempus
556 1680 638 1711 iuter
653 1680 760 1711 lacum
776 1679 933 1710 Fucinum
954 1686 1147 1717 amnemque
1161 1675 1246 1707 Lirin
1262 1674 1417 1715 perrupto

84 1725 207 1763 monte,
222 1733 286 1764 quo
303 1726 540 1765 magnificentia
552 1726 678 1767 operis¹
698 1736 716 1757 a
730 1726 876 1766 pluribus
894 1725 1065 1764 viseretur,
1083 1725 1153 1755 lacu
1171 1724 1202 1754 in
1217 1722 1286 1762 ipso
1304 1720 1417 1752 navale

85 1770 233 1810 proelium
247 1771 423 1803 adornatur
439 1797 447 1811 ‚
465 1775 501 1804 ut
520 1774 685 1813 quondam
703 1773 714 1790 ²
734 1774 898 1812 Augustus
916 1775 1039 1803 structo
1055 1772 1101 1802 cis
1124 1770 1263 1801 Tiberim
1282 1771 1414 1807 stagno,

52 1820 57 1825 ‘
84 1818 141 1848 sed
157 1817 282 1848 levibus
296 1818 430 1858 navigiis
444 1822 476 1850 et
492 1820 615 1850 minore
629 1820 722 1859 copia
735 1842 743 1857 ,
762 1819 917 1851 ediderat.
944 1818 1096 1849 Claudius
1113 1817 1260 1848 triremes
1277 1814 1416 1854 quadri·

85 1871 252 1903 remesque
265 1865 297 1895 et
310 1865 510 1904 undeviginti
526 1866 694 1896 hominum
712 1866 813 1896 millia
829 1865 978 1903 armavit,
992 1865 1099 1895 cincto
1114 1864 1237 1894 ratibus
1248 1862 1259 1879 ³
1277 1861 1415 1899 ambitu,
1458 1884 1461 1887 .

85 1918 126 1940 ne
141 1918 223 1950 vaga
240 1911 358 1951 effugia
373 1912 495 1951 forent3
513 1922 550 1943 ac
571 1916 677 1943 tamen
691 1912 831 1952 spatium
846 1912 1016 1951 amplexus
1029 1911 1038 1929 ⁴
1059 1911 1098 1942 ad
1116 1911 1181 1941 vim
1198 1908 1320 1948 remigii
1334 1932 1343 1948 ,
1360 1917 1418 1947 gu-

84 1954 291 1988 bernantium
314 1959 416 1998 artes,
441 1959 580 1999 impetus
606 1959 740 1989 navium
757 1960 789 1989 et
802 1958 914 1998 proelio
933 1958 1039 1989 solita.
1064 1958 1098 1987 in
1115 1956 1238 1987 ratibus
1255 1955 1417 1995 praetoria-

86 2011 158 2033 rum
174 2004 356 2036 cohortium
373 2005 531 2045 manipuli
544 2008 728 2045 turmaeque
746 2006 927 2043 astiterant,
945 2004 1135 2044 antepositis
1151 2002 1414 2043 propugnaculis,

83 2058 125 2080 ex
148 2052 220 2090 quis
235 2052 405 2092 catapultae
421 2052 623 2093 ballistaeque
640 2052 860 2083 tenderentur.
876 2051 1000 2092 reliqua
1018 2051 1107 2082 lacus
1124 2049 1275 2081 classiarii
1291 2049 1386 2080 tectis
1402 2049 1413 2066 ⁵

84 2152 130 2177 bie
144 2153 180 2177 ob
191 2155 382 2183 cognominem
395 2160 489 2185 regem
503 2155 638 2185 Arcadiae,
655 2162 786 2185 proavum
796 2155 989 2180 Evandri.—-⁴.
1003 2154 1111 2179 Publica
1122 2154 1287 2178 auctoritate
1297 2153 1413 2183 sculpto.

85 2189 171 2218 tegas
183 2189 216 2212 de
227 2189 280 2213 hoc
290 2191 528 2215 senatusconsulto
539 2191 603 2215 item
615 2191 780 2220 indignantis
795 2191 872 2214 Plinii
883 2190 1030 2220 Epistolam
1040 2195 1054 2213 6
1065 2189 1125 2213 libri
1138 2189 1205 2217 Vlll,
1220 2189 1280 2212 add.
1292 2189 1347 2217 Vll,
1361 2194 1401 2212 23.

115 2225 178 2248 LIV.
194 2230 213 2248 ι.
227 2225 265 2248 De
276 2231 329 2255 quo
343 2226 371 2249 in
386 2227 462 2249 Actis
476 2226 597 2256 Apostol.
610 2226 681 2255 XXl,
696 2231 740 2254 sa;
753 2227 782 2250 et
794 2226 887 2249 XXIV.
898 2238 928 2242 —
940 2230 961 2249 2.
974 2226 1059 2249 Causa
1073 2225 1213 2248 seditionis
1224 2224 1354 2248 excidisse
1371 2223 1414 2245 vi-

84 2259 174 2288 detur,
192 2266 271 2289 quam
288 2261 397 2284 Tacitus
410 2263 504 2286 narrat
520 2262 630 2286 Histor.
645 2262 674 2290 V,
687 2266 724 2285 aa.
741 2274 768 2277 —
779 2267 801 2285 a.
818 2262 860 2286 Sc.
874 2260 1088 2291 provincialibus
1100 2279 1106 2289 ,
1120 2259 1227 2284 Judaeis.
1241 2268 1307 2283 -ι,
1322 2259 1371 2289 Qui
1384 2259 1413 2282 in

84 2294 207 2318 exsilium
222 2296 361 2325 agebatur.

117 2331 169 2354 LV.
186 2335 205 2354 ι.
214 2331 279 2354 Erat
295 2332 490 2361 Commagenes
504 2333 532 2356 et
545 2332 741 2356 maritimarum
756 2331 857 2355 Ciliciae
866 2332 1006 2360 regionum
1023 2336 1081 2355 rex.

115 2365 183 2390 LVI.
201 2371 222 2389 ¹.
242 2366 281 2389 De
294 2371 347 2394 quo
367 2368 481 2390 narrant
495 2367 596 2391 Plinius
608 2368 675 2391 Hist.
691 2366 866 2391 nat.XXXVl
880 2385 886 2395 ,
903 2372 943 2395 is,
960 2371 1006 2395 24,
1023 2366 1138 2390 sueton.
1155 2371 1181 2389 c.
1198 2370 1237 2389 20.
1254 2369 1317 2388 —2.
1334 2364 1364 2387 A.
1381 2361 1414 2386 U-

84 2404 137 2425 ⁸152.
151 2411 182 2418 -
196 2405 219 2424 5.
232 2401 314 2425 Verte
327 2401 469 2427 radeauoe.
480 2415 509 2420 —
520 2408 543 2426 ⁴.
561 2403 606 2427 Sc.
619 2402 766 2427 sufficiens.
783 2412 813 2419 -—
825 2408 849 2427 ες.
868 2403 906 2428 Ad
920 2408 1039 2432 pugnam
1056 2401 1228 2431 comparatis.
