1539 2668
502 172 539 202 A.
563 173 601 202 U.
627 173 661 202 C.
688 172 760 202 786.
784 172 822 202 A.
845 173 882 202 C.
905 171 957 202 33.
1337 172 1395 203 133

68 246 167 280 1101112
193 245 417 287 appellabant;
443 255 502 278 nec
530 246 684 278 decorum
710 245 877 286 appellatis
904 245 1048 277 minuere
1073 244 1208 276 fidem³z
1226 245 1272 276 ita
1290 245 1395 286 primo

67 294 273 328 concursatio
287 295 319 324 et
335 302 466 333 preces3
482 294 554 325 dein
570 297 711 334 strepere
726 293 736 311 ⁴
756 293 904 334 praetoris
915 292 1056 325 tribunal
1069 303 1078 331 ;
1093 301 1193 331 eaque
1206 301 1279 332 quae
1296 302 1395 325 reme-

67 341 121 373 dio
135 341 273 382 quaesita
284 364 293 379 ,
311 340 454 371 venditio
471 344 503 372 et
516 341 638 381 emptio
649 365 658 380 ,
673 340 707 371 in
723 341 921 372 contrarium
934 339 1072 378 mutari,
1089 339 1166 380 quia
1187 339 1396 372 soeneratores

66 397 196 421 omnem
212 387 381 428 pecuniam
395 387 574 418 mercandis
598 387 682 427 agris
701 387 912 419 condiderant
924 387 949 419 ⁵.
968 387 1093 427 copiam
1107 386 1268 418 vendendi
1285 389 1397 419 secuta

66 435 194 467 vilitate
206 459 215 474 ‚
233 437 355 475 quanto
369 435 443 474 quis
455 434 670 474 ohaerati01·⁶‚
687 434 804 474 aegrius
820 434 1057 473 distrahebant,
1075 434 1235 474 multique
1258 434 1397 466 fortunis

67 481 365 522 provolvebantur:
385 482 512 513 eversio
533 482 579 512 rei
607 481 777 513 familiaris
800 482 993 521 dignitatem
1020 490 1057 512 ac
1079 481 1199 512 samam
1226 481 1390 521 praeceps⁷

67 530 180 569 dabat,
199 529 303 560 donec
319 528 393 559 tulit
415 538 508 569 opem
529 533 634 560 Coesar
651 528 809 568 disposito
834 538 890 569 par
910 537 1040 560 mensas
1053 528 1064 546 8
1085 528 1199 560 millies
1227 528 1395 566 sestertio,

67 578 218 616 factaque
244 575 415 606 mutuandi
436 576 526 615 copia
549 576 620 607 sine
649 576 757 606 usuris
778 584 833 616 per
856 576 1032 607 triennium
1046 600 1055 615 ,
1074 575 1101 607 si
1125 575 1254 606 debitor
1278 574 1397 615 populo

65 624 99 655 in
115 623 250 663 duplum
265 623 394 663 praediis
407 623 556 654 cavisset.
575 622 622 654 sic
639 623 760 654 refecta
779 623 857 654 tides
869 647 878 662 ‚
896 625 928 655 et
944 623 1110 663 paullatim
1134 622 1252 663 privati
1269 629 1398 662 quoquc

66 669 242 701 creditores
259 669 387 709 reperti.
407 679 513 710 neque
539 670 663 710 emptio
681 679 833 709 agrorum
858 671 1001 702 exercita
1023 670 1063 701 ad
1083 670 1222 701 sormam
1250 671 1398 701 senatus-

67 719 225 760 consulti,
240 720 370 751 acribus
383 745 391 759 ‚
411 721 447 751 ut
464 720 565 752 ferme
582 720 658 751 talia
674 722 684 738 ³
698 745 707 759 ,
724 720 838 760 initiis,
858 721 1023 752 incurioso
1037 721 1111 752 fine.

109 770 221 798 XVIII.
248 767 328 798 Dein
342 767 478 798 redeunt
495 767 618 807 priores
634 770 740 798 11101115
754 791 762 806 ,
782 768 943 807 postulato
959 767 1137 807 majestatis
1152 766 1302 798 Considio
1325 770 1398 798 Pro-

66 813 140 844 culo
156 824 163 844 :
189 814 245 854 qui
259 814 348 845 nullo
366 823 486 854 pavore
503 814 589 845 diem
608 815 750 846 natalem
768 815 932 846 celebrans
946 839 955 854 ‚
974 817 1085 854 raptus
1105 814 1139 845 in
1156 815 1300 853 curiam,
1317 813 1399 853 pari-

66 860 181 901 terque
199 861 372 892 damnatus
399 862 663 902 interfectusque.
684 863 717 893 et
737 862 837 892 sorori
861 862 930 901 ejus
954 861 1078 893 Sanciae
1102 869 1186 900 aqua
1207 862 1303 900 atque
1334 860 1397 900 igni

66 907 294 948 interdictum,
312 911 485 940 accusante
501 913 539 948 Q.
560 909 748 949 Pomponio.
768 908 795 939 is
813 908 958 939 moribus
975 908 1114 948 inquies,
1130 907 1203 939 hoec
1222 909 1255 938 et
1276 907 1398 946 hujus-

65 954 194 986 cemodi
210 964 279 987 ase
288 955 458 994 ⁸factitari
478 956 722 995 praetendebat,
741 957 782 986 ut
798 957 910 995 parta
935 955 1032 995 apud
1055 956 1254 994 Principem
1276 956 1398 993 qratia

64 1003 229 1042 periculis
244 1004 426 1042 Pomponii
440 1002 729 1042 Seczcndifratris
746 1003 954 1034 mederetur.
973 1002 1074 1033 Etiam
1090 1002 1123 1033 111
1135 1001 1320 1040 Pompeiam
1335 1005 1398 1031 Ma-

67 1049 190 1080 crinam
207 1049 356 1080 exsilium
377 1052 548 1090 statuitur,
563 1050 656 1089 cujus
674 1050 827 1081 maritum
846 1049 1030 1089 Argolicum
1042 1072 1050 1088 ,
1068 1058 1213 1079 socerum
1226 1052 1397 1084 Laconem,

67 1103 84 1126 e
103 1095 299 1135 primoribus
324 1097 537 1136 Achaeorum,
559 1102 667 1130 Caesar
692 1097 858 1128 afflixerat.
878 1098 966 1137 pater
990 1105 1121 1136 quoque
1147 1095 1279 1126 illustris
1301 1102 1399 1134 eques

67 1145 231 1173 Romanus
249 1143 256 1159 ¹
278 1152 315 1174 ac
332 1144 430 1175 frater
449 1144 620 1184 praetorius
636 1143 646 1161 ²
658 1169 668 1184 ‚
688 1154 789 1184 quum
806 1143 971 1174 damnatio
990 1143 1144 1181 instaret,
1166 1151 1200 1173 se
1216 1142 1278 1182 ipsi
1298 1141 1398 1173 inter-

69 1189 182 1221 fecere.
201 1189 313 1221 datum
333 1194 402 1221 erat
421 1191 567 1225 crimini,
594 1204 609 1218 «
628 1191 716 1230 quod
739 1192 968 1230 Theophanem
1000 1190 1219 1230 Mytilenaeum
1242 1198 1399 1228 proavum

70 1247 85 1261 «
101 1244 211 1267 eorum
229 1241 287 1268 Cn.
304 1237 314 1254 ³
334 1242 467 1277 Magnus
492 1238 575 1269 inter
592 1238 723 1269 intimos
749 1238 935 1276 habuisset,
954 1237 1106 1278 quodque
1130 1236 1285 1268 defuncto
1300 1237 1401 1268 Theo-

70 1294 85 1308 «
99 1282 198 1322 phani
213 1284 356 1315 caelestes
376 1285 512 1315 honores
531 1289 641 1315 (J'raeca
658 1285 801 1315 adulatio
820 1285 975 1316 tribuerat
988 1283 1013 1315 ⁴.
1034 1297 1049 1311 υ

109 1333 188 1361 XIX.
214 1332 290 1362 Post
306 1340 388 1370 quos
405 1335 475 1362 sex.
497 1332 614 1362 Marius
626 1356 634 1370 ‚
652 1332 879 1371 Hispaniarum
899 1331 1087 1369 ditissimus,
1105 1330 1247 1361 defertur
1266 1331 1399 1370 incesti,

68 1377 100 1406 et
115 1384 193 1408 saxo
211 1378 344 1417 Tarpeio
364 1377 524 1416 dejicitur.
546 1387 583 1409 ac
602 1387 641 1409 ne
664 1378 801 1409 dubium
823 1378 996 1409 haberetur
1022 1377 1281 1416 magnitudinem
1305 1385 1398 1416 pecu-

67 1422 129 1454 niae
147 1424 231 1454 malo
247 1426 383 1455 vertisse
401 1425 609 1465 aurariasque
624 1426 692 1464 ejus
704 1449 711 1463 ,
733 1425 738 1442 ¹
756 1434 954 1465 quamquam
978 1424 1244 1465 publicarentur,
1270 1423 1400 1454 sibimet

67 1469 212 1502 Tiberius
231 1472 386 1511 seposuit.
407 1473 618 1512 Irritatusque
631 1471 641 1488 ²
667 1472 835 1512 suppliciis
850 1497 858 1511 ,
880 1473 1034 1510 cunctos,
1059 1471 1114 1512 qui
1134 1480 1260 1502 carcere
1282 1470 1400 1502 attine-

67 1516 187 1549 bantur
213 1518 353 1549 accusati
382 1519 546 1550 societatis
577 1527 650 1549 cum
683 1519 815 1558 sejano,
846 1518 954 1550 necari
982 1518 1085 1558 jubet.
1113 1518 1214 1557 jacuit
1243 1518 1400 1548 immensa

67 1566 200 1604 strages,
220 1565 325 1595 omnis
339 1574 450 1604 sexus,
470 1566 574 1597 onmis
591 1569 682 1603 aetas,
700 1565 856 1606 illustres,
876 1566 1046 1605 ignobiles,
1064 1565 1214 1605 dispersi,
1234 1566 1290 1596 aut
1305 1572 1399 1603 agge·

69 1612 141 1642 rati.
161 1621 263 1652 neque
283 1613 472 1653 propinquis
492 1616 548 1644 aut
565 1613 678 1644 amicis
694 1613 854 1651 assistere,
872 1613 1077 1651 illacrimare,
1094 1622 1132 1643 ne
1148 1613 1249 1643 visere
1269 1611 1399 1652 quidem

70 1657 190 1690 diutius
207 1660 344 1690 dabatur
358 1670 366 1698 ;
380 1660 435 1691 sed
447 1660 646 1699 circuniJecti
662 1660 813 1691 custodes
824 1662 856 1691 et
869 1661 902 1690 in
915 1669 1084 1691 moerorein
1099 1660 1257 1699 cujusque
1269 1657 1399 1703 intenti,

72 1714 205 1746 corpora
221 1707 402 1747 putrefacta
418 1707 680 1747 assectabantur,
703 1707 780 1738 dum
798 1708 832 1738 in
848 1707 991 1739 Tiberim
1009 1707 1231 1745 traherentur,
1253 1705 1308 1737 ubi
1322 1705 1399 1737 1101-

69 1793 98 1822 sl·
117 1799 144 1818 e.
160 1795 276 1824 praediis)
294 1796 484 1825 collocarent,
504 1796 642 1820 debitores
663 1796 779 1820 totidem
796 1797 863 1820 ceris
879 1796 970 1821 alieni
987 1797 1086 1820 statim
1106 1795 1260 1822 solz-erent,
1279 1800 1330 1823 qua
1350 1800 1400 1823 po-

68 1829 172 1853 sti-ema
189 1832 388 1855 constitutione
402 1833 520 1861 prior-ein
536 1833 645 1861 exsequi
664 1838 741 1861 posse
756 1832 786 1854 iis
801 1833 925 1856 dabatur.
936 1844 963 1848 -
975 1837 997 1855 2.
1013 1833 1041 1855 ln
1065 1832 1169 1857 totum,
1186 1832 1215 1853 ut
1229 1831 1330 1856 totuin,
1346 1836 1400 1854 non

69 1864 134 1887 duas
142 1865 222 1888 modo
231 1868 389 1894 partes-ress)
400 1867 705 1895 soit-erentappeuure
717 1866 868 1890 debitorem
877 1867 1013 1895 proprium
1024 1866 1135 1890 verbum
1147 1868 1188 1888 cst
1196 1866 1228 1888 de
1236 1864 1400 1894 postulando

68 1899 181 1923 credito.
197 1901 263 1923 l-linc
283 1907 344 1924 mox
363 1901 517 1930 appellatis
534 1902 567 1924 de
586 1901 767 1924 debitoribus.
780 1914 806 1917 —
819 1906 841 1924 3.
856 1902 932 1924 Lem·
945 1901 1046 1925 credit.
1062 1905 1115 1923 -4-
1132 1901 1173 1924 Sc>
1189 1900 1281 1922 debita
1295 1899 1320 1921 in
1338 1900 1400 1927 jure

68 1936 295 1963 repetentibus.—
309 1942 331 1959 5.
344 1938 385 1959 Sc.
398 1937 469 1964 arca,
485 1936 554 1966 apud
571 1942 599 1958 se
613 1937 793 1959 retinuerant.
807 1937 862 1960 Nec
877 1937 949 1959 0111111
963 1935 1131 1959 debitoribus
1145 1935 1287 1964 pecuniam
1300 1934 1333 1957 ad
1346 1933 1401 1957 sol·

68 1969 185 1993 vendum
199 1972 293 1994 mutuo
307 1971 408 1995 dabant
422 1972 578 1999 0100110105,
594 1971 691 2000 quibus
708 1971 766 1999 agri
780 1972 858 1994 crant
869 1971 996 1998 emendi,·
1011 1976 1099 1999 neque
1113 1970 1184 1993 hona
1196 1975 1290 1992 eorum
1307 1968 1398 1991 statim

67 2005 213 2033 emebant,
229 2006 318 2030 viliori
332 2008 419 2035 pretio
431 2006 572 2030 coemendi
586 2006 757 2029 occasionem
769 2007 956 2035 exspectantes
969 2012 974 2028 :
987 2007 1014 2029 at
1027 2005 1195 2029 debitor1bus
1209 2004 1244 2028 ob
1257 2004 1346 2033 legem
1362 2002 1400 2026 vis

68 2041 148 2063 crant
161 2041 296 2064 vendendi
311 2047 316 2064 ε
332 2048 415 2070 quare
432 2042 523 2065 evcnit
537 2041 635 2065 υίιιεαε
649 2040 781 2064 1101101011]
794 2047 826 2064 ex
837 2041 985 2070 copia—6.
1002 2042 1039 2064 Ac
1058 2040 1171 2069 proinde
1190 2039 1266 2068 plura
1281 2038 1399 2062 vendere

68 2075 227 2105 cogebatur,
241 2082 273 2100 eo
288 2077 403 2106 α’ρνίυς,
418 2079 470 2101 etc.
485 2089 512 2093 ——
523 2082 545 2100 7.
561 2077 611 2100 Pro
625 2077 653 2099 in
667 2082 800 2105 proeceps,
813 2077 970 2106 usurpatum
981 2077 1074 2099 Tacito
1088 2077 1216 2104 tanquam
1230 2074 1397 2102 adverbium,

68 2111 191 2140 utsupra
205 2112 247 2139 IV,
261 2116 298 2140 62,
312 2118 436 2142 praeceps
451 2112 551 2137 trahit.
565 2118 622 2135 -0,
637 2111 730 2139 Nobis,
745 2112 817 2136 dans
829 2111 877 2135 des
891 2111 1014 2141 banques
1025 2111 1190 2140 publiques‚
1207 2110 1304 2140 quibus
1317 2115 1398 2133 sena-

68 2145 132 2169 torii
145 2146 248 2170 ordinis
267 2147 339 2171 viros
358 2148 528 2177 praefecerat.
551 2147 710 2176 sumpserat
725 2152 758 2172 ex
777 2147 873 2171 aerario
894 2146 954 2171 illos
979 2151 1114 2175 nasta-356⁰
1131 2145 1164 2170 tr.
1176 2150 1235 2169 -0,
1252 2146 1296 2169 Sc.
1317 2145 1398 2174 sunt,

68 2183 194 2209 aguntur.

97 2216 191 2241 XVIII.
213 2223 235 2241 1.
249 2218 413 2248 Pomponius
431 2218 533 2247 Macer,
552 2218 586 2242 ab
606 2219 727 2248 Augusto
744 2217 917 2242 bibliothecis
941 2217 1098 2241 ordinandis
1119 2216 1279 2246 praefectus,
1299 2216 1397 2240 deinde

68 2254 232 2280 procurator
247 2254 324 2277 Asiae.
336 2266 365 2271 --
375 2259 397 2277 2.
414 2255 451 2277 1“)0
468 2259 522 2283 quo
540 2254 564 2283 1,
579 2258 616 2277 72.
628 2267 655 2270 —
668 2259 692 2277 s.
707 2254 858 2283 Pompeius.
869 2265 897 2270 —
909 2258 932 2278 4.
950 2254 1078 2277 Nimirum
1093 2252 1271 2279 Theophanes
1287 2257 1303 2275 a
1316 2253 1396 2275 Pom-

68 2286 146 2315 peio,
163 2288 241 2317 cujus
253 2295 298 2313 res
312 2290 401 2318 gestas
420 2289 543 2313 versibus
567 2290 780 2319 perscripserat,
801 2289 897 2319 patriae
914 2289 992 2313 Lesbi
1012 2289 1166 2313 libertatem
1190 2287 1392 2317 impetraverat,

69 2321 195 2380 amissam
213 2323 276 2354 quia
294 2325 381 2349 Lesbii
401 2325 566 2349 Mithridatis
581 2326 674 2354 partes
692 2325 808 2354 amplexi
829 2324 945 2349 ruerant-
963 2324 1032 2349 Hinc
1051 2324 1169 2348 honores
1185 2323 1224 2347 illi
1242 2322 1275 2346 ab
1294 2321 1396 2346 Lesbiis

89 2358 184 2381 ecreti.

98 2392 172 2418 XIX.
188 2399 210 2418 1.
225 2394 323 2425 Supple
332 2395 392 2420 has.
404 2397 456 2421 Sed
469 2396 612 2425 legendum
624 2396 738 2424 videtur,
754 2396 877 2426 vertisse,
891 2396 1034 2422 auraria-s·
1046 2395 1114 2425 ejus,
1128 2398 1312 2425 quamquam,
1330 2392 1393 2416 etc..

46 2461 49 2464 .
70 2429 128 2454 sine
143 2435 243 2460 que.—·
255 2435 276 2455 2.
289 2431 447 2458 iracundior
461 2432 488 2456 et
501 2432 637 2457 crudelior
648 2432 748 2457 factus.
