1539 2668
105 192 163 222 148
501 189 634 218 TACITI
656 188 866 216 ANNALIUM
888 188 961 217 LIB.
985 189 1038 217 XI.

101 272 211 296 coram
223 287 231 302 ,
247 262 279 293 et
295 262 395 294 Suilio
412 262 667 301 corruptionem
685 260 848 298 militam,
868 269 950 301 quos
964 262 1115 300 pecunia
1131 263 1163 292 et
1181 261 1377 295 libidinibus
1393 264 1431 296 in,

100 313 192 342 omni
204 309 338 349 flaqitio
358 309 363 326 ¹
386 309 564 339 obstrictos
589 307 764 347 arguebat,
789 307 866 338 exin
884 308 1102 338 adulterium
1124 310 1301 350 Poppaeae,
1321 319 1358 342 ae
1377 320 1431 351 p0.

101 360 259 390 stremum
274 356 462 395 turpissima
480 364 618 394 quaeque
637 353 829 394 ohJectante.
848 354 888 384 ad
903 354 991 394 quod
1009 355 1095 386 victo
1111 354 1238 386 silentio
1251 354 1262 372 ²
1284 357 1432 397 prorupit

105 413 180 436 reus
194 428 202 443 ‚
218 403 445 443 ingressusque
462 402 684 433 defensionem
696 425 706 440 ,
725 403 890 432 commoto
904 402 1059 441 majorem
1077 402 1110 432 in
1127 401 1261 433 modum
1278 403 1410 435 Claudio
1422 427 1433 444 ‚

102 451 284 483 Messalinae
301 459 431 490 quoque
444 449 595 480 lacrimas
615 448 746 480 excivit.
764 448 882 488 quibus
900 448 1071 479 abluendis
1088 449 1240 480 cubiculo
1254 451 1433 492 egrediens,

103 499 213 529 monet
227 498 389 529 Vitellium
405 506 444 527 ne
458 496 540 527 elabi
559 505 649 527 reum
668 496 798 527 sineret.
815 496 882 535 ipsa
895 496 933 526 ad
947 496 1122 536 perniciem
1135 501 1281 536 Poppaeae
1292 497 1433 538 festinat,

103 545 244 576 subditis
260 544 314 584 qui
334 547 456 575 terrore
475 544 612 574 carceris
630 543 671 574 ad
692 543 909 574 voluntariam
936 546 1072 574 mortem
1096 544 1329 584 propellerent,
1352 544 1432 577 adeo

103 591 214 631 ignaro
231 596 375 629 Caesare,
393 593 429 621 ut
446 598 567 630 paucos
588 592 660 630 post
674 589 743 621 dies
760 590 945 630 epulantem
963 590 1046 630 apud
1064 598 1098 621 se
1116 591 1270 621 maritum
1285 592 1354 631 ejus
1371 592 1435 624 Sci-

104 639 232 679 pionem
248 639 513 678 percunctaretur
526 646 590 669 cur
606 639 679 669 sine
692 645 802 668 uxore
825 637 1070 677 discubuisset,
1094 638 1192 677 atque
1208 638 1261 669 ille
1267 637 1435 678 functam

98 686 184 726 fato
201 684 417 724 responderet.

147 736 201 764 111.
227 733 287 764 Sed
305 731 522 763 consultanti¹
539 739 635 771 snper
649 730 854 762 absolutione
869 731 1002 762 Asiatici
1019 731 1098 762 ssens
1115 731 1282 770 Vitellius,
1298 740 1437 763 comme-

103 783 230 811 morata
247 782 420 811 vetustate
435 780 595 810 amicitiai
610 801 618 816 ‚
633 780 740 818 utque
755 780 939 810 Antoniam
949 803 957 817 ‚
972 780 1146 818 Principis
1165 780 1332 818 matrem,
1343 781 1439 819 pari-

109 828 463 865 tei·olisai-cavissent,
481 825 555 856 dein
574 826 734 865 percursis
754 828 893 857 Asiatici
920 827 955 857 in
973 825 1222 865 rempublicam
1245 825 1367 865 officiis
1390 836 1439 859 re-

107 877 264 915 centique
280 874 445 905 aclrersas
463 874 694 904 Britanniam
710 873 859 912 ¹mttttta,
874 881 1011 912 quaeque
1033 872 1094 903 alia
1116 873 1326 904 conciliandae
1342 873 1438 905 mise-

107 921 255 953 ricordiae
272 921 486 958 videbantur,
507 919 655 951 liberam
669 922 698 951 ei
711 921 831 950 mortis
852 922 1041 951 arbitrium
1058 920 1203 959 permisit
1219 919 1230 937 ²
1248 929 1255 948 :
1274 923 1306 951 et
1327 922 1439 952 secuta

107 972 184 1000 sunt
202 968 326 1001 Claudii
341 967 439 998 verba
457 968 489 998 in
503 966 638 998 eandem
656 967 870 998 clementiam.
891 967 1096 998 hortantibus
1112 967 1229 998 dehinc
1242 967 1439 1007 quibusdam

108 1017 248 1047 inediam
267 1017 299 1047 et
321 1016 426 1047 lenem
444 1015 587 1053 exitum,
612 1016 787 1045 remittere
800 1014 811 1031 ὅ
830 1013 1026 1053 beneficiam
1042 1014 1201 1045 Asiaticus
1215 1014 1260 1045 ait
1275 1024 1281 1044 :
1301 1016 1335 1046 et
1347 1024 1440 1046 usur-

108 1064 191 1104 patis
204 1062 323 1103 quibus
344 1062 530 1093 insueverat
547 1061 834 1092 exercitationibus
847 1085 855 1100 ,
876 1062 964 1092 lanto
984 1070 1117 1101 corpore
1129 1086 1136 1100 ‚
1156 1062 1256 1092 hilare
1270 1062 1418 1102 epulatus
1431 1086 1439 1100 ,

109 1118 210 1149 quum
224 1119 258 1141 se
271 1110 444 1141 honestius
462 1108 658 1140 calliditate
683 1108 804 1139 Tiberii
824 1108 877 1138 vel
894 1110 1027 1147 impetu
1047 1110 1122 1139 Caii
1148 1110 1295 1139 Coesaris
1307 1111 1443 1148 perita-

109 1166 189 1188 rum
205 1157 214 1174 “⁴
240 1157 374 1188 dixisset
394 1164 499 1196 qaam
521 1154 612 1195 qaod
629 1153 766 1192 fraude
789 1154 950 1185 muliebri
971 1156 1003 1184 et
1031 1155 1203 1193 impudico
1234 1156 1362 1187 Vitellii
1383 1164 1442 1188 ore

108 1204 264 1242 caderet,
281 1212 379 1234 venas
395 1202 557 1240 exsolvit,
575 1201 646 1231 viso
663 1202 770 1231 tamen
791 1204 864 1231 ante
879 1209 955 1239 rogo
967 1201 1122 1240 jussoque
1146 1201 1337 1240 transferri
1357 1211 1444 1242 par-

110 1253 225 1282 temin
239 1252 361 1288 aliam,
379 1259 421 1281 ne
435 1251 587 1289 opacitas
612 1249 779 1279 arborum
801 1256 929 1288 vapore
946 1250 1030 1288 iqnis
1053 1249 1285 1279 minueretur.
1314 1250 1443 1281 tantum

108 1298 156 1329 illi
173 1297 355 1328 securitatis
373 1296 551 1327 novissime
566 1295 637 1326 fuit.

150 1348 204 1376 IV.
229 1345 392 1375 Vocantur
409 1345 484 1383 post
505 1344 574 1374 haec
597 1345 706 1374 Patres
720 1366 729 1381 ‚
757 1342 925 1382 pergitque
943 1341 1062 1372 Suilius
1080 1340 1198 1372 addere
1223 1351 1295 1373 reos
1313 1342 1443 1382 Equites

109 1396 273 1424 Romanos
294 1391 433 1421 illustres
446 1414 454 1429 ‚
485 1390 603 1430 quibus
630 1392 723 1421 Petra
749 1393 1013 1429 cognomentum.
1039 1398 1076 1419 ac
1093 1397 1190 1420 causa
1206 1389 1293 1420 necis
1320 1398 1358 1421 ex
1378 1399 1416 1421 eo
1433 1415 1442 1431 ,

110 1438 197 1480 quod
221 1438 355 1468 domum
381 1445 472 1467 suam
498 1437 668 1468 Mnesteris
688 1436 693 1453 ¹
727 1438 758 1467 et
782 1440 928 1476 Poppaeae
951 1436 1177 1475 congressibus
1203 1436 1442 1476 praebuissent3

109 1494 224 1517 verum
257 1487 438 1516 noetio-nce
462 1485 586 1524 qnietis
608 1482 755 1523 species2
784 1484 890 1514 alteri
914 1483 1067 1522 objeoeta,
1099 1485 1279 1523 tamquam
1304 1483 1444 1515 vidisset

112 1532 302 1565 Claudiam
315 1534 430 1571 spicea
444 1539 570 1561 corona
586 1532 775 1568 evinctum,
801 1532 903 1569 spicis
920 1533 1015 1562 retro
1029 1532 1198 1561 conversis
1209 1554 1219 1568 ,
1238 1538 1347 1571 eaque
1362 1532 1445 1562 ima-

109 1582 186 1622 yine
210 1580 423 1618 ‚armantem
439 1586 589 1608 (lililonoe
606 1577 788 1608 (liatisseffi.
812 1577 944 1617 quidam
964 1579 1192 1617 pampineam
1208 1585 1371 1608 coronam
1394 1577 1444 1609 al-

110 1626 266 1659 bentibus
274 1625 374 1663 foliis
390 1627 499 1656 visam
513 1626 618 1664 atque
633 1625 685 1654 ita
707 1626 982 1663 ‘interpretatam
1005 1623 1185 1663 tradidere,
1204 1627 1362 1664 vei-qente
1379 1633 1443 1656 au-

111 1675 250 1705 ctamno
275 1674 420 1703 mortem
436 1673 607 1710 Principis
627 1670 771 1701 ostendi.
795 1670 874 1700 illud
894 1670 979 1700 baud
1003 1670 1196 1709 ambigitur,
1227 1671 1444 1711 qualicunque

110 1720 275 1752 insomnio
297 1719 359 1759 ipsi
377 1719 532 1758 fratrique
552 1718 727 1758 perniciem
746 1717 888 1748 allatam.
911 1719 1099 1748 Sestertium
1114 1717 1304 1757 quindecies
1319 1717 1329 1735 ⁴
1349 1720 1380 1749 et
1396 1718 1443 1749 in-

110 1767 214 1807 signia
224 1769 374 1806 menturae
388 1766 536 1806 Crispino
550 1765 690 1795 decreta.
706 1764 825 1804 adjecit
837 1764 984 1795 Vitellius
995 1765 1178 1796 sestertium
1190 1764 1298 1795 decies
1309 1765 1443 1803 Sosibio,

109 1814 201 1856 quod
214 1816 459 1845 Britannicam
469 1813 668 1853 prceceptts,
686 1812 876 1843 Claudiam
889 1812 1037 1842 consitiis
1046 1812 1201 1851 juvaret.
1218 1813 1360 1851 Rogatus
1375 1821 1444 1844 sen-

110 1862 244 1893 tentiam
262 1863 294 1892 et
310 1861 416 1900 Scipio
429 1884 437 1900 ,
456 1868 564 1900 q'aam
577 1859 689 1897 idem,
709 1859 814 1898 inquit
829 1883 836 1897 ‚
856 1858 897 1889 (Ie
915 1858 1074 1889 (almissis
1087 1861 1247 1898 Poppaeoe
1258 1861 1446 1892 assentiam

111 1908 201 1950 qaod
214 1917 338 1946 omncs,
346 1909 471 1948 putate
488 1915 541 1938 me
557 1906 649 1937 ‘idem
663 1906 776 1937 (licere
793 1905 884 1946 qaod
894 1914 1020 1944 omnes,
1039 1906 1174 1945 eleganti
1187 1907 1445 1946 temperamento

111 1957 195 1987 inter
212 1956 411 1995 conjugalem
430 1963 573 1986 amorem
591 1955 623 1985 et
638 1954 831 1985 senatoriam
850 1953 1082 1984 necessitatem.

155 2008 193 2035 V.
219 2003 397 2035 Continuus
414 2002 489 2033 inde
505 2004 538 2033 et
554 2010 662 2033 saevus
676 2000 868 2032 accusandis
882 2001 943 2031 reis
960 2001 1076 2032 Suilius
1088 2024 1097 2040 ‚
1115 2001 1275 2041 multique
1299 2000 1445 2033 audaciae

112 2054 182 2091 ejus
191 2051 312 2082 aemuli.
321 2059 395 2081 nam
404 2052 520 2081 cuncta
528 2051 635 2089 legum
643 2052 675 2081 et
684 2051 929 2090 magistratuum
941 2048 1050 2080 munia
1064 2049 1096 2079 in
1110 2058 1144 2080 se
1157 2049 1287 2080 trahens
1294 2048 1445 2088 Princeps

114 2101 282 2132 materiam
300 2099 467 2140 praedandi
484 2098 676 2139 patefecerat
689 2109 697 2137 ;
715 2106 773 2129 nec
784 2097 959 2137 quicquam
973 2096 1109 2136 publicae
1123 2097 1241 2127 mercis
1253 2097 1320 2126 tam
1332 2095 1446 2127 venale

115 2149 178 2181 suit
196 2156 294 2188 quam
313 2148 546 2179 advocatorum
565 2147 572 2165 ¹
591 2147 724 2188 perfidia
735 2171 743 2186 ‚
757 2146 836 2177 adeo
854 2147 891 2177 ut
904 2146 1030 2177 Samius
1041 2169 1050 2185 ,
1067 2145 1202 2184 insignis
1216 2153 1314 2184 eques
1330 2148 1447 2176 Roma-

115 2204 178 2227 nus
190 2218 199 2234 ,
216 2195 458 2236 quadringentis
474 2204 688 2226 nummorum
699 2194 709 2212 ²
729 2194 872 2225 millibus
889 2193 989 2225 Suilio
1006 2192 1089 2224 datis
1104 2195 1136 2224 et
1152 2192 1280 2232 cognita
1293 2192 1445 2232 praevari-

146 2290 182 2314 Π.
204 2294 227 2313 ¹.
244 2289 287 2313 Sc.
304 2289 424 2312 Asiatici.
438 2302 465 2305 -—
476 2293 500 2312 2.
519 2288 597 2318 Quod
612 2288 664 2312 sibi
678 2289 861 2318 proposuerat
877 2287 1024 2312 Asiaticus.

147 2325 194 2349 lll.
209 2330 230 2348 ι.
245 2324 437 2352 Consultanti,
452 2325 528 2353 quasi
541 2325 672 2347 secuturo
686 2324 769 2348 verbo
780 2323 929 2352 respondit
940 2330 949 2345 .-
961 2321 1009 2346 sed
1023 2322 1171 2349 structura,
1186 2321 1248 2351 post
1261 2320 1354 2350 incisa,
1365 2319 1446 2345 aliter

117 2362 180 2386 exit.
193 2374 219 2377 —
232 2365 255 2384 2.
274 2360 486 2384 Permittendum
498 2360 605 2383 censuit
622 2359 777 2389 (Vitellius).
790 2372 817 2375 —
828 2365 849 2382 5.
865 2358 925 2381 Non
942 2357 1066 2386 accipere
1080 2363 1116 2381 se.
1132 2370 1159 2374 —
1171 2362 1192 2381 a.
1207 2358 1251 2381 Sc.
1264 2356 1355 2380 ruisse.

146 2397 188 2421 lv.
211 2402 231 2420 i.
248 2396 418 2420 pantomimi.
433 2409 458 2411 —
473 2400 495 2418 2.
511 2395 659 2418 Somnium.
675 2408 704 2412 —
721 2401 744 2418 a.
763 2396 795 2418 Et
812 2394 845 2418 ob
860 2394 885 2417 id
900 2393 985 2416 visum
999 2393 1032 2416 (le
1054 2394 1170 2416 caritate
1194 2397 1317 2421 annonae,
1331 2388 1447 2416 tortasse

115 2434 146 2457 ut
157 2437 204 2461 per
217 2431 355 2456 Claudium
369 2431 510 2459 eventurn,
526 2429 632 2453 locutus
648 2431 726 2454 esset.
738 2443 768 2447 —
784 2434 807 2453 4.
825 2433 923 2457 mnaso
936 2428 970 2452 rr.
1449 2430 1451 2451 1

146 2469 175 2493 V.
193 2473 215 2493 ι.
236 2468 416 2492 Pati-onerum
431 2467 459 2491 in
470 2466 569 2490 causis.
588 2479 614 2484 —
626 2471 649 2490 2.
661 2465 866 2494 sestertiorum,
883 2470 968 2495 prope
985 2468 1069 2493 80,000
1080 2463 1114 2489 tr.
1129 2477 1155 2482 -
1173 2469 1195 2488 5.
1210 2464 1322 2488 Ferrum
1334 2461 1447 2487 nitendo
