<?xml version="1.0" encoding="UTF-8"?>
<!DOCTYPE html PUBLIC "-//W3C//DTD XHTML 1.0 Transitional//EN"
    "http://www.w3.org/TR/xhtml1/DTD/xhtml1-transitional.dtd">
<html xmlns="http://www.w3.org/1999/xhtml" xml:lang="en" lang="en">
 <head>
  <title>
</title>
<meta http-equiv="Content-Type" content="text/html;charset=utf-8" />
  <meta name='ocr-system' content='tesseract 3.04.00' />
  <meta name='ocr-capabilities' content='ocr_page ocr_carea ocr_par ocr_line ocrx_word'/>
</head>
<body>
  <div class='ocr_page' id='page_1' title='image "./operaquaesupersu00taciuoft/operaquaesupersu00taciuoft_0058.png"; bbox 0 0 1539 2668; ppageno 0'>
   <div class='ocr_carea' id='block_1_1' title="bbox 117 145 1039 178">
    <p class='ocr_par' dir='ltr' id='par_1_1' title="bbox 117 145 1039 178">
     <span class='ocr_line' id='line_1_1' title="bbox 117 145 1039 178; baseline -0.002 0"><span class='ocrx_word' id='word_1_1' title='bbox 117 150 177 178; x_wconf 50' lang='lat'>262-</span> <span class='ocrx_word' id='word_1_2' title='bbox 524 145 656 175; x_wconf 75' lang='lat' dir='ltr'><strong>TAC&#39;ITI</strong></span> <span class='ocrx_word' id='word_1_3' title='bbox 680 145 988 175; x_wconf 59' lang='lat' dir='ltr'>ANNALIUMJLIm</span> <span class='ocrx_word' id='word_1_4' title='bbox 1013 145 1039 176; x_wconf 63' lang='lat'>1:</span> 
     </span>
    </p>
   </div>
   <div class='ocr_carea' id='block_1_2' title="bbox 112 218 1451 2389">
    <p class='ocr_par' dir='ltr' id='par_1_2' title="bbox 115 218 1450 878">
     <span class='ocr_line' id='line_1_2' title="bbox 117 218 1445 263; baseline 0.001 -10"><span class='ocrx_word' id='word_1_5' title='bbox 117 230 216 263; x_wconf 84' lang='lat' dir='ltr'>quos,</span> <span class='ocrx_word' id='word_1_6' title='bbox 233 219 371 259; x_wconf 73' lang='lat' dir='ltr'>amicos,</span> <span class='ocrx_word' id='word_1_7' title='bbox 387 219 526 259; x_wconf 83' lang='lat' dir='ltr'>denique</span> <span class='ocrx_word' id='word_1_8' title='bbox 539 219 580 250; x_wconf 92' lang='lat' dir='ltr'>ob</span> <span class='ocrx_word' id='word_1_9' title='bbox 594 227 688 251; x_wconf 83' lang='lat' dir='ltr'>casus</span> <span class='ocrx_word' id='word_1_10' title='bbox 702 218 858 251; x_wconf 83' lang='lat' dir='ltr'>bellorum</span> <span class='ocrx_word' id='word_1_11' title='bbox 877 220 910 252; x_wconf 82' lang='lat' dir='ltr'>et</span> <span class='ocrx_word' id='word_1_12' title='bbox 923 221 1048 252; x_wconf 64' lang='lat' dir='ltr'>&#39;sortem</span> <span class='ocrx_word' id='word_1_13' title='bbox 1068 219 1247 252; x_wconf 70' lang='lat' dir='ltr'>hominum:</span> <span class='ocrx_word' id='word_1_14' title='bbox 1277 223 1445 257; x_wconf 82' lang='lat' dir='ltr'>Praemisso</span> 
     </span>
     <span class='ocr_line' id='line_1_3' title="bbox 118 267 1447 309; baseline 0.002 -9"><span class='ocrx_word' id='word_1_15' title='bbox 118 269 244 301; x_wconf 52' lang='lat' dir='ltr'>(arcina</span> <span class='ocrx_word' id='word_1_16' title='bbox 258 291 265 304; x_wconf 93' lang='lat'>,</span> <span class='ocrx_word' id='word_1_17' title='bbox 291 269 328 299; x_wconf 90' lang='lat' dir='ltr'>ut</span> <span class='ocrx_word' id='word_1_18' title='bbox 350 267 479 298; x_wconf 55' lang='lat' dir='ltr'>occulta*</span> <span class='ocrx_word' id='word_1_19' title='bbox 500 267 641 298; x_wconf 81' lang='lat' dir='ltr'>saltuum</span> <span class='ocrx_word' id='word_1_20' title='bbox 665 268 885 307; x_wconf 79' lang='lat' dir='ltr'><strong>scrutaretur,</strong></span> <span class='ocrx_word' id='word_1_21' title='bbox 915 270 1095 309; x_wconf 79' lang='lat' dir='ltr'>pontesque</span> <span class='ocrx_word' id='word_1_22' title='bbox 1110 269 1142 299; x_wconf 87' lang='lat' dir='ltr'>et</span> <span class='ocrx_word' id='word_1_23' title='bbox 1166 276 1294 307; x_wconf 81' lang='lat' dir='ltr'>aggeres</span> <span class='ocrx_word' id='word_1_24' title='bbox 1312 269 1447 302; x_wconf 89' lang='lat' dir='ltr'>humido</span> 
     </span>
     <span class='ocr_line' id='line_1_4' title="bbox 118 314 1447 358; baseline 0.002 -10"><span class='ocrx_word' id='word_1_25' title='bbox 118 316 274 358; x_wconf 81' lang='lat' dir='ltr'>paludum</span> <span class='ocrx_word' id='word_1_26' title='bbox 289 316 322 346; x_wconf 71' lang='lat' dir='ltr'>et</span> <span class='ocrx_word' id='word_1_27' title='bbox 334 314 501 346; x_wconf 79' lang='lat' dir='ltr'>fallacibus</span> <span class='ocrx_word' id='word_1_28' title='bbox 514 315 638 354; x_wconf 88' lang='lat' dir='ltr'>campis</span> <span class='ocrx_word' id='word_1_29' title='bbox 655 314 848 354; x_wconf 80' lang='lat' dir='ltr'>imponeret,</span> <span class='ocrx_word' id='word_1_30' title='bbox 863 314 1019 347; x_wconf 86' lang='lat' dir='ltr'>incedunt</span> <span class='ocrx_word' id='word_1_31' title='bbox 1034 314 1046 333; x_wconf 89' lang='lat'>²</span> <span class='ocrx_word' id='word_1_32' title='bbox 1064 317 1192 346; x_wconf 85' lang='lat' dir='ltr'>maestos</span> <span class='ocrx_word' id='word_1_33' title='bbox 1206 316 1294 348; x_wconf 88' lang='lat' dir='ltr'>locos</span> <span class='ocrx_word' id='word_1_34' title='bbox 1310 315 1447 357; x_wconf 85' lang='lat' dir='ltr'>visuque</span> 
     </span>
     <span class='ocr_line' id='line_1_5' title="bbox 118 361 1449 404; baseline -0.001 -8"><span class='ocrx_word' id='word_1_35' title='bbox 118 373 156 396; x_wconf 91' lang='lat' dir='ltr'>ac</span> <span class='ocrx_word' id='word_1_36' title='bbox 174 362 331 395; x_wconf 83' lang='lat' dir='ltr'>memoria</span> <span class='ocrx_word' id='word_1_37' title='bbox 346 361 518 393; x_wconf 78' lang='lat' dir='ltr'>deformes.</span> <span class='ocrx_word' id='word_1_38' title='bbox 540 362 642 401; x_wconf 85' lang='lat' dir='ltr'>prima</span> <span class='ocrx_word' id='word_1_39' title='bbox 661 362 738 392; x_wconf 86' lang='lat' dir='ltr'>Vari</span> <span class='ocrx_word' id='word_1_40' title='bbox 752 363 873 402; x_wconf 80' lang='lat' dir='ltr'>castra,</span> <span class='ocrx_word' id='word_1_41' title='bbox 891 361 957 394; x_wconf 85' lang='lat' dir='ltr'>lato</span> <span class='ocrx_word' id='word_1_42' title='bbox 979 362 1102 394; x_wconf 84' lang='lat' dir='ltr'>ambitu</span> <span class='ocrx_word' id='word_1_43' title='bbox 1126 364 1159 394; x_wconf 88' lang='lat' dir='ltr'>et</span> <span class='ocrx_word' id='word_1_44' title='bbox 1181 362 1338 395; x_wconf 51' lang='lat' dir='ltr'>dimensis¹</span> <span class='ocrx_word' id='word_1_45' title='bbox 1361 364 1449 404; x_wconf 81' lang='lat' dir='ltr'>prin·-</span> 
     </span>
     <span class='ocr_line' id='line_1_6' title="bbox 117 408 1447 452; baseline -0.001 -9"><span class='ocrx_word' id='word_1_46' title='bbox 117 411 210 452; x_wconf 85' lang='lat' dir='ltr'>cipiis</span> <span class='ocrx_word' id='word_1_47' title='bbox 225 410 238 428; x_wconf 85' lang='lat'><strong>³</strong></span> <span class='ocrx_word' id='word_1_48' title='bbox 253 435 261 450; x_wconf 95' lang='lat'>,</span> <span class='ocrx_word' id='word_1_49' title='bbox 283 409 381 441; x_wconf 86' lang='lat' dir='ltr'>trium</span> <span class='ocrx_word' id='word_1_50' title='bbox 401 408 561 449; x_wconf 84' lang='lat' dir='ltr'>legionum</span> <span class='ocrx_word' id='word_1_51' title='bbox 583 417 701 440; x_wconf 87' lang='lat' dir='ltr'>manus</span> <span class='ocrx_word' id='word_1_52' title='bbox 713 408 936 449; x_wconf 87' lang='lat' dir='ltr'>ostentabant;</span> <span class='ocrx_word' id='word_1_53' title='bbox 954 409 1029 441; x_wconf 89' lang='lat' dir='ltr'>dein</span> <span class='ocrx_word' id='word_1_54' title='bbox 1045 408 1055 428; x_wconf 74' lang='lat'><strong><em>⁴</em></strong></span> <span class='ocrx_word' id='word_1_55' title='bbox 1084 409 1242 441; x_wconf 84' lang='lat' dir='ltr'>semiruto</span> <span class='ocrx_word' id='word_1_56' title='bbox 1258 409 1360 450; x_wconf 84' lang='lat' dir='ltr'>vallo,</span> <span class='ocrx_word' id='word_1_57' title='bbox 1386 410 1447 442; x_wconf 80' lang='lat' dir='ltr'>hu·-</span> 
     </span>
     <span class='ocr_line' id='line_1_7' title="bbox 117 455 1448 499; baseline -0.002 -8"><span class='ocrx_word' id='word_1_58' title='bbox 117 459 186 491; x_wconf 80' lang='lat' dir='ltr'>mili</span> <span class='ocrx_word' id='word_1_59' title='bbox 202 458 297 497; x_wconf 79' lang='lat' dir='ltr'>fossa,</span> <span class='ocrx_word' id='word_1_60' title='bbox 313 458 423 489; x_wconf 84' lang='lat' dir='ltr'>accisae</span> <span class='ocrx_word' id='word_1_61' title='bbox 438 457 449 475; x_wconf 79' lang='lat'><strong>⁵</strong></span> <span class='ocrx_word' id='word_1_62' title='bbox 465 456 531 496; x_wconf 86' lang='lat' dir='ltr'>jam</span> <span class='ocrx_word' id='word_1_63' title='bbox 549 456 694 496; x_wconf 74' lang='lat' dir='ltr'>reliquiae</span> <span class='ocrx_word' id='word_1_64' title='bbox 710 456 896 488; x_wconf 73' lang='lat' dir='ltr'><strong>consedisse</strong></span> <span class='ocrx_word' id='word_1_65' title='bbox 917 455 1178 497; x_wconf 74' lang='lat' dir='ltr'>intelligebantur</span> <span class='ocrx_word' id='word_1_66' title='bbox 1196 467 1204 488; x_wconf 75' lang='grc' dir='ltr'>ε</span> <span class='ocrx_word' id='word_1_67' title='bbox 1220 457 1327 489; x_wconf 82' lang='lat' dir='ltr'>medio</span> <span class='ocrx_word' id='word_1_68' title='bbox 1342 456 1448 499; x_wconf 85' lang='lat' dir='ltr'>campi</span> 
     </span>
     <span class='ocr_line' id='line_1_8' title="bbox 118 503 1448 545; baseline -0.002 -7"><span class='ocrx_word' id='word_1_69' title='bbox 118 506 257 538; x_wconf 75' lang='lat' dir='ltr'><strong>albentia</strong></span> <span class='ocrx_word' id='word_1_70' title='bbox 274 514 347 536; x_wconf 83' lang='lat' dir='ltr'>ossa</span> <span class='ocrx_word' id='word_1_71' title='bbox 359 529 367 545; x_wconf 89' lang='lat'>‚</span> <span class='ocrx_word' id='word_1_72' title='bbox 386 506 420 535; x_wconf 90' lang='lat' dir='ltr'>ut</span> <span class='ocrx_word' id='word_1_73' title='bbox 436 504 447 522; x_wconf 74' lang='lat'><strong><em>⁶</em></strong></span> <span class='ocrx_word' id='word_1_74' title='bbox 458 504 626 544; x_wconf 81' lang='lat' dir='ltr'>fugerant,</span> <span class='ocrx_word' id='word_1_75' title='bbox 643 505 680 536; x_wconf 86' lang='lat' dir='ltr'>ut</span> <span class='ocrx_word' id='word_1_76' title='bbox 693 503 899 543; x_wconf 87' lang='lat' dir='ltr'>restiterant,</span> <span class='ocrx_word' id='word_1_77' title='bbox 917 504 1048 544; x_wconf 84' lang='lat' dir='ltr'>disjecta</span> <span class='ocrx_word' id='word_1_78' title='bbox 1072 505 1120 536; x_wconf 82' lang='lat' dir='ltr'>vel</span> <span class='ocrx_word' id='word_1_79' title='bbox 1138 508 1298 545; x_wconf 78' lang='lat' dir='ltr'>aggerata.</span> <span class='ocrx_word' id='word_1_80' title='bbox 1316 504 1448 545; x_wconf 81' lang='lat' dir='ltr'>adjace-</span> 
     </span>
     <span class='ocr_line' id='line_1_9' title="bbox 116 551 1447 593; baseline -0.002 -7"><span class='ocrx_word' id='word_1_81' title='bbox 116 554 195 586; x_wconf 80' lang='lat' dir='ltr'>bant</span> <span class='ocrx_word' id='word_1_82' title='bbox 212 553 367 593; x_wconf 80' lang='lat' dir='ltr'>fragmina</span> <span class='ocrx_word' id='word_1_83' title='bbox 382 552 521 583; x_wconf 86' lang='lat' dir='ltr'>telorum</span> <span class='ocrx_word' id='word_1_84' title='bbox 534 560 756 591; x_wconf 85' lang='lat' dir='ltr'>equorumque</span> <span class='ocrx_word' id='word_1_85' title='bbox 772 555 874 591; x_wconf 86' lang='lat' dir='ltr'>artus,</span> <span class='ocrx_word' id='word_1_86' title='bbox 890 551 985 583; x_wconf 87' lang='lat' dir='ltr'>simul</span> <span class='ocrx_word' id='word_1_87' title='bbox 1004 553 1127 584; x_wconf 84' lang='lat' dir='ltr'>truncis</span> <span class='ocrx_word' id='word_1_88' title='bbox 1141 552 1292 583; x_wconf 87' lang='lat' dir='ltr'>arborum</span> <span class='ocrx_word' id='word_1_89' title='bbox 1307 551 1447 584; x_wconf 82' lang='lat' dir='ltr'>antefixa</span> 
     </span>
     <span class='ocr_line' id='line_1_10' title="bbox 116 598 1446 640; baseline -0.002 -7"><span class='ocrx_word' id='word_1_90' title='bbox 116 610 170 633; x_wconf 86' lang='lat' dir='ltr'>ora</span> <span class='ocrx_word' id='word_1_91' title='bbox 190 611 198 633; x_wconf 68' lang='grc' dir='ltr'><strong><em>τ</em></strong></span> <span class='ocrx_word' id='word_1_92' title='bbox 221 601 303 632; x_wconf 82' lang='lat' dir='ltr'>lucis</span> <span class='ocrx_word' id='word_1_93' title='bbox 330 599 520 640; x_wconf 81' lang='lat' dir='ltr'>propinquis</span> <span class='ocrx_word' id='word_1_94' title='bbox 546 598 692 630; x_wconf 84' lang='lat' dir='ltr'>barbarae</span> <span class='ocrx_word' id='word_1_95' title='bbox 714 608 799 638; x_wconf 83' lang='lat' dir='ltr'>arae,</span> <span class='ocrx_word' id='word_1_96' title='bbox 826 599 909 640; x_wconf 82' lang='lat' dir='ltr'>apud</span> <span class='ocrx_word' id='word_1_97' title='bbox 929 608 1009 639; x_wconf 88' lang='lat' dir='ltr'>quas</span> <span class='ocrx_word' id='word_1_98' title='bbox 1026 599 1176 630; x_wconf 86' lang='lat' dir='ltr'>tribunos</span> <span class='ocrx_word' id='word_1_99' title='bbox 1203 609 1241 631; x_wconf 84' lang='lat' dir='ltr'>ac</span> <span class='ocrx_word' id='word_1_100' title='bbox 1265 599 1446 640; x_wconf 88' lang='lat' dir='ltr'>primorum</span> 
     </span>
     <span class='ocr_line' id='line_1_11' title="bbox 116 646 1448 688; baseline 0 -9"><span class='ocrx_word' id='word_1_101' title='bbox 116 648 266 679; x_wconf 82' lang='lat' dir='ltr'>ordinum</span> <span class='ocrx_word' id='word_1_102' title='bbox 281 646 484 678; x_wconf 77' lang='lat' dir='ltr'>centuriones</span> <span class='ocrx_word' id='word_1_103' title='bbox 500 648 733 678; x_wconf 80' lang='lat' dir='ltr'>mactaverant.</span> <span class='ocrx_word' id='word_1_104' title='bbox 751 648 783 677; x_wconf 85' lang='lat' dir='ltr'>et</span> <span class='ocrx_word' id='word_1_105' title='bbox 796 646 897 678; x_wconf 88' lang='lat' dir='ltr'>cladis</span> <span class='ocrx_word' id='word_1_106' title='bbox 912 647 980 688; x_wconf 85' lang='lat' dir='ltr'>ejus</span> <span class='ocrx_word' id='word_1_107' title='bbox 999 647 1187 686; x_wconf 79' lang='lat' dir='ltr'>superstites</span> <span class='ocrx_word' id='word_1_108' title='bbox 1203 671 1212 687; x_wconf 88' lang='lat'>‚</span> <span class='ocrx_word' id='word_1_109' title='bbox 1233 656 1372 687; x_wconf 78' lang='lat' dir='ltr'>pugnam</span> <span class='ocrx_word' id='word_1_110' title='bbox 1390 648 1448 679; x_wconf 80' lang='lat' dir='ltr'>aut</span> 
     </span>
     <span class='ocr_line' id='line_1_12' title="bbox 115 693 1450 736; baseline 0.001 -11"><span class='ocrx_word' id='word_1_111' title='bbox 115 695 244 726; x_wconf 84' lang='lat' dir='ltr'>vincula</span> <span class='ocrx_word' id='word_1_112' title='bbox 258 694 371 734; x_wconf 85' lang='lat' dir='ltr'>elapsi,</span> <span class='ocrx_word' id='word_1_113' title='bbox 393 693 574 725; x_wconf 74' lang='lat' dir='ltr'>referebant</span> <span class='ocrx_word' id='word_1_114' title='bbox 592 707 606 720; x_wconf 91' lang='lat'>«</span> <span class='ocrx_word' id='word_1_115' title='bbox 621 693 674 724; x_wconf 90' lang='lat' dir='ltr'>hic</span> <span class='ocrx_word' id='word_1_116' title='bbox 691 693 844 725; x_wconf 83' lang='lat' dir='ltr'>cecidisse</span> <span class='ocrx_word' id='word_1_117' title='bbox 860 693 993 734; x_wconf 83' lang='lat' dir='ltr'>legatos,</span> <span class='ocrx_word' id='word_1_118' title='bbox 1008 694 1073 724; x_wconf 84' lang='lat' dir='ltr'>illic</span> <span class='ocrx_word' id='word_1_119' title='bbox 1095 697 1200 734; x_wconf 83' lang='lat' dir='ltr'>raptas</span> <span class='ocrx_word' id='word_1_120' title='bbox 1219 693 1367 734; x_wconf 83' lang='lat' dir='ltr'>aquilas3</span> <span class='ocrx_word' id='word_1_121' title='bbox 1388 695 1450 736; x_wconf 90' lang='lat' dir='ltr'>pri-</span> 
     </span>
     <span class='ocr_line' id='line_1_13' title="bbox 119 740 1447 779; baseline 0.001 -6"><span class='ocrx_word' id='word_1_122' title='bbox 119 755 133 769; x_wconf 92' lang='lat'>«</span> <span class='ocrx_word' id='word_1_123' title='bbox 153 752 241 773; x_wconf 88' lang='lat' dir='ltr'>mum</span> <span class='ocrx_word' id='word_1_124' title='bbox 260 741 314 772; x_wconf 91' lang='lat' dir='ltr'>ubi</span> <span class='ocrx_word' id='word_1_125' title='bbox 331 741 448 772; x_wconf 88' lang='lat' dir='ltr'>vulnus</span> <span class='ocrx_word' id='word_1_126' title='bbox 466 744 550 772; x_wconf 81' lang='lat' dir='ltr'>Varo</span> <span class='ocrx_word' id='word_1_127' title='bbox 565 741 729 779; x_wconf 86' lang='lat' dir='ltr'>adactum⁷</span> <span class='ocrx_word' id='word_1_128' title='bbox 748 740 804 772; x_wconf 88' lang='lat' dir='ltr'>ubi</span> <span class='ocrx_word' id='word_1_129' title='bbox 820 740 938 772; x_wconf 78' lang='lat' dir='ltr'>infelici</span> <span class='ocrx_word' id='word_1_130' title='bbox 957 740 1088 771; x_wconf 79' lang='lat' dir='ltr'>dextera</span> <span class='ocrx_word' id='word_1_131' title='bbox 1103 742 1134 772; x_wconf 90' lang='lat' dir='ltr'>et</span> <span class='ocrx_word' id='word_1_132' title='bbox 1150 749 1209 771; x_wconf 91' lang='lat' dir='ltr'>suo</span> <span class='ocrx_word' id='word_1_133' title='bbox 1227 740 1293 772; x_wconf 89' lang='lat' dir='ltr'>ictu</span> <span class='ocrx_word' id='word_1_134' title='bbox 1311 743 1447 774; x_wconf 86' lang='lat' dir='ltr'>mortem</span> 
     </span>
     <span class='ocr_line' id='line_1_14' title="bbox 118 787 1446 829; baseline -0.001 -8"><span class='ocrx_word' id='word_1_135' title='bbox 118 803 132 816; x_wconf 77' lang='grc' dir='ltr'>«ι</span> <span class='ocrx_word' id='word_1_136' title='bbox 153 789 330 827; x_wconf 84' lang='lat' dir='ltr'>invenerit;</span> <span class='ocrx_word' id='word_1_137' title='bbox 349 797 414 828; x_wconf 88' lang='lat' dir='ltr'>quo</span> <span class='ocrx_word' id='word_1_138' title='bbox 430 787 582 819; x_wconf 85' lang='lat' dir='ltr'>tribunali</span> <span class='ocrx_word' id='word_1_139' title='bbox 600 788 811 820; x_wconf 85' lang='lat' dir='ltr'>concionatus</span> <span class='ocrx_word' id='word_1_140' title='bbox 827 788 1004 828; x_wconf 79' lang='lat' dir='ltr'>Arminius,</span> <span class='ocrx_word' id='word_1_141' title='bbox 1027 790 1109 828; x_wconf 87' lang='lat' dir='ltr'>quot</span> <span class='ocrx_word' id='word_1_142' title='bbox 1126 787 1269 829; x_wconf 85' lang='lat' dir='ltr'>patibula</span> <span class='ocrx_word' id='word_1_143' title='bbox 1284 788 1424 829; x_wconf 85' lang='lat' dir='ltr'>captivis</span> <span class='ocrx_word' id='word_1_144' title='bbox 1438 813 1446 828; x_wconf 92' lang='lat'>,</span> 
     </span>
     <span class='ocr_line' id='line_1_15' title="bbox 118 835 1273 878; baseline -0.002 -13"><span class='ocrx_word' id='word_1_145' title='bbox 118 850 133 864; x_wconf 90' lang='lat'>«</span> <span class='ocrx_word' id='word_1_146' title='bbox 151 845 226 878; x_wconf 82' lang='lat' dir='ltr'>qnae</span> <span class='ocrx_word' id='word_1_147' title='bbox 239 835 382 874; x_wconf 88' lang='lat' dir='ltr'>scrobes,</span> <span class='ocrx_word' id='word_1_148' title='bbox 400 837 500 875; x_wconf 88' lang='lat' dir='ltr'>utque</span> <span class='ocrx_word' id='word_1_149' title='bbox 516 836 614 876; x_wconf 80' lang='lat' dir='ltr'>signis</span> <span class='ocrx_word' id='word_1_150' title='bbox 630 837 662 867; x_wconf 83' lang='lat' dir='ltr'>et</span> <span class='ocrx_word' id='word_1_151' title='bbox 678 835 799 875; x_wconf 83' lang='lat' dir='ltr'>aquilis</span> <span class='ocrx_word' id='word_1_152' title='bbox 820 844 876 876; x_wconf 83' lang='lat' dir='ltr'>per</span> <span class='ocrx_word' id='word_1_153' title='bbox 893 835 1077 875; x_wconf 78' lang='lat' dir='ltr'>superbiam</span> <span class='ocrx_word' id='word_1_154' title='bbox 1093 835 1239 867; x_wconf 81' lang='lat' dir='ltr'>illuserit.</span> <span class='ocrx_word' id='word_1_155' title='bbox 1258 848 1273 863; x_wconf 69' lang='grc' dir='ltr'>ι»</span> 
     </span>
    </p>

    <p class='ocr_par' dir='ltr' id='par_1_3' title="bbox 115 881 1451 1299">
     <span class='ocr_line' id='line_1_16' title="bbox 158 881 1449 923; baseline -0.002 -8"><span class='ocrx_word' id='word_1_156' title='bbox 158 887 250 915; x_wconf 87' lang='lat' dir='ltr'><strong>LXII.</strong></span> <span class='ocrx_word' id='word_1_157' title='bbox 276 884 376 923; x_wconf 77' lang='lat' dir='ltr'>Igitur</span> <span class='ocrx_word' id='word_1_158' title='bbox 393 883 400 900; x_wconf 92' lang='lat'>¹</span> <span class='ocrx_word' id='word_1_159' title='bbox 422 887 586 915; x_wconf 80' lang='lat' dir='ltr'>Romanus</span> <span class='ocrx_word' id='word_1_160' title='bbox 599 908 607 923; x_wconf 90' lang='lat'>,</span> <span class='ocrx_word' id='word_1_161' title='bbox 629 883 684 923; x_wconf 89' lang='lat' dir='ltr'>qui</span> <span class='ocrx_word' id='word_1_162' title='bbox 705 883 836 923; x_wconf 86' lang='lat' dir='ltr'>aderat,</span> <span class='ocrx_word' id='word_1_163' title='bbox 855 883 1019 914; x_wconf 84' lang='lat' dir='ltr'>exercitus</span> <span class='ocrx_word' id='word_1_164' title='bbox 1037 884 1163 914; x_wconf 85' lang='lat' dir='ltr'>sextum</span> <span class='ocrx_word' id='word_1_165' title='bbox 1193 884 1263 923; x_wconf 87' lang='lat' dir='ltr'>post</span> <span class='ocrx_word' id='word_1_166' title='bbox 1278 881 1449 914; x_wconf 50' lang='lat' dir='ltr'>cladis‘an-</span> 
     </span>
     <span class='ocr_line' id='line_1_17' title="bbox 116 929 1449 971; baseline -0.002 -8"><span class='ocrx_word' id='word_1_167' title='bbox 116 941 194 963; x_wconf 88' lang='lat' dir='ltr'>num</span> <span class='ocrx_word' id='word_1_168' title='bbox 208 932 306 962; x_wconf 87' lang='lat' dir='ltr'>trium</span> <span class='ocrx_word' id='word_1_169' title='bbox 325 930 487 971; x_wconf 77' lang='lat' dir='ltr'>legionum</span> <span class='ocrx_word' id='word_1_170' title='bbox 502 939 595 969; x_wconf 87' lang='lat' dir='ltr'>ossa,</span> <span class='ocrx_word' id='word_1_171' title='bbox 614 930 704 961; x_wconf 89' lang='lat' dir='ltr'>nullo</span> <span class='ocrx_word' id='word_1_172' title='bbox 723 931 899 969; x_wconf 87' lang='lat' dir='ltr'>noscente,</span> <span class='ocrx_word' id='word_1_173' title='bbox 917 929 1038 960; x_wconf 86' lang='lat' dir='ltr'>alienas</span> <span class='ocrx_word' id='word_1_174' title='bbox 1062 929 1211 970; x_wconf 77' lang='lat' dir='ltr'>reliquias</span> <span class='ocrx_word' id='word_1_175' title='bbox 1223 953 1231 968; x_wconf 92' lang='lat'>,</span> <span class='ocrx_word' id='word_1_176' title='bbox 1249 939 1291 961; x_wconf 89' lang='lat' dir='ltr'>an</span> <span class='ocrx_word' id='word_1_177' title='bbox 1313 937 1449 961; x_wconf 84' lang='lat' dir='ltr'>suorum</span> 
     </span>
     <span class='ocr_line' id='line_1_18' title="bbox 116 976 1448 1017; baseline -0.002 -7"><span class='ocrx_word' id='word_1_178' title='bbox 116 980 216 1010; x_wconf 86' lang='lat' dir='ltr'>humo</span> <span class='ocrx_word' id='word_1_179' title='bbox 231 980 365 1017; x_wconf 78' lang='lat' dir='ltr'>tegeret,</span> <span class='ocrx_word' id='word_1_180' title='bbox 380 986 493 1009; x_wconf 90' lang='lat' dir='ltr'>omues</span> <span class='ocrx_word' id='word_1_181' title='bbox 510 978 546 1008; x_wconf 86' lang='lat' dir='ltr'>ut</span> <span class='ocrx_word' id='word_1_182' title='bbox 570 976 761 1016; x_wconf 87' lang='lat' dir='ltr'>conjunctos</span> <span class='ocrx_word' id='word_1_183' title='bbox 773 1001 781 1016; x_wconf 92' lang='lat'>‚</span> <span class='ocrx_word' id='word_1_184' title='bbox 806 979 842 1007; x_wconf 93' lang='lat' dir='ltr'>ut</span> <span class='ocrx_word' id='word_1_185' title='bbox 859 976 1111 1016; x_wconf 65' lang='lat' dir='ltr'>consanguineos</span> <span class='ocrx_word' id='word_1_186' title='bbox 1122 1000 1130 1015; x_wconf 93' lang='lat'>,</span> <span class='ocrx_word' id='word_1_187' title='bbox 1160 979 1254 1008; x_wconf 86' lang='lat' dir='ltr'>aucta</span> <span class='ocrx_word' id='word_1_188' title='bbox 1269 976 1302 1008; x_wconf 87' lang='lat' dir='ltr'>in</span> <span class='ocrx_word' id='word_1_189' title='bbox 1320 976 1448 1008; x_wconf 84' lang='lat' dir='ltr'>hostem</span> 
     </span>
     <span class='ocr_line' id='line_1_19' title="bbox 116 1023 1448 1066; baseline -0.002 -8"><span class='ocrx_word' id='word_1_190' title='bbox 116 1027 181 1066; x_wconf 83' lang='lat' dir='ltr'>ira,</span> <span class='ocrx_word' id='word_1_191' title='bbox 200 1025 303 1057; x_wconf 82' lang='lat' dir='ltr'>maesti</span> <span class='ocrx_word' id='word_1_192' title='bbox 329 1025 426 1056; x_wconf 86' lang='lat' dir='ltr'>simul</span> <span class='ocrx_word' id='word_1_193' title='bbox 448 1027 479 1055; x_wconf 91' lang='lat' dir='ltr'>et</span> <span class='ocrx_word' id='word_1_194' title='bbox 503 1023 619 1055; x_wconf 79' lang='lat' dir='ltr'>infensi</span> <span class='ocrx_word' id='word_1_195' title='bbox 645 1024 838 1055; x_wconf 84' lang='lat' dir='ltr'>condebant.</span> <span class='ocrx_word' id='word_1_196' title='bbox 861 1024 1002 1064; x_wconf 85' lang='lat' dir='ltr'>primum</span> <span class='ocrx_word' id='word_1_197' title='bbox 1022 1024 1219 1055; x_wconf 56' lang='lat' dir='ltr'>exstruendo</span> <span class='ocrx_word' id='word_1_198' title='bbox 1244 1023 1372 1055; x_wconf 89' lang='lat' dir='ltr'>tumulo</span> <span class='ocrx_word' id='word_1_199' title='bbox 1394 1032 1448 1055; x_wconf 86' lang='lat' dir='ltr'>ce-</span> 
     </span>
     <span class='ocr_line' id='line_1_20' title="bbox 116 1070 1448 1114; baseline -0.003 -8"><span class='ocrx_word' id='word_1_200' title='bbox 116 1074 232 1114; x_wconf 86' lang='lat' dir='ltr'>spitem</span> <span class='ocrx_word' id='word_1_201' title='bbox 250 1078 355 1104; x_wconf 83' lang='lat' dir='ltr'>Caesar</span> <span class='ocrx_word' id='word_1_202' title='bbox 372 1072 474 1112; x_wconf 82' lang='lat' dir='ltr'>posuit</span> <span class='ocrx_word' id='word_1_203' title='bbox 493 1072 675 1112; x_wconf 81' lang='lat' dir='ltr'>gratissimo</span> <span class='ocrx_word' id='word_1_204' title='bbox 693 1081 825 1102; x_wconf 82' lang='lat' dir='ltr'>munere</span> <span class='ocrx_word' id='word_1_205' title='bbox 841 1071 875 1102; x_wconf 93' lang='lat' dir='ltr'>in</span> <span class='ocrx_word' id='word_1_206' title='bbox 893 1071 1063 1102; x_wconf 87' lang='lat' dir='ltr'>defunctos</span> <span class='ocrx_word' id='word_1_207' title='bbox 1080 1073 1112 1102; x_wconf 87' lang='lat' dir='ltr'>et</span> <span class='ocrx_word' id='word_1_208' title='bbox 1128 1071 1342 1111; x_wconf 75' lang='lat' dir='ltr'>praesentibus</span> <span class='ocrx_word' id='word_1_209' title='bbox 1356 1070 1448 1102; x_wconf 89' lang='lat' dir='ltr'>dolo-</span> 
     </span>
     <span class='ocr_line' id='line_1_21' title="bbox 115 1117 1451 1159; baseline -0.002 -7"><span class='ocrx_word' id='word_1_210' title='bbox 115 1122 160 1152; x_wconf 82' lang='lat' dir='ltr'>ris</span> <span class='ocrx_word' id='word_1_211' title='bbox 174 1121 295 1152; x_wconf 80' lang='lat' dir='ltr'>socius.</span> <span class='ocrx_word' id='word_1_212' title='bbox 311 1119 404 1159; x_wconf 85' lang='lat' dir='ltr'>Quod</span> <span class='ocrx_word' id='word_1_213' title='bbox 417 1119 548 1150; x_wconf 81' lang='lat' dir='ltr'>Tiberio</span> <span class='ocrx_word' id='word_1_214' title='bbox 562 1119 645 1149; x_wconf 87' lang='lat' dir='ltr'>haud</span> <span class='ocrx_word' id='word_1_215' title='bbox 662 1118 847 1159; x_wconf 84' lang='lat' dir='ltr'>probatum,</span> <span class='ocrx_word' id='word_1_216' title='bbox 857 1127 913 1149; x_wconf 63' lang='lat' dir='ltr'>sou</span> <span class='ocrx_word' id='word_1_217' title='bbox 928 1120 1047 1149; x_wconf 88' lang='lat' dir='ltr'>cuncta</span> <span class='ocrx_word' id='word_1_218' title='bbox 1060 1118 1238 1149; x_wconf 82' lang='lat' dir='ltr'>Germanici</span> <span class='ocrx_word' id='word_1_219' title='bbox 1255 1117 1289 1149; x_wconf 90' lang='lat' dir='ltr'>in</span> <span class='ocrx_word' id='word_1_220' title='bbox 1304 1117 1451 1150; x_wconf 77' lang='lat' dir='ltr'>deterius</span> 
     </span>
     <span class='ocr_line' id='line_1_22' title="bbox 115 1164 1447 1206; baseline -0.002 -7"><span class='ocrx_word' id='word_1_221' title='bbox 115 1168 256 1200; x_wconf 79' lang='lat' dir='ltr'>trahenti</span> <span class='ocrx_word' id='word_1_222' title='bbox 270 1191 278 1206; x_wconf 93' lang='lat'>,</span> <span class='ocrx_word' id='word_1_223' title='bbox 296 1167 365 1198; x_wconf 85' lang='lat' dir='ltr'>sive</span> <span class='ocrx_word' id='word_1_224' title='bbox 380 1167 559 1197; x_wconf 85' lang='lat' dir='ltr'>exercitum</span> <span class='ocrx_word' id='word_1_225' title='bbox 575 1165 715 1205; x_wconf 79' lang='lat' dir='ltr'>imagine</span> <span class='ocrx_word' id='word_1_226' title='bbox 731 1174 890 1196; x_wconf 84' lang='lat' dir='ltr'>caesorum</span> <span class='ocrx_word' id='word_1_227' title='bbox 911 1165 1208 1205; x_wconf 85' lang='lat' dir='ltr'>insepultorumque</span> <span class='ocrx_word' id='word_1_228' title='bbox 1222 1165 1386 1197; x_wconf 85' lang='lat' dir='ltr'>tardatum</span> <span class='ocrx_word' id='word_1_229' title='bbox 1405 1164 1447 1197; x_wconf 86' lang='lat' dir='ltr'>ad</span> 
     </span>
     <span class='ocr_line' id='line_1_23' title="bbox 115 1212 1449 1256; baseline -0.001 -10"><span class='ocrx_word' id='word_1_230' title='bbox 115 1215 225 1256; x_wconf 79' lang='lat' dir='ltr'>proelia</span> <span class='ocrx_word' id='word_1_231' title='bbox 241 1218 273 1246; x_wconf 84' lang='lat' dir='ltr'>et</span> <span class='ocrx_word' id='word_1_232' title='bbox 286 1212 576 1245; x_wconf 77' lang='lat' dir='ltr'>formidolosiorem</span> <span class='ocrx_word' id='word_1_233' title='bbox 592 1212 751 1243; x_wconf 84' lang='lat' dir='ltr'>hostinm²</span> <span class='ocrx_word' id='word_1_234' title='bbox 768 1212 1056 1253; x_wconf 73' lang='lat' dir='ltr'>credebattneque</span> <span class='ocrx_word' id='word_1_235' title='bbox 1071 1214 1449 1253; x_wconf 54' lang='lat' dir='ltr'>imperatoremfluyu·</span> 
     </span>
     <span class='ocr_line' id='line_1_24' title="bbox 115 1259 1445 1299; baseline -0.001 -7"><span class='ocrx_word' id='word_1_236' title='bbox 115 1262 253 1294; x_wconf 70' lang='grc' dir='ltr'>γαῖα-’ὀί</span> <span class='ocrx_word' id='word_1_237' title='bbox 264 1262 504 1293; x_wconf 62' lang='lat' dir='ltr'>vetustissimis</span> <span class='ocrx_word' id='word_1_238' title='bbox 512 1261 716 1291; x_wconf 69' lang='lat' dir='ltr'>coerimomis</span> <span class='ocrx_word' id='word_1_239' title='bbox 724 1259 928 1299; x_wconf 67' lang='lat' dir='ltr'>prmdilum,</span> <span class='ocrx_word' id='word_1_240' title='bbox 937 1261 1128 1290; x_wconf 79' lang='lat' dir='ltr'>attrectare</span> <span class='ocrx_word' id='word_1_241' title='bbox 1130 1259 1269 1299; x_wconf 71' lang='lat' dir='ltr'>feralia</span> <span class='ocrx_word' id='word_1_242' title='bbox 1280 1259 1445 1291; x_wconf 79' lang='lat' dir='ltr'>debuisse.</span> 
     </span>
    </p>

    <p class='ocr_par' dir='ltr' id='par_1_4' title="bbox 156 1306 1450 1347">
     <span class='ocr_line' id='line_1_25' title="bbox 156 1306 1450 1347; baseline -0.002 -6"><span class='ocrx_word' id='word_1_243' title='bbox 156 1313 262 1341; x_wconf 87' lang='lat' dir='ltr'><strong>LXIII.</strong></span> <span class='ocrx_word' id='word_1_244' title='bbox 288 1308 346 1340; x_wconf 90' lang='lat' dir='ltr'>Sed</span> <span class='ocrx_word' id='word_1_245' title='bbox 366 1306 578 1339; x_wconf 87' lang='lat' dir='ltr'>Germanicus</span> <span class='ocrx_word' id='word_1_246' title='bbox 593 1331 600 1344; x_wconf 86' lang='lat'>,</span> <span class='ocrx_word' id='word_1_247' title='bbox 619 1307 786 1337; x_wconf 78' lang='lat' dir='ltr'>cedentem</span> <span class='ocrx_word' id='word_1_248' title='bbox 805 1306 839 1337; x_wconf 92' lang='lat' dir='ltr'>in</span> <span class='ocrx_word' id='word_1_249' title='bbox 853 1307 924 1337; x_wconf 86' lang='lat' dir='ltr'>avia</span> <span class='ocrx_word' id='word_1_250' title='bbox 941 1306 1121 1337; x_wconf 88' lang='lat' dir='ltr'>Arminium</span> <span class='ocrx_word' id='word_1_251' title='bbox 1140 1309 1282 1346; x_wconf 84' lang='lat' dir='ltr'>secutus,</span> <span class='ocrx_word' id='word_1_252' title='bbox 1308 1306 1363 1338; x_wconf 92' lang='lat' dir='ltr'>ubi</span> <span class='ocrx_word' id='word_1_253' title='bbox 1387 1307 1450 1347; x_wconf 80' lang='lat' dir='ltr'>pri-</span> 
     </span>
    </p>

    <p class='ocr_par' dir='ltr' id='par_1_5' title="bbox 112 1353 1447 2318">
     <span class='ocr_line' id='line_1_26' title="bbox 115 1353 1447 1395; baseline -0.002 -7"><span class='ocrx_word' id='word_1_254' title='bbox 115 1366 205 1388; x_wconf 90' lang='lat' dir='ltr'>mum</span> <span class='ocrx_word' id='word_1_255' title='bbox 222 1356 316 1395; x_wconf 86' lang='lat' dir='ltr'>copia</span> <span class='ocrx_word' id='word_1_256' title='bbox 334 1355 406 1394; x_wconf 89' lang='lat' dir='ltr'>fuit,</span> <span class='ocrx_word' id='word_1_257' title='bbox 424 1354 515 1385; x_wconf 88' lang='lat' dir='ltr'>evehi</span> <span class='ocrx_word' id='word_1_258' title='bbox 532 1354 656 1393; x_wconf 84' lang='lat' dir='ltr'>equites</span> <span class='ocrx_word' id='word_1_259' title='bbox 673 1363 908 1394; x_wconf 79' lang='lat' dir='ltr'>campumque,</span> <span class='ocrx_word' id='word_1_260' title='bbox 927 1362 1023 1394; x_wconf 89' lang='lat' dir='ltr'>quem</span> <span class='ocrx_word' id='word_1_261' title='bbox 1038 1353 1140 1384; x_wconf 83' lang='lat' dir='ltr'>hostis</span> <span class='ocrx_word' id='word_1_262' title='bbox 1158 1353 1318 1385; x_wconf 83' lang='lat' dir='ltr'>insederat</span> <span class='ocrx_word' id='word_1_263' title='bbox 1333 1376 1341 1392; x_wconf 90' lang='lat'>,</span> <span class='ocrx_word' id='word_1_264' title='bbox 1367 1353 1447 1394; x_wconf 88' lang='lat' dir='ltr'>eripi</span> 
     </span>
     <span class='ocr_line' id='line_1_27' title="bbox 115 1400 1446 1444; baseline -0.003 -9"><span class='ocrx_word' id='word_1_265' title='bbox 115 1404 216 1444; x_wconf 88' lang='lat' dir='ltr'>jubet.</span> <span class='ocrx_word' id='word_1_266' title='bbox 234 1402 400 1434; x_wconf 84' lang='lat' dir='ltr'>Arminius</span> <span class='ocrx_word' id='word_1_267' title='bbox 413 1401 518 1441; x_wconf 77' lang='lat' dir='ltr'>colligi</span> <span class='ocrx_word' id='word_1_268' title='bbox 532 1410 610 1432; x_wconf 88' lang='lat' dir='ltr'>suos</span> <span class='ocrx_word' id='word_1_269' title='bbox 627 1404 659 1431; x_wconf 88' lang='lat' dir='ltr'>et</span> <span class='ocrx_word' id='word_1_270' title='bbox 675 1401 891 1442; x_wconf 82' lang='lat' dir='ltr'>propinquare</span> <span class='ocrx_word' id='word_1_271' title='bbox 907 1400 996 1431; x_wconf 89' lang='lat' dir='ltr'>silvis</span> <span class='ocrx_word' id='word_1_272' title='bbox 1013 1400 1154 1431; x_wconf 89' lang='lat' dir='ltr'>monitos</span> <span class='ocrx_word' id='word_1_273' title='bbox 1176 1402 1273 1432; x_wconf 90' lang='lat' dir='ltr'>vertit</span> <span class='ocrx_word' id='word_1_274' title='bbox 1297 1401 1446 1441; x_wconf 79' lang='lat' dir='ltr'>repente3</span> 
     </span>
     <span class='ocr_line' id='line_1_28' title="bbox 115 1447 1446 1490; baseline -0.003 -7"><span class='ocrx_word' id='word_1_275' title='bbox 115 1461 193 1483; x_wconf 82' lang='lat' dir='ltr'>mox</span> <span class='ocrx_word' id='word_1_276' title='bbox 216 1451 343 1490; x_wconf 87' lang='lat' dir='ltr'>signum</span> <span class='ocrx_word' id='word_1_277' title='bbox 365 1448 596 1489; x_wconf 90' lang='lat' dir='ltr'>prorumpendi</span> <span class='ocrx_word' id='word_1_278' title='bbox 620 1448 709 1479; x_wconf 84' lang='lat' dir='ltr'>dedit</span> <span class='ocrx_word' id='word_1_279' title='bbox 735 1449 774 1479; x_wconf 90' lang='lat' dir='ltr'>iis</span> <span class='ocrx_word' id='word_1_280' title='bbox 795 1457 876 1488; x_wconf 89' lang='lat' dir='ltr'>quos</span> <span class='ocrx_word' id='word_1_281' title='bbox 901 1456 957 1488; x_wconf 92' lang='lat' dir='ltr'>per</span> <span class='ocrx_word' id='word_1_282' title='bbox 983 1447 1084 1479; x_wconf 83' lang='lat' dir='ltr'>saltus</span> <span class='ocrx_word' id='word_1_283' title='bbox 1109 1448 1339 1479; x_wconf 74' lang='lat' dir='ltr'>occultaverat.</span> <span class='ocrx_word' id='word_1_284' title='bbox 1368 1449 1446 1479; x_wconf 84' lang='lat' dir='ltr'>tunc</span> 
     </span>
     <span class='ocr_line' id='line_1_29' title="bbox 115 1495 1444 1536; baseline -0.004 -6"><span class='ocrx_word' id='word_1_285' title='bbox 115 1508 200 1529; x_wconf 85' lang='lat' dir='ltr'>nova</span> <span class='ocrx_word' id='word_1_286' title='bbox 217 1498 284 1529; x_wconf 87' lang='lat' dir='ltr'>acie</span> <span class='ocrx_word' id='word_1_287' title='bbox 301 1497 448 1527; x_wconf 78' lang='lat' dir='ltr'>turbatus</span> <span class='ocrx_word' id='word_1_288' title='bbox 469 1504 589 1536; x_wconf 80' lang='lat' dir='ltr'>eques3</span> <span class='ocrx_word' id='word_1_289' title='bbox 607 1496 779 1536; x_wconf 76' lang='lat' dir='ltr'>missaeque</span> <span class='ocrx_word' id='word_1_290' title='bbox 802 1495 1005 1527; x_wconf 66' lang='lat' dir='ltr'>subsidiaria!</span> <span class='ocrx_word' id='word_1_291' title='bbox 1027 1495 1175 1526; x_wconf 76' lang='lat' dir='ltr'>cohortes</span> <span class='ocrx_word' id='word_1_292' title='bbox 1197 1497 1229 1526; x_wconf 86' lang='lat' dir='ltr'>et</span> <span class='ocrx_word' id='word_1_293' title='bbox 1255 1495 1444 1535; x_wconf 80' lang='lat' dir='ltr'>fugientium</span> 
     </span>
     <span class='ocr_line' id='line_1_30' title="bbox 116 1542 1445 1587; baseline -0.004 -9"><span class='ocrx_word' id='word_1_294' title='bbox 116 1545 243 1587; x_wconf 77' lang='lat' dir='ltr'>agmine</span> <span class='ocrx_word' id='word_1_295' title='bbox 261 1544 412 1585; x_wconf 75' lang='lat' dir='ltr'>impulsae</span> <span class='ocrx_word' id='word_1_296' title='bbox 425 1546 586 1575; x_wconf 84' lang='lat' dir='ltr'>auxerant</span> <span class='ocrx_word' id='word_1_297' title='bbox 602 1544 898 1575; x_wconf 85' lang='lat' dir='ltr'>consternationem</span> <span class='ocrx_word' id='word_1_298' title='bbox 921 1553 927 1574; x_wconf 88' lang='lat'><strong>:</strong></span> <span class='ocrx_word' id='word_1_299' title='bbox 951 1542 1231 1583; x_wconf 81' lang='lat' dir='ltr'>trudebanturque</span> <span class='ocrx_word' id='word_1_300' title='bbox 1247 1543 1279 1574; x_wconf 90' lang='lat' dir='ltr'>in</span> <span class='ocrx_word' id='word_1_301' title='bbox 1294 1542 1445 1583; x_wconf 84' lang='lat' dir='ltr'>paludem</span> 
     </span>
     <span class='ocr_line' id='line_1_31' title="bbox 115 1590 1447 1635; baseline -0.003 -10"><span class='ocrx_word' id='word_1_302' title='bbox 115 1602 245 1635; x_wconf 82' lang='lat' dir='ltr'>gnaram</span> <span class='ocrx_word' id='word_1_303' title='bbox 265 1592 271 1610; x_wconf 87' lang='lat'>¹</span> <span class='ocrx_word' id='word_1_304' title='bbox 306 1591 534 1630; x_wconf 83' lang='lat' dir='ltr'>vincentibus,</span> <span class='ocrx_word' id='word_1_305' title='bbox 558 1590 703 1630; x_wconf 82' lang='lat' dir='ltr'>iniquam</span> <span class='ocrx_word' id='word_1_306' title='bbox 732 1590 866 1630; x_wconf 81' lang='lat' dir='ltr'>nesciis,</span> <span class='ocrx_word' id='word_1_307' title='bbox 894 1590 926 1621; x_wconf 89' lang='lat' dir='ltr'>ni</span> <span class='ocrx_word' id='word_1_308' title='bbox 963 1593 1072 1623; x_wconf 80' lang='lat' dir='ltr'>Caesar</span> <span class='ocrx_word' id='word_1_309' title='bbox 1103 1591 1275 1631; x_wconf 85' lang='lat' dir='ltr'>productas</span> <span class='ocrx_word' id='word_1_310' title='bbox 1304 1590 1447 1630; x_wconf 83' lang='lat' dir='ltr'>legiones</span> 
     </span>
     <span class='ocr_line' id='line_1_32' title="bbox 115 1636 1445 1678; baseline -0.002 -7"><span class='ocrx_word' id='word_1_311' title='bbox 115 1639 332 1672; x_wconf 80' lang='lat' dir='ltr'>instruxisset.</span> <span class='ocrx_word' id='word_1_312' title='bbox 352 1638 427 1669; x_wconf 87' lang='lat' dir='ltr'>inde</span> <span class='ocrx_word' id='word_1_313' title='bbox 442 1638 588 1668; x_wconf 87' lang='lat' dir='ltr'>hostibus</span> <span class='ocrx_word' id='word_1_314' title='bbox 607 1640 723 1677; x_wconf 80' lang='lat' dir='ltr'>terror,</span> <span class='ocrx_word' id='word_1_315' title='bbox 740 1638 857 1669; x_wconf 81' lang='lat' dir='ltr'>fiducia</span> <span class='ocrx_word' id='word_1_316' title='bbox 876 1637 970 1669; x_wconf 86' lang='lat' dir='ltr'>militi</span> <span class='ocrx_word' id='word_1_317' title='bbox 991 1648 997 1668; x_wconf 93' lang='lat'>:</span> <span class='ocrx_word' id='word_1_318' title='bbox 1015 1640 1047 1668; x_wconf 86' lang='lat' dir='ltr'>et</span> <span class='ocrx_word' id='word_1_319' title='bbox 1062 1638 1212 1669; x_wconf 86' lang='lat' dir='ltr'>manibus</span> <span class='ocrx_word' id='word_1_320' title='bbox 1229 1637 1333 1678; x_wconf 82' lang='lat' dir='ltr'>aequis</span> <span class='ocrx_word' id='word_1_321' title='bbox 1349 1636 1360 1655; x_wconf 91' lang='lat'><em>²</em></span> <span class='ocrx_word' id='word_1_322' title='bbox 1375 1637 1445 1668; x_wconf 86' lang='lat' dir='ltr'>abs-</span> 
     </span>
     <span class='ocr_line' id='line_1_33' title="bbox 115 1684 1445 1725; baseline -0.003 -5"><span class='ocrx_word' id='word_1_323' title='bbox 115 1696 255 1720; x_wconf 40' lang='lat' dir='ltr'>cessum,</span> <span class='ocrx_word' id='word_1_324' title='bbox 272 1691 347 1718; x_wconf 85' lang='lat' dir='ltr'>Mox</span> <span class='ocrx_word' id='word_1_325' title='bbox 364 1686 495 1717; x_wconf 89' lang='lat' dir='ltr'>reducto</span> <span class='ocrx_word' id='word_1_326' title='bbox 514 1685 554 1717; x_wconf 90' lang='lat' dir='ltr'>ad</span> <span class='ocrx_word' id='word_1_327' title='bbox 571 1685 725 1717; x_wconf 78' lang='lat' dir='ltr'>Amisiam</span> <span class='ocrx_word' id='word_1_328' title='bbox 740 1686 896 1723; x_wconf 80' lang='lat' dir='ltr'>exercitu,</span> <span class='ocrx_word' id='word_1_329' title='bbox 912 1685 1054 1725; x_wconf 77' lang='lat' dir='ltr'>legiones</span> <span class='ocrx_word' id='word_1_330' title='bbox 1068 1685 1188 1724; x_wconf 86' lang='lat' dir='ltr'>classe,</span> <span class='ocrx_word' id='word_1_331' title='bbox 1205 1687 1240 1716; x_wconf 88' lang='lat' dir='ltr'>ut</span> <span class='ocrx_word' id='word_1_332' title='bbox 1255 1684 1445 1725; x_wconf 83' lang='lat' dir='ltr'>advexerat,</span> 
     </span>
     <span class='ocr_line' id='line_1_34' title="bbox 115 1731 1445 1774; baseline -0.001 -9"><span class='ocrx_word' id='word_1_333' title='bbox 115 1737 277 1774; x_wconf 54' lang='grc' dir='ltr'>πονοι-ΜΗ</span> <span class='ocrx_word' id='word_1_334' title='bbox 295 1742 365 1773; x_wconf 82' lang='lat' dir='ltr'>pars</span> <span class='ocrx_word' id='word_1_335' title='bbox 385 1733 533 1773; x_wconf 82' lang='lat' dir='ltr'>equitum</span> <span class='ocrx_word' id='word_1_336' title='bbox 552 1732 659 1764; x_wconf 81' lang='lat' dir='ltr'>littore</span> <span class='ocrx_word' id='word_1_337' title='bbox 674 1732 794 1764; x_wconf 83' lang='lat' dir='ltr'>Oceani</span> <span class='ocrx_word' id='word_1_338' title='bbox 814 1736 921 1773; x_wconf 89' lang='lat' dir='ltr'>petere</span> <span class='ocrx_word' id='word_1_339' title='bbox 936 1733 1084 1764; x_wconf 81' lang='lat' dir='ltr'>Rhenum</span> <span class='ocrx_word' id='word_1_340' title='bbox 1097 1733 1207 1771; x_wconf 80' lang='lat' dir='ltr'>jussa3</span> <span class='ocrx_word' id='word_1_341' title='bbox 1226 1731 1371 1771; x_wconf 78' lang='lat' dir='ltr'>Caecina,</span> <span class='ocrx_word' id='word_1_342' title='bbox 1388 1740 1445 1772; x_wconf 80' lang='lat' dir='ltr'>qut</span> 
     </span>
     <span class='ocr_line' id='line_1_35' title="bbox 115 1778 1443 1820; baseline -0.002 -8"><span class='ocrx_word' id='word_1_343' title='bbox 115 1790 211 1812; x_wconf 89' lang='lat' dir='ltr'>suum</span> <span class='ocrx_word' id='word_1_344' title='bbox 228 1781 361 1812; x_wconf 78' lang='lat' dir='ltr'>militem</span> <span class='ocrx_word' id='word_1_345' title='bbox 375 1779 528 1819; x_wconf 83' lang='lat' dir='ltr'>ducebat,</span> <span class='ocrx_word' id='word_1_346' title='bbox 544 1780 699 1817; x_wconf 87' lang='lat' dir='ltr'>monitus,</span> <span class='ocrx_word' id='word_1_347' title='bbox 718 1789 916 1820; x_wconf 86' lang='lat' dir='ltr'>quamquam</span> <span class='ocrx_word' id='word_1_348' title='bbox 931 1780 1016 1811; x_wconf 86' lang='lat' dir='ltr'>notis</span> <span class='ocrx_word' id='word_1_349' title='bbox 1030 1779 1198 1811; x_wconf 80' lang='lat' dir='ltr'>itineribus</span> <span class='ocrx_word' id='word_1_350' title='bbox 1212 1778 1443 1818; x_wconf 80' lang='lat' dir='ltr'>regrederetur,</span> 
     </span>
     <span class='ocr_line' id='line_1_36' title="bbox 115 1827 1446 1868; baseline 0 -10"><span class='ocrx_word' id='word_1_351' title='bbox 115 1830 230 1860; x_wconf 85' lang='lat' dir='ltr'>Pontes</span> <span class='ocrx_word' id='word_1_352' title='bbox 243 1829 353 1868; x_wconf 82' lang='lat' dir='ltr'>longos</span> <span class='ocrx_word' id='word_1_353' title='bbox 367 1837 465 1868; x_wconf 90' lang='lat' dir='ltr'>quam</span> <span class='ocrx_word' id='word_1_354' title='bbox 481 1829 668 1859; x_wconf 83' lang='lat' dir='ltr'>maturrime</span> <span class='ocrx_word' id='word_1_355' title='bbox 683 1837 845 1868; x_wconf 85' lang='lat' dir='ltr'>superare.</span> <span class='ocrx_word' id='word_1_356' title='bbox 865 1829 1023 1867; x_wconf 82' lang='lat' dir='ltr'>angustus</span> <span class='ocrx_word' id='word_1_357' title='bbox 1049 1830 1074 1859; x_wconf 91' lang='lat' dir='ltr'>is</span> <span class='ocrx_word' id='word_1_358' title='bbox 1090 1830 1210 1859; x_wconf 79' lang='lat' dir='ltr'>trames</span> <span class='ocrx_word' id='word_1_359' title='bbox 1234 1827 1446 1858; x_wconf 78' lang='lat' dir='ltr'>vastasinter</span> 
     </span>
     <span class='ocr_line' id='line_1_37' title="bbox 114 1873 1444 1916; baseline 0.001 -11"><span class='ocrx_word' id='word_1_360' title='bbox 114 1876 247 1916; x_wconf 88' lang='lat' dir='ltr'>paludes</span> <span class='ocrx_word' id='word_1_361' title='bbox 268 1880 301 1908; x_wconf 90' lang='lat' dir='ltr'>et</span> <span class='ocrx_word' id='word_1_362' title='bbox 322 1876 529 1916; x_wconf 84' lang='lat' dir='ltr'>quoudama</span> <span class='ocrx_word' id='word_1_363' title='bbox 550 1878 586 1908; x_wconf 93' lang='lat' dir='ltr'>L.</span> <span class='ocrx_word' id='word_1_364' title='bbox 616 1876 760 1907; x_wconf 87' lang='lat' dir='ltr'>Domitio</span> <span class='ocrx_word' id='word_1_365' title='bbox 779 1875 790 1893; x_wconf 81' lang='lat'><strong>³</strong></span> <span class='ocrx_word' id='word_1_366' title='bbox 817 1878 1005 1916; x_wconf 77' lang='lat' dir='ltr'>aggeratus;</span> <span class='ocrx_word' id='word_1_367' title='bbox 1025 1878 1132 1907; x_wconf 82' lang='lat' dir='ltr'>cetera</span> <span class='ocrx_word' id='word_1_368' title='bbox 1155 1874 1291 1914; x_wconf 87' lang='lat' dir='ltr'>limosa,</span> <span class='ocrx_word' id='word_1_369' title='bbox 1318 1873 1444 1906; x_wconf 81' lang='lat' dir='ltr'>tenacia</span> 
     </span>
     <span class='ocr_line' id='line_1_38' title="bbox 113 1922 1447 1963; baseline 0 -9"><span class='ocrx_word' id='word_1_370' title='bbox 113 1924 203 1963; x_wconf 77' lang='lat' dir='ltr'>gravi</span> <span class='ocrx_word' id='word_1_371' title='bbox 221 1933 313 1955; x_wconf 68' lang='lat' dir='ltr'>coeno</span> <span class='ocrx_word' id='word_1_372' title='bbox 330 1926 386 1954; x_wconf 87' lang='lat' dir='ltr'>aut</span> <span class='ocrx_word' id='word_1_373' title='bbox 401 1924 477 1954; x_wconf 90' lang='lat' dir='ltr'>rivis</span> <span class='ocrx_word' id='word_1_374' title='bbox 494 1923 615 1955; x_wconf 83' lang='lat' dir='ltr'>incerta</span> <span class='ocrx_word' id='word_1_375' title='bbox 630 1926 722 1954; x_wconf 84' lang='lat' dir='ltr'>erant</span> <span class='ocrx_word' id='word_1_376' title='bbox 736 1935 744 1963; x_wconf 88' lang='lat'>;</span> <span class='ocrx_word' id='word_1_377' title='bbox 760 1923 882 1954; x_wconf 86' lang='lat' dir='ltr'>circum</span> <span class='ocrx_word' id='word_1_378' title='bbox 897 1923 987 1954; x_wconf 69' lang='lat' dir='ltr'>silvae</span> <span class='ocrx_word' id='word_1_379' title='bbox 1004 1923 1172 1963; x_wconf 83' lang='lat' dir='ltr'>paullatim</span> <span class='ocrx_word' id='word_1_380' title='bbox 1193 1922 1349 1961; x_wconf 76' lang='lat' dir='ltr'>acclives3</span> <span class='ocrx_word' id='word_1_381' title='bbox 1364 1930 1447 1962; x_wconf 84' lang='lat' dir='ltr'>quas</span> 
     </span>
     <span class='ocr_line' id='line_1_39' title="bbox 113 1970 1444 2012; baseline -0.002 -10"><span class='ocrx_word' id='word_1_382' title='bbox 113 1973 183 2002; x_wconf 80' lang='lat' dir='ltr'>tum</span> <span class='ocrx_word' id='word_1_383' title='bbox 204 1971 366 2002; x_wconf 83' lang='lat' dir='ltr'>Arminius</span> <span class='ocrx_word' id='word_1_384' title='bbox 384 1971 552 2011; x_wconf 85' lang='lat' dir='ltr'>implevit,</span> <span class='ocrx_word' id='word_1_385' title='bbox 571 1971 771 2012; x_wconf 86' lang='lat' dir='ltr'>compendiis</span> <span class='ocrx_word' id='word_1_386' title='bbox 787 1972 913 2002; x_wconf 85' lang='lat' dir='ltr'>viarum</span> <span class='ocrx_word' id='word_1_387' title='bbox 929 1971 962 2001; x_wconf 86' lang='lat' dir='ltr'>et</span> <span class='ocrx_word' id='word_1_388' title='bbox 980 1971 1047 2002; x_wconf 85' lang='lat' dir='ltr'>cito</span> <span class='ocrx_word' id='word_1_389' title='bbox 1067 1970 1193 2009; x_wconf 82' lang='lat' dir='ltr'>agmine</span> <span class='ocrx_word' id='word_1_390' title='bbox 1209 1971 1362 2000; x_wconf 86' lang='lat' dir='ltr'>onustum</span> <span class='ocrx_word' id='word_1_391' title='bbox 1379 1978 1444 1999; x_wconf 87' lang='lat' dir='ltr'>sar-</span> 
     </span>
     <span class='ocr_line' id='line_1_40' title="bbox 114 2016 1441 2059; baseline 0 -11"><span class='ocrx_word' id='word_1_392' title='bbox 114 2018 194 2049; x_wconf 81' lang='lat' dir='ltr'>cinis</span> <span class='ocrx_word' id='word_1_393' title='bbox 212 2018 375 2058; x_wconf 87' lang='lat' dir='ltr'>armisque</span> <span class='ocrx_word' id='word_1_394' title='bbox 397 2019 533 2050; x_wconf 81' lang='lat' dir='ltr'>militem</span> <span class='ocrx_word' id='word_1_395' title='bbox 558 2028 659 2059; x_wconf 85' lang='lat' dir='ltr'>quum</span> <span class='ocrx_word' id='word_1_396' title='bbox 682 2018 911 2050; x_wconf 86' lang='lat' dir='ltr'>antevenisset.</span> <span class='ocrx_word' id='word_1_397' title='bbox 934 2017 1070 2050; x_wconf 77' lang='lat' dir='ltr'>Caecinae</span> <span class='ocrx_word' id='word_1_398' title='bbox 1092 2016 1275 2055; x_wconf 84' lang='lat' dir='ltr'>dubitanti,</span> <span class='ocrx_word' id='word_1_399' title='bbox 1299 2024 1441 2056; x_wconf 83' lang='lat' dir='ltr'>quonam</span> 
     </span>
     <span class='ocr_line' id='line_1_41' title="bbox 114 2063 1441 2106; baseline -0.002 -11"><span class='ocrx_word' id='word_1_400' title='bbox 114 2065 210 2096; x_wconf 85' lang='lat' dir='ltr'>modo</span> <span class='ocrx_word' id='word_1_401' title='bbox 233 2067 345 2104; x_wconf 81' lang='lat' dir='ltr'>ruptos</span> <span class='ocrx_word' id='word_1_402' title='bbox 368 2068 530 2097; x_wconf 85' lang='lat' dir='ltr'>vetustate</span> <span class='ocrx_word' id='word_1_403' title='bbox 558 2068 674 2106; x_wconf 85' lang='lat' dir='ltr'>pontes</span> <span class='ocrx_word' id='word_1_404' title='bbox 699 2066 869 2106; x_wconf 80' lang='lat' dir='ltr'>reponeret</span> <span class='ocrx_word' id='word_1_405' title='bbox 884 2064 1046 2104; x_wconf 88' lang='lat' dir='ltr'>simulque</span> <span class='ocrx_word' id='word_1_406' title='bbox 1069 2064 1271 2104; x_wconf 84' lang='lat' dir='ltr'>propulsaret</span> <span class='ocrx_word' id='word_1_407' title='bbox 1288 2063 1441 2102; x_wconf 86' lang='lat' dir='ltr'>hostem,</span> 
     </span>
     <span class='ocr_line' id='line_1_42' title="bbox 113 2111 1336 2154; baseline -0.002 -12"><span class='ocrx_word' id='word_1_408' title='bbox 113 2114 220 2143; x_wconf 83' lang='lat' dir='ltr'>castra</span> <span class='ocrx_word' id='word_1_409' title='bbox 237 2111 349 2142; x_wconf 86' lang='lat' dir='ltr'>metari</span> <span class='ocrx_word' id='word_1_410' title='bbox 365 2112 396 2142; x_wconf 93' lang='lat' dir='ltr'>in</span> <span class='ocrx_word' id='word_1_411' title='bbox 412 2112 482 2143; x_wconf 90' lang='lat' dir='ltr'>loco</span> <span class='ocrx_word' id='word_1_412' title='bbox 496 2113 639 2153; x_wconf 83' lang='lat' dir='ltr'>placuit,</span> <span class='ocrx_word' id='word_1_413' title='bbox 657 2117 694 2144; x_wconf 86' lang='lat' dir='ltr'>ut</span> <span class='ocrx_word' id='word_1_414' title='bbox 709 2122 810 2154; x_wconf 87' lang='lat' dir='ltr'>opus,</span> <span class='ocrx_word' id='word_1_415' title='bbox 826 2115 857 2144; x_wconf 90' lang='lat' dir='ltr'>et</span> <span class='ocrx_word' id='word_1_416' title='bbox 876 2111 928 2143; x_wconf 88' lang='lat' dir='ltr'>alii</span> <span class='ocrx_word' id='word_1_417' title='bbox 942 2111 951 2129; x_wconf 76' lang='lat'>⁴</span> <span class='ocrx_word' id='word_1_418' title='bbox 972 2111 1119 2152; x_wconf 84' lang='lat' dir='ltr'>proelium</span> <span class='ocrx_word' id='word_1_419' title='bbox 1147 2111 1336 2149; x_wconf 69' lang='lat' dir='ltr'>inciperent.</span> 
     </span>
     <span class='ocr_line' id='line_1_43' title="bbox 112 2182 1445 2214; baseline -0.002 -7"><span class='ocrx_word' id='word_1_420' title='bbox 112 2195 141 2201; x_wconf 71' lang='lat'>›-</span> <span class='ocrx_word' id='word_1_421' title='bbox 155 2189 179 2207; x_wconf 81' lang='lat'>⁴2.</span> <span class='ocrx_word' id='word_1_422' title='bbox 199 2183 399 2212; x_wconf 75' lang='lat' dir='ltr'>ingrediuntur.</span> <span class='ocrx_word' id='word_1_423' title='bbox 411 2189 471 2207; x_wconf 71' lang='lat'>—:3.</span> <span class='ocrx_word' id='word_1_424' title='bbox 489 2185 640 2214; x_wconf 71' lang='lat' dir='ltr'>Prinm&#39;pt&#39;a</span> <span class='ocrx_word' id='word_1_425' title='bbox 652 2185 677 2208; x_wconf 89' lang='lat' dir='ltr'>in</span> <span class='ocrx_word' id='word_1_426' title='bbox 693 2185 791 2209; x_wconf 79' lang='lat' dir='ltr'>castris</span> <span class='ocrx_word' id='word_1_427' title='bbox 807 2184 902 2208; x_wconf 81' lang='lat' dir='ltr'>mediis</span> <span class='ocrx_word' id='word_1_428' title='bbox 922 2184 1014 2211; x_wconf 84' lang='lat' dir='ltr'>erant.</span> <span class='ocrx_word' id='word_1_429' title='bbox 1037 2183 1106 2206; x_wconf 86' lang='lat' dir='ltr'>idem</span> <span class='ocrx_word' id='word_1_430' title='bbox 1123 2183 1180 2206; x_wconf 79' lang='lat' dir='ltr'>tere</span> <span class='ocrx_word' id='word_1_431' title='bbox 1192 2182 1263 2212; x_wconf 86' lang='lat' dir='ltr'>quod</span> <span class='ocrx_word' id='word_1_432' title='bbox 1279 2182 1305 2206; x_wconf 91' lang='lat' dir='ltr'>ln</span> <span class='ocrx_word' id='word_1_433' title='bbox 1330 2182 1445 2205; x_wconf 67' lang='lat' dir='ltr'>urbibus</span> 
     </span>
     <span class='ocr_line' id='line_1_44' title="bbox 112 2218 1439 2249; baseline -0.004 -5"><span class='ocrx_word' id='word_1_434' title='bbox 112 2220 200 2244; x_wconf 76' lang='lat' dir='ltr'>rorum</span> <span class='ocrx_word' id='word_1_435' title='bbox 213 2225 221 2242; x_wconf 72' lang='grc' dir='ltr'><strong><em>ι</em></strong></span> <span class='ocrx_word' id='word_1_436' title='bbox 233 2218 269 2242; x_wconf 83' lang='lat' dir='ltr'>lbi</span> <span class='ocrx_word' id='word_1_437' title='bbox 284 2218 451 2247; x_wconf 72' lang='lat' dir='ltr'>praetortum,</span> <span class='ocrx_word' id='word_1_438' title='bbox 467 2220 641 2244; x_wconf 74' lang='lat' dir='ltr'>tabernacula</span> <span class='ocrx_word' id='word_1_439' title='bbox 661 2221 813 2249; x_wconf 63' lang='lat' dir='ltr'>legatorum</span> <span class='ocrx_word' id='word_1_440' title='bbox 831 2221 859 2244; x_wconf 83' lang='lat' dir='ltr'>ct</span> <span class='ocrx_word' id='word_1_441' title='bbox 875 2219 1062 2246; x_wconf 80' lang='lat' dir='ltr'>tribunorum,</span> <span class='ocrx_word' id='word_1_442' title='bbox 1083 2219 1158 2247; x_wconf 70' lang='lat' dir='ltr'>signa</span> <span class='ocrx_word' id='word_1_443' title='bbox 1178 2218 1326 2246; x_wconf 56' lang='lat' dir='ltr'>lmtonum.</span> <span class='ocrx_word' id='word_1_444' title='bbox 1348 2223 1439 2244; x_wconf 75' lang='lat' dir='ltr'>sacra,</span> 
     </span>
     <span class='ocr_line' id='line_1_45' title="bbox 113 2252 1439 2285; baseline -0.002 -7"><span class='ocrx_word' id='word_1_445' title='bbox 113 2253 306 2278; x_wconf 77' lang='lat' dir='ltr'>conciones.—</span> <span class='ocrx_word' id='word_1_446' title='bbox 320 2259 341 2277; x_wconf 71' lang='grc'>4.</span> <span class='ocrx_word' id='word_1_447' title='bbox 356 2254 384 2277; x_wconf 90' lang='lat' dir='ltr'>ln</span> <span class='ocrx_word' id='word_1_448' title='bbox 401 2254 494 2277; x_wconf 77' lang='lat' dir='ltr'>alteris</span> <span class='ocrx_word' id='word_1_449' title='bbox 514 2255 625 2284; x_wconf 80' lang='lat' dir='ltr'>castris,</span> <span class='ocrx_word' id='word_1_450' title='bbox 639 2255 722 2278; x_wconf 82' lang='lat' dir='ltr'>altera</span> <span class='ocrx_word' id='word_1_451' title='bbox 737 2256 781 2279; x_wconf 82' lang='lat' dir='ltr'>dle</span> <span class='ocrx_word' id='word_1_452' title='bbox 799 2254 885 2285; x_wconf 69' lang='lat' dir='ltr'>pri-elii</span> <span class='ocrx_word' id='word_1_453' title='bbox 899 2253 1002 2283; x_wconf 81' lang='lat' dir='ltr'>positis.</span> <span class='ocrx_word' id='word_1_454' title='bbox 1019 2266 1039 2270; x_wconf 80' lang='grc'><strong>-</strong></span> <span class='ocrx_word' id='word_1_455' title='bbox 1055 2259 1076 2276; x_wconf 70' lang='grc' dir='ltr'>ις.</span> <span class='ocrx_word' id='word_1_456' title='bbox 1095 2254 1195 2276; x_wconf 74' lang='lat' dir='ltr'>Accisa</span> <span class='ocrx_word' id='word_1_457' title='bbox 1205 2254 1333 2277; x_wconf 73' lang='lat' dir='ltr'>dicuntur</span> <span class='ocrx_word' id='word_1_458' title='bbox 1350 2252 1439 2276; x_wconf 77' lang='lat' dir='ltr'>omnia</span> 
     </span>
     <span class='ocr_line' id='line_1_46' title="bbox 112 2288 769 2318; baseline 0.003 -7"><span class='ocrx_word' id='word_1_459' title='bbox 112 2288 211 2318; x_wconf 76' lang='lat' dir='ltr'>quihus</span> <span class='ocrx_word' id='word_1_460' title='bbox 224 2294 285 2318; x_wconf 74' lang='lat' dir='ltr'>pars</span> <span class='ocrx_word' id='word_1_461' title='bbox 298 2294 347 2318; x_wconf 85' lang='lat' dir='ltr'>per</span> <span class='ocrx_word' id='word_1_462' title='bbox 363 2289 417 2313; x_wconf 87' lang='lat' dir='ltr'>vim</span> <span class='ocrx_word' id='word_1_463' title='bbox 431 2289 520 2313; x_wconf 79' lang='lat' dir='ltr'>ablata</span> <span class='ocrx_word' id='word_1_464' title='bbox 535 2291 583 2314; x_wconf 84' lang='lat' dir='ltr'>est.</span> <span class='ocrx_word' id='word_1_465' title='bbox 598 2302 624 2307; x_wconf 90' lang='lat'>-</span> <span class='ocrx_word' id='word_1_466' title='bbox 640 2296 662 2314; x_wconf 77' lang='lat' dir='ltr'>c.</span> <span class='ocrx_word' id='word_1_467' title='bbox 679 2291 769 2315; x_wconf 79' lang='lat' dir='ltr'>Prout.</span> 
     </span>
    </p>

    <p class='ocr_par' dir='ltr' id='par_1_6' title="bbox 112 2322 1425 2389">
     <span class='ocr_line' id='line_1_47' title="bbox 143 2322 1425 2355; baseline -0.001 -8"><span class='ocrx_word' id='word_1_468' title='bbox 143 2324 220 2347; x_wconf 82' lang='lat' dir='ltr'>an.</span> <span class='ocrx_word' id='word_1_469' title='bbox 240 2329 262 2348; x_wconf 74' lang='lat' dir='ltr'>i.</span> <span class='ocrx_word' id='word_1_470' title='bbox 278 2324 403 2348; x_wconf 73' lang='lat' dir='ltr'>Refertur</span> <span class='ocrx_word' id='word_1_471' title='bbox 419 2325 452 2348; x_wconf 83' lang='lat' dir='ltr'>ad</span> <span class='ocrx_word' id='word_1_472' title='bbox 466 2325 643 2354; x_wconf 80' lang='lat' dir='ltr'>initium-cap.</span> <span class='ocrx_word' id='word_1_473' title='bbox 659 2326 849 2355; x_wconf 62' lang='lat' dir='ltr'>praecedentis,</span> <span class='ocrx_word' id='word_1_474' title='bbox 864 2325 894 2348; x_wconf 78' lang='lat' dir='ltr'>ut</span> <span class='ocrx_word' id='word_1_475' title='bbox 911 2328 981 2348; x_wconf 62' lang='lat' dir='ltr'>mua.</span> <span class='ocrx_word' id='word_1_476' title='bbox 997 2336 1023 2340; x_wconf 84' lang='lat'>—</span> <span class='ocrx_word' id='word_1_477' title='bbox 1040 2328 1064 2347; x_wconf 53' lang='grc' dir='ltr'>αι</span> <span class='ocrx_word' id='word_1_478' title='bbox 1082 2324 1178 2347; x_wconf 76' lang='lat' dir='ltr'>Ilostes</span> <span class='ocrx_word' id='word_1_479' title='bbox 1193 2324 1277 2352; x_wconf 68' lang='lat' dir='ltr'>magis</span> <span class='ocrx_word' id='word_1_480' title='bbox 1290 2322 1425 2346; x_wconf 75' lang='lat' dir='ltr'>formidari</span> 
     </span>
     <span class='ocr_line' id='line_1_48' title="bbox 112 2357 1424 2389; baseline 0.001 -9"><span class='ocrx_word' id='word_1_481' title='bbox 112 2357 176 2381; x_wconf 82' lang='lat' dir='ltr'>tem.</span> <span class='ocrx_word' id='word_1_482' title='bbox 198 2372 218 2375; x_wconf 84' lang='lat'>-—</span> <span class='ocrx_word' id='word_1_483' title='bbox 237 2365 258 2383; x_wconf 75' lang='lat'>³.</span> <span class='ocrx_word' id='word_1_484' title='bbox 274 2360 449 2384; x_wconf 71' lang='lat' dir='ltr'>Germanicus</span> <span class='ocrx_word' id='word_1_485' title='bbox 465 2362 526 2384; x_wconf 81' lang='lat' dir='ltr'>erat</span> <span class='ocrx_word' id='word_1_486' title='bbox 537 2366 623 2389; x_wconf 71' lang='lat' dir='ltr'>augur</span> <span class='ocrx_word' id='word_1_487' title='bbox 637 2362 663 2384; x_wconf 75' lang='lat' dir='ltr'>ot</span> <span class='ocrx_word' id='word_1_488' title='bbox 677 2362 782 2386; x_wconf 79' lang='lat' dir='ltr'>flamen.</span> <span class='ocrx_word' id='word_1_489' title='bbox 803 2360 964 2386; x_wconf 82' lang='lat' dir='ltr'>sacerdotes</span> <span class='ocrx_word' id='word_1_490' title='bbox 974 2358 1057 2388; x_wconf 84' lang='lat' dir='ltr'>pollui</span> <span class='ocrx_word' id='word_1_491' title='bbox 1073 2359 1254 2382; x_wconf 70' lang='lat' dir='ltr'>credebantur</span> <span class='ocrx_word' id='word_1_492' title='bbox 1267 2358 1424 2382; x_wconf 39' lang='lat' dir='ltr'>foralibus-⁴.</span> 
     </span>
    </p>
   </div>
   <div class='ocr_carea' id='block_1_3' title="bbox 109 2393 1448 2459">
    <p class='ocr_par' dir='ltr' id='par_1_7' title="bbox 109 2393 1448 2459">
     <span class='ocr_line' id='line_1_49' title="bbox 141 2393 1448 2425; baseline 0 -8"><span class='ocrx_word' id='word_1_493' title='bbox 141 2394 232 2417; x_wconf 77' lang='lat' dir='ltr'>Lxlll.</span> <span class='ocrx_word' id='word_1_494' title='bbox 258 2400 277 2418; x_wconf 85' lang='grc' dir='ltr'>ι.</span> <span class='ocrx_word' id='word_1_495' title='bbox 295 2395 408 2424; x_wconf 71' lang='lat' dir='ltr'>Nonam,</span> <span class='ocrx_word' id='word_1_496' title='bbox 431 2397 552 2425; x_wconf 84' lang='lat' dir='ltr'>passive,</span> <span class='ocrx_word' id='word_1_497' title='bbox 571 2397 599 2418; x_wconf 84' lang='lat' dir='ltr'>ut</span> <span class='ocrx_word' id='word_1_498' title='bbox 621 2401 690 2425; x_wconf 69' lang='lat' dir='ltr'>szrpv</span> <span class='ocrx_word' id='word_1_499' title='bbox 711 2397 781 2425; x_wconf 82' lang='lat' dir='ltr'>apud</span> <span class='ocrx_word' id='word_1_500' title='bbox 801 2396 932 2420; x_wconf 79' lang='lat' dir='ltr'>Tacltum.</span> <span class='ocrx_word' id='word_1_501' title='bbox 954 2406 983 2411; x_wconf 91' lang='lat'>--</span> <span class='ocrx_word' id='word_1_502' title='bbox 1004 2399 1029 2417; x_wconf 68' lang='lat' dir='ltr'>ss.</span> <span class='ocrx_word' id='word_1_503' title='bbox 1054 2394 1136 2424; x_wconf 83' lang='lat' dir='ltr'>AEquo</span> <span class='ocrx_word' id='word_1_504' title='bbox 1154 2395 1254 2418; x_wconf 74' lang='lat' dir='ltr'>eventu</span> <span class='ocrx_word' id='word_1_505' title='bbox 1277 2398 1387 2423; x_wconf 78' lang='lat' dir='ltr'>pugnae,</span> <span class='ocrx_word' id='word_1_506' title='bbox 1408 2393 1448 2417; x_wconf 43' lang='lat' dir='ltr'>ut*</span> 
     </span>
     <span class='ocr_line' id='line_1_50' title="bbox 109 2429 1370 2459; baseline -0.001 -6"><span class='ocrx_word' id='word_1_507' title='bbox 109 2429 200 2453; x_wconf 76' lang='lat' dir='ltr'>neutri</span> <span class='ocrx_word' id='word_1_508' title='bbox 216 2429 358 2455; x_wconf 75' lang='lat' dir='ltr'>viilcerent.</span> <span class='ocrx_word' id='word_1_509' title='bbox 371 2431 588 2455; x_wconf 75' lang='lat' dir='ltr'>vincerenturvc.</span> <span class='ocrx_word' id='word_1_510' title='bbox 606 2443 633 2446; x_wconf 85' lang='lat'>—</span> <span class='ocrx_word' id='word_1_511' title='bbox 647 2436 670 2454; x_wconf 71' lang='lat'>5.</span> <span class='ocrx_word' id='word_1_512' title='bbox 690 2432 788 2456; x_wconf 75' lang='lat' dir='ltr'>Confer</span> <span class='ocrx_word' id='word_1_513' title='bbox 803 2431 872 2456; x_wconf 78' lang='lat' dir='ltr'>intra</span> <span class='ocrx_word' id='word_1_514' title='bbox 887 2431 917 2453; x_wconf 91' lang='lat' dir='ltr'>lv</span> <span class='ocrx_word' id='word_1_515' title='bbox 931 2448 936 2459; x_wconf 85' lang='lat'><strong><em>‚</em></strong></span> <span class='ocrx_word' id='word_1_516' title='bbox 951 2434 987 2453; x_wconf 73' lang='grc' dir='ltr'>Μ.</span> <span class='ocrx_word' id='word_1_517' title='bbox 999 2441 1027 2446; x_wconf 91' lang='grc'>-</span> <span class='ocrx_word' id='word_1_518' title='bbox 1041 2434 1062 2454; x_wconf 72' lang='lat'>⁴.</span> <span class='ocrx_word' id='word_1_519' title='bbox 1077 2430 1133 2454; x_wconf 78' lang='lat' dir='ltr'>Alia</span> <span class='ocrx_word' id='word_1_520' title='bbox 1149 2435 1210 2458; x_wconf 82' lang='lat' dir='ltr'>pars</span> <span class='ocrx_word' id='word_1_521' title='bbox 1225 2429 1370 2453; x_wconf 80' lang='lat' dir='ltr'>exercitus.</span> 
     </span>
    </p>
   </div>
  </div>
 </body>
</html>
