1539 2668
164 191 226 222 238
558 188 691 217 TACITI
713 187 922 217 ANNALIUM
946 189 1019 218 LIB.
1043 190 1108 218 XV.

165 264 253 302 sunt,
267 264 440 302 autequam
453 270 568 302 agmen
582 265 763 293 Romanum
778 261 956 301 excederet,
966 263 999 294 et
1009 261 1248 293 circumstetere
1263 261 1346 301 vias,
1361 260 1488 301 captiva
1524 264 1528 306 ᾗ

164 309 241 341 olim
268 309 428 349 mancipia
445 311 501 340 aut
531 309 677 348 jumenta
703 311 910 348 agnoscentes
938 309 1239 349 abstrahentesque.
1264 310 1364 348 raptae
1388 308 1488 340 etiam

163 358 289 396 vestes,
305 359 428 388 retenta
443 365 549 395 arma,
567 356 685 396 pavido
701 355 801 387 milite
823 359 854 387 et
873 357 1088 396 concedente,
1117 365 1156 387 ne
1178 365 1241 396 qua
1264 355 1368 396 proelii
1392 362 1489 386 causa

163 404 344 436 exsisteret.
355 404 526 442 Vologeses
543 405 640 434 armis
656 406 687 434 et
704 403 890 443 corporibus
908 413 1064 435 caesorum
1078 403 1271 443 aggregatis,
1286 411 1350 443 quo
1362 401 1487 433 cladem
1528 397 1530 403 ’

162 452 305 482 nostram
323 453 506 490 testaretur,
524 450 593 481 visu
611 449 799 490 fugientium
816 451 980 482 abstinuit.
1008 451 1092 481 fama
1115 450 1343 481 moderationis
1364 456 1487 490 quaere·
1529 459 1530 462 ¹

163 498 280 535 batur,
301 500 471 537 postquam
490 497 672 537 snperbiam
694 497 890 537 expleverat.
911 498 1030 530 flumen
1053 497 1217 529 Arsaniam
1242 497 1413 537 elephanto
1437 496 1488 526 in·
1525 492 1532 538 '¹

162 544 270 575 sidens
292 546 323 574 et
340 544 507 584 proximus
521 544 657 584 quisque
674 553 778 584 regem
795 545 801 562 ¹
829 545 861 576 vi
890 554 1047 585 equorum
1072 554 1260 585 perrupere,
1280 543 1356 584 quia
1377 551 1490 574 rumor
1527 559 1528 565 =

162 589 334 622 incesserat
356 593 498 631 pontem
519 600 694 623 cessurum
709 594 804 623 oneri
825 592 901 623 dolo
918 592 1193 631 fabricantium.
1221 591 1276 623 sed
1292 590 1348 631 qui
1366 589 1488 630 ingredi
1530 595 1532 601 ¹

161 637 230 668 ausi
247 639 340 676 sunt,
360 638 502 668 validum
516 640 548 669 et
564 638 662 669 fidum
677 639 869 670 intellexere.
1532 677 1534 680 .

203 688 283 716 XVI.
309 687 457 717 Ceterum
471 685 610 716 obsessis
626 685 704 717 adeo
719 686 972 726 suppeditavisse
985 694 1052 717 rem
1072 686 1313 717 frumentariam
1330 684 1486 724 constitit,

161 731 198 763 ut
213 732 337 763 horreis
354 733 457 771 ignem
474 733 652 772 injicerent,
662 736 838 773 contraque
852 732 1030 773 prodiderit
1042 733 1194 764 Corbulo¹
1213 732 1363 764 Parthos
1373 733 1489 770 inopes

160 781 341 819 copiarum
349 782 382 811 et
393 780 523 819 pabulo
536 782 660 811 attrito
673 780 856 811 relicturos
870 782 1170 820 oppuqnatz'onem,
1183 788 1290 821 neque
1301 788 1334 810 se
1342 779 1425 818 plus
1433 777 1490 809 cri·

160 824 221 858 dui
239 828 363 858 itinere
378 826 541 865 abfuisse.
561 827 676 867 adJecit
696 827 931 866 jurejurando
956 829 1045 859 Paeti
1076 830 1220 858 caucum
1238 825 1333 866 apud
1349 823 1488 866 siqna2,

161 874 361 906 astantibus
374 876 426 912 iis,
439 883 520 915 quos
538 873 748 912 testificando
762 882 825 905 rex
841 876 1004 913 misisset,
1031 877 1199 906 neminem
1220 877 1410 906 Romanum
1424 874 1488 904 Ar·
1535 871 1539 907 ἵ

160 922 312 952 mentam
335 923 574 961 ingressurum
588 945 597 959 ‚
623 920 728 952 donec
744 920 966 959 referrentur
989 922 1118 953 litteroe
1142 923 1306 959 Neronis,
1333 929 1380 952 an
1404 918 1488 960 paci
1536 929 1539 958 ᾗ

161 970 340 999 annueret.
358 976 431 1007 quae
450 969 486 998 ut
510 968 664 1007 augendae
687 968 827 999 infamiae
846 968 1045 1008 composita,
1070 968 1118 999 sic
1141 968 1265 1008 reliqua
1283 976 1347 998 non
1375 967 1409 998 in
1431 965 1488 998 ob-
1536 991 1539 1015 ³

160 1019 257 1045 scuro
283 1014 466 1045 habentur:
495 1024 558 1045 una
588 1014 640 1045 die
672 1014 883 1054 quadraginta
904 1016 1040 1046 millium
1065 1017 1206 1055 spatium
1232 1023 1398 1045 emensum
1416 1021 1488 1045 esse
1537 1019 1539 1047 ἱ

160 1061 305 1100 Paetum,
321 1061 453 1093 desertis
470 1062 589 1101 passim
604 1062 732 1100 sauciis,
749 1070 852 1101 neque
868 1062 974 1093 minus
993 1063 1167 1093 deformem
1189 1062 1276 1092 illam
1295 1060 1487 1101 fugientium
1538 1097 1539 1108 ¹

158 1106 407 1147 trepidationem
431 1117 528 1148 quam
546 1108 570 1139 si
584 1110 673 1147 terga
686 1108 717 1138 in
731 1108 797 1139 acie
814 1108 999 1140 vertissent.
1027 1109 1170 1140 Corbulo
1196 1117 1270 1139 cum
1293 1108 1361 1139 suis
1384 1108 1488 1148 copiis
1538 1121 1539 1128 ι

158 1154 244 1193 apud
263 1155 363 1195 ripam
382 1155 551 1194 Euphratis
570 1154 686 1186 obvius
713 1163 777 1185 non
803 1163 873 1186 eam
901 1156 1039 1195 speciem
1066 1156 1238 1195 insignium
1264 1156 1296 1187 et
1322 1163 1487 1186 armorum

158 1201 322 1241 praetulit,
341 1203 377 1232 ut
391 1202 612 1232 diversitatem
630 1201 641 1219 ³
660 1201 876 1241 exprobraret.
897 1203 1001 1234 moesti
1016 1203 1170 1243 manipuli
1183 1211 1221 1234 ac
1233 1202 1338 1233 vicem
1355 1201 1487 1232 commi-

159 1247 297 1280 litonum
313 1248 500 1279 miserantes
517 1257 556 1279 ne
568 1249 707 1280 lacrimis
722 1248 854 1289 quidem
868 1251 1066 1290 temperare;
1085 1251 1137 1281 vix
1157 1260 1222 1290 prae
1239 1249 1314 1281 ssetu
1330 1251 1487 1289 usurpata

159 1295 386 1327 consalutatio.
412 1295 590 1326 decesserat
604 1297 767 1327 certamen
785 1297 916 1327 virtutis
928 1299 959 1328 et
976 1297 1111 1328 ambitio
1124 1297 1244 1337 gloriae,
1269 1296 1411 1327 felicium
1425 1296 1485 1327 ho·

158 1341 282 1374 minum
299 1342 454 1373 affectus:
469 1343 536 1373 sola
553 1342 774 1373 misericordia
792 1343 939 1383 valebat,
964 1345 995 1375 et
1018 1344 1104 1383 apud
1128 1342 1289 1374 minores⁴
1308 1343 1419 1382 magis.

201 1392 295 1420 XVII.
321 1393 446 1419 Ducum
464 1390 547 1420 inter
563 1398 596 1420 se
616 1389 720 1420 brevis
739 1398 843 1421 sermo
861 1392 991 1422 secutus
1008 1393 1058 1422 est
1076 1402 1082 1421 ι
1101 1391 1161 1422 boc
1178 1394 1391 1430 conquerente
1404 1390 1484 1421 irri-

160 1435 234 1467 tum
252 1436 404 1467 laborem
421 1435 445 1475 ¹,
461 1438 610 1476 potuisse
637 1437 765 1468 bellum
779 1437 875 1477 fuya
902 1437 1115 1469 Parthorum
1128 1438 1248 1478 finiri,
1279 1438 1329 1469 ille
1346 1439 1485 1477 inteqra

160 1485 299 1523 utrique
325 1485 451 1514 cuncta
474 1484 640 1523 respondit
658 1494 665 1515 ε
690 1487 927 1516 converterent
944 1486 1082 1525 aquilas
1100 1487 1132 1517 et
1143 1486 1259 1525 J'uncti
1282 1484 1485 1517 invaderent

159 1530 359 1561 Armeniam
375 1530 532 1562 abscessu
551 1531 715 1571 Voloqesis
729 1531 958 1571 infirmatam.
975 1533 1048 1563 Non
1059 1540 1100 1563 ea
1114 1534 1345 1572 Imperatoris
1359 1531 1485 1563 habere

159 1576 331 1608 mandata
342 1576 496 1608 corhulo²
511 1587 518 1608 ε
533 1590 547 1603 «
561 1577 873 1617 periculolegionum
888 1581 1087 1609 commotum
1101 1587 1118 1609 e
1131 1579 1294 1619 provincia
1307 1588 1483 1618 egressum,

160 1634 177 1650 «ι
193 1623 324 1662 quando
346 1624 379 1654 in
395 1624 517 1655 incerto
537 1624 714 1655 habeantur
731 1625 922 1656 Parthorum
948 1628 1098 1664 conatus,
1117 1626 1239 1665 Syriam
1258 1626 1482 1666 repetiturum.

160 1681 177 1697 «
195 1670 241 1700 sic
257 1679 389 1709 quoque
403 1671 559 1709 optimam
576 1670 738 1702 fortunam
757 1671 910 1702 orandam
924 1696 933 1710 ‚
955 1673 991 1702 ut
1007 1672 1103 1711 pedes
1119 1673 1282 1703 confectus
1304 1672 1412 1712 spatiis
1436 1671 1485 1702 iti-

161 1729 177 1744 «
196 1725 309 1748 nerum
325 1717 461 1747 alacrem
475 1718 507 1748 et
522 1717 674 1749 facilitate
689 1727 875 1759 camporum
891 1718 1141 1758 praevenientem
1155 1719 1296 1758 equitem
1309 1719 1320 1737 ³
1336 1727 1484 1759 asseque-

161 1774 177 1790 «
196 1765 294 1794 retur.
312 1776 326 1789 υ
348 1763 422 1793 exin
439 1766 545 1795 Paetus
570 1773 626 1803 per
643 1764 876 1804 Cappadociam
895 1765 1086 1796 hibernavit.
1119 1768 1158 1796 At
1174 1765 1338 1805 Vologesis
1354 1766 1393 1797 ad
1412 1770 1486 1797 Cor-

157 1808 309 1841 bulonem
328 1810 418 1840 missi
436 1810 556 1849 nuntii,
573 1810 773 1843 detraheret
797 1812 943 1843 castella
972 1813 1071 1842 trans
1088 1812 1308 1851 Euphraten,
1337 1822 1485 1845 amnem-

158 1864 242 1896 que,
264 1858 304 1887 ul
328 1857 432 1895 olim,
455 1856 606 1888 medium
625 1857 772 1896 faceret.
791 1857 843 1888 ille
865 1860 1062 1890 Armeniam
1085 1868 1217 1899 quoque
1233 1859 1376 1891 diversis
1388 1869 1485 1899 prce-

158 1902 254 1934 sidus
273 1903 511 1943 vacuamfierz'
536 1905 771 1943 expostulabat.
801 1907 833 1935 et
855 1906 1018 1944 postremo
1040 1907 1198 1937 concessit
1223 1915 1297 1944 rex3
1314 1906 1485 1946 dirutaque

158 1958 232 1990 quae
250 1950 332 1980 ultra
346 1950 526 1990 Euphraten
543 1952 779 1983 communierat
796 1951 935 1983 Corbulo
947 1976 955 1991 ‚
973 1955 1003 1983 et
1016 1952 1157 1983 Armenii
1182 1953 1249 1984 sine
1264 1953 1384 1984 arbitro
1400 1953 1409 1971 ⁴
1437 1961 1484 1984 re-

158 1995 226 2027 licti
244 1997 329 2027 sunt.

200 2046 310 2073 XVIII.
337 2046 376 2074 At
394 2048 505 2075 Romae
522 2046 643 2085 tropaea
663 2045 703 2076 de
725 2045 852 2076 Parthis
869 2053 1028 2084 arcusque
1047 2045 1153 2076 medio
1175 2045 1345 2085 Capitolini
1363 2046 1483 2078 montis

189 2177 244 2200 XV.
261 2182 282 2200 ι.
296 2177 388 2207 Prope
402 2179 429 2202 et
442 2178 620 2208 comparativi
630 2178 843 2209 superlativique
852 2178 916 2203 inde
929 2179 1004 2203 ducti
1018 2184 1078 2203 cum
1089 2179 1246 2203 accusativo
1257 2184 1333 2208 aeque
1344 2185 1376 2204 ac
1389 2180 1482 2207 dativo

159 2212 314 2236 struuntur.

190 2246 258 2270 XVI.
273 2253 292 2271 I.
304 2247 366 2271 Sive
376 2248 403 2271 in
418 2249 619 2273 commentariis
632 2250 689 2272 slve
702 2249 729 2272 in
743 2248 865 2278 epistolis
881 2248 914 2272 ad
929 2249 1124 2278 Imperatorem
1139 2249 1289 2273 missis—⁸,
1309 2250 1385 2280 Apud
1395 2251 1481 2280 prin-

160 2280 239 2309 cipia
256 2283 417 2311 castrorum,
432 2283 465 2307 de
487 2284 585 2313 quibus
597 2290 620 2307 v.
631 2284 664 2307 ad
680 2284 746 2313 Lei.
766 2297 793 2301 —
808 2289 830 2307 a.
844 2286 886 2308 Sc.
905 2284 1019 2308 militum
1037 2285 1098 2308 I‘aeti
1113 2290 1160 2314 per
1175 2284 1346 2314 splendorem
1360 2292 1478 2311 suorum.

160 2314 303 2340 Exercitus
322 2318 432 2341 Romani
447 2319 554 2348 quando
573 2319 623 2343 sibi
641 2319 715 2344 obvii
735 2319 845 2349 fiebant,
862 2319 1011 2348 insignibus
1030 2320 1086 2344 suis
1106 2321 1204 2350 quique
1224 2322 1354 2351 quantum
1369 2322 1480 2351 possent

162 2350 371 2380 explendescere
385 2358 440 2376 non
454 2354 666 2382 parcebant—⁴.
681 2354 833 2378 InrerIores.
846 2353 922 2378 conr.
933 2359 956 2378 c.
969 2359 1004 2378 πο.

192 2386 271 2446 Χνὲῐ.
289 2392 310 2412 ι.
320 2388 364 2411 Sc.
383 2388 488 2412 itineris
502 2391 556 2413 tam
570 2390 775 2419 properam—2.
789 2389 851 2413 Scil.
866 2395 895 2413 se
909 2389 1118 2419 respondIt.--³.
1134 2391 1290 2420 Equitatum
1307 2390 1477 2417 Corbulonis.

162 2425 212 2444 —⁴.
255 2422 352 2448 omino-
