1539 2668
100 207 167 237 ,316
465 201 599 231 TACITI
623 198 899 229 HISTORIARUM
922 199 993 228 LlB.
1019 200 1059 228 11.

104 294 123 309 α
141 287 276 312 nensem
295 278 427 310 incursu
442 276 554 308 classis
572 277 605 308 et
622 275 757 306 adverso
772 273 888 314 proelio
909 273 1163 313 contremuisse3
1188 273 1328 305 clausam
1351 273 1435 314 Alpi-

105 340 123 355 «
140 327 201 359 bus
219 329 251 358 et
274 326 362 357 nullo
384 324 482 357 maris
502 324 647 357 subsidio
667 321 916 362 transpadanam
937 322 1065 354 Italiam
1082 324 1181 362 atque
1202 321 1274 362 ipso
1295 321 1433 353 transitu

100 387 121 401 -α
138 374 303 406 exercitus
321 374 470 413 vastam3
497 381 562 403 non
588 371 792 403 frumentum
817 379 955 410 usquam
978 371 1158 411 exercitui,
1176 379 1236 402 nec
1254 369 1433 403 exercitum

101 434 120 449 <c
137 422 207 453 sine
232 421 335 462 copiis
359 421 491 453 retineri
517 428 621 460 posse.
647 419 713 459 jam
737 423 934 459 Germanos,
954 419 1043 459 quod
1062 427 1164 460 genus
1186 418 1326 450 militum
1348 418 1433 458 apud

97 480 118 495 (ι
138 468 248 501 hostes
270 468 509 500 atrocissimum
529 467 589 507 sit,
615 468 720 499 tracto
745 467 777 497 in
799 467 945 498 aestatem
971 467 1073 508 bello,
1099 466 1194 499 fluxis
1216 465 1404 506 corporibus
1418 490 1428 507 ,

101 516 353 548 «mutationem
369 516 429 548 soli
449 516 588 556 coelique
610 515 697 546 haud
720 514 928 546 toleraturos.
952 516 1056 547 multa
1079 515 1161 547 bella
1183 515 1308 555 inipetu
1326 514 1433 547 valida

96 574 117 589 a
134 572 192 604 per
206 564 302 595 taedia
320 566 351 595 et
367 573 473 595 moras
487 563 672 595 evanuisse.
689 565 804 594 contra
822 563 901 603 ipsis
918 563 1029 595 omnia
1045 565 1198 604 opulenta
1215 566 1247 595 et
1263 563 1339 602 fida,
1354 567 1432 594 Pan-

94 623 116 639 «
134 613 286 652 uoniam,
312 612 480 652 Moesiam,
508 612 723 650 Dalmatiam,
754 611 923 643 Orientem
953 620 1027 642 cum
1054 612 1188 651 integris
1216 612 1430 652 exercitibus,

94 671 113 685 α
135 659 262 690 Italiam
291 662 323 691 et
347 662 446 701 caput
472 670 581 692 rerum
608 660 747 700 Urbem,
767 660 983 699 senatumque
1002 660 1035 690 et
1057 661 1234 700 populum,
1263 668 1430 701 nunquam

96 718 115 733 «
135 706 274 738 obscura
299 708 432 739 nomina
449 731 457 747 ‚
483 708 544 740 etsi
571 707 745 748 aliquando
771 707 1032 746 obumbrentur3
1054 707 1201 747 publicas
1224 707 1431 748 privatasque

94 765 114 781 (ι
130 762 210 794 opes
227 756 260 785 et
274 755 469 787 immensam
483 757 657 796 pecuniam
669 781 678 796 ,
696 755 780 786 inter
793 754 906 786 civiles
923 755 1105 786 discordias
1120 754 1205 786 ferro
1219 754 1429 799 validiorem;

92 813 113 828 α
131 810 265 841 corpora
282 803 425 834 militum
440 806 497 835 aut
511 804 612 835 Italiae
626 806 718 834 sueta
732 803 788 834 aut
801 802 947 833 aestibus.
963 802 1111 841 obJ'acere
1127 802 1249 833 ssumen
1267 803 1389 835 Padum
1406 806 1430 845 ¹,

92 860 112 875 <‹
129 848 217 880 tutas
236 849 312 880 viris
329 850 497 890 murisque
518 851 631 889 urbes3
653 859 670 882 e
686 849 806 890 quibus
825 849 944 880 nullam
964 849 1050 881 hosti
1073 858 1236 881 cessuram
1255 849 1428 884 Placentiae

91 906 111 921 (ε
131 894 319 927 defensione
340 897 558 937 exploratum.
577 897 715 937 proinde
739 896 873 927 duceret
896 896 1029 927 bellum.
1057 898 1169 936 paucis
1197 897 1313 928 diebus
1336 907 1429 938 quar-

91 953 111 968 «
128 942 358 974 tamdecimam
379 944 539 984 legionem
552 968 561 983 ,
587 953 705 984 magna
720 943 825 984 ipsam
846 944 950 983 sama,
979 953 1054 975 cum
1078 945 1236 976 Moesiacis
1253 945 1358 985 copiis
1380 947 1427 978 af-

90 1001 110 1016 «
128 990 198 1021 fore
216 999 223 1020 ι
239 991 309 1021 tum
325 1000 440 1022 rursus
457 991 734 1031 deliberaturum,
753 992 785 1022 et
802 991 830 1022 si
848 991 997 1031 proelium
1016 991 1211 1032 placuisset,
1230 993 1335 1024 auctis
1352 993 1428 1025 viri-

90 1048 109 1062 «
127 1035 188 1067 bus
205 1039 395 1069 certaturos.
413 1051 428 1066 »

129 1088 271 1116 XXXIII.
298 1085 481 1117 Accedebat
509 1086 679 1117 sententiae
707 1086 835 1117 Paulini
862 1085 985 1117 Marius
1014 1087 1143 1126 Celsus;
1172 1087 1263 1118 idem
1282 1088 1427 1128 placere

89 1131 202 1163 Annio
225 1133 325 1164 Gallo
339 1158 348 1172 ,
367 1142 488 1173 paucos
508 1136 584 1165 ante
600 1133 670 1164 dies
691 1134 783 1174 lapsu
807 1134 881 1173 equi
902 1133 1043 1173 afflicto,
1065 1134 1157 1165 missi
1175 1135 1230 1174 qui
1250 1136 1425 1167 consilium

86 1181 161 1218 ejus
179 1179 438 1221 sciscitarentur,
462 1182 654 1213 retulerant.
674 1181 759 1212 Otho
777 1189 897 1221 pronus
914 1181 953 1212 ad
970 1181 1224 1222 decertandum3
1242 1182 1341 1214 frater
1358 1183 1427 1222 ejus

86 1227 236 1257 Titianus
251 1229 282 1258 et
296 1228 470 1268 praefrctus
485 1228 627 1271 praetorii
643 1229 810 1268 Proculus,
826 1228 987 1269 imperitia
1004 1230 1426 1270 properantes,fortunam

85 1275 121 1304 et
134 1273 211 1305 deos
225 1277 258 1305 ec
271 1284 399 1307 numen
415 1277 557 1309 Othonis
571 1277 689 1309 adesse
706 1277 870 1317 consillia,
883 1275 1004 1316 affore
1017 1277 1195 1309 conatibus
1212 1277 1423 1312 testabantur.

86 1329 151 1352 neu
172 1322 245 1361 quis
272 1323 403 1356 obviam
429 1326 475 1357 ire
500 1327 671 1358 sententiae
696 1324 849 1363 auderet,
883 1324 917 1354 in
943 1324 1163 1356 adulationem
1185 1327 1422 1359 concesserant.

85 1370 262 1409 postquam
282 1373 416 1412 pugnari
434 1374 610 1414 placitum,
628 1377 795 1406 interesse
813 1381 942 1413 puynoe
966 1375 1221 1414 Imperatorem
1239 1382 1284 1406 ανι
1309 1377 1425 1416 seponi

86 1417 210 1448 melius
221 1418 340 1461 foret,
360 1421 565 1454 dubitavere.
594 1423 731 1454 Paulino
752 1423 784 1453 et
810 1421 901 1453 Celso
917 1422 982 1460 Jam
1000 1430 1065 1453 non
1085 1421 1334 1454 adversantibus
1348 1447 1358 1463 ,
1384 1432 1424 1455 ne

89 1465 270 1504 Principem
301 1467 467 1507 objectare
493 1470 646 1511 periculis
670 1470 879 1508 viderentur,
906 1469 1004 1500 iidem
1027 1469 1075 1501 illi
1104 1470 1274 1501 deterioris
1295 1470 1423 1502 consilii

83 1514 236 1544 auctores
262 1516 432 1554 perpulere
457 1520 498 1549 ut
524 1518 726 1549 Brixellum
753 1516 970 1557 concederet,
1001 1525 1042 1548 ac
1072 1517 1186 1548 dubiis
1215 1518 1424 1557 proeliorum

82 1563 268 1600 exemptus
282 1571 429 1595 szcmmoe
445 1573 566 1597 rerum
581 1567 614 1597 et
627 1567 766 1605 imperii
781 1573 816 1596 se
829 1566 943 1604 {psum
956 1566 1161 1596 reservaret.
1178 1565 1204 1596 is
1218 1565 1342 1604 primus
1355 1565 1422 1598 dies

83 1606 286 1639 Othonianas
312 1612 422 1650 partes
444 1612 572 1644 afflixit.
592 1621 735 1652 namque
753 1614 785 1643 et
802 1620 877 1642 cum
903 1611 975 1651 ipso
991 1611 1217 1650 praetoriarum
1235 1612 1422 1644 cohortium

81 1656 119 1685 <et
143 1656 385 1694 speculatorum
415 1659 633 1699 equitumque
658 1658 766 1690 valida
792 1667 906 1690 manus
931 1657 1101 1697 discessit,
1122 1659 1156 1689 et
1181 1659 1420 1691 remanentium

82 1702 207 1733 fractus
221 1703 350 1735 animus
366 1729 375 1744 ‚
391 1706 522 1745 quando
537 1706 678 1746 suspecti
694 1706 811 1746 duces,
829 1709 860 1737 et
878 1706 980 1745 Otho,
994 1708 1030 1736 ut
1044 1705 1097 1736 cui
1112 1706 1167 1736 uni
1184 1706 1269 1746 apud
1284 1706 1420 1739 militem

82 1748 183 1789 fides,
205 1749 285 1781 dum
307 1753 341 1783 et
358 1752 427 1793 ipse
448 1763 514 1785 non
534 1754 595 1785 nisi
611 1753 773 1785 militibus
792 1753 914 1793 credit,
937 1753 1077 1793 imperia
1094 1753 1216 1785 ducum
1236 1754 1270 1785 in
1295 1754 1419 1788 incerto

82 1796 275 1837 reliquerat.

126 1848 262 1878 XXXIV.
286 1847 372 1878 Nihil
389 1857 503 1879 eorum
521 1848 716 1880 Vitellianos
738 1847 890 1887 fallebat,
919 1848 1042 1880 crebris
1056 1873 1065 1889 ,
1090 1849 1128 1881 ut
1147 1848 1180 1880 in
1200 1849 1291 1881 civili
1313 1849 1417 1892 bello,

80 1893 275 1933 transfugiis
293 1904 299 1925 :
317 1896 350 1926 et
364 1897 587 1935 exploratores
601 1905 679 1928 cura
694 1896 821 1928 diversa
835 1896 1021 1928 sciscitandi
1037 1905 1096 1928 sua
1112 1905 1178 1928 non
1198 1897 1416 1931 occultabant.

80 1941 186 1981 quieti
213 1942 396 1983 intentique
413 1944 541 1975 Caecina
558 1953 596 1976 ac
619 1944 757 1984 Valens,
782 1943 912 1984 quando
929 1944 1032 1976 hostis
1050 1945 1270 1985 imprudentia
1286 1948 1416 1986 rueret,

79 1990 171 2029 *quod
197 1990 268 2021 loco
296 1991 465 2031 sapientiae
492 1994 561 2033 est,
591 1992 730 2024 alienam
758 1992 932 2023 stultitiam
959 1993 1234 2033 opperiebantur,
1263 1994 1416 2028 inchoato

80 2041 182 2079 *ponte
204 2042 382 2072 transitum
400 2042 479 2073 Padi
502 2043 699 2074 simulantes
720 2042 878 2074 adversus
901 2043 1085 2083 oppositam
1108 2043 1324 2083 gladiatorum
1345 2054 1414 2077 ma-

81 2097 177 2128 rium,
193 2097 230 2119 ac
244 2098 283 2120 ne
298 2089 444 2129 ipsorum
461 2090 553 2122 miles
570 2100 668 2132 segne
682 2091 786 2123 otium
800 2092 929 2123 tereret.
948 2100 1048 2129 naves
1065 2091 1134 2131 pari
1152 2091 1236 2123 inter
1249 2100 1283 2123 se
1298 2093 1413 2135 spatio,

80 2135 201 2167 validis
224 2136 388 2176 utrimque
412 2137 557 2170 trabibus
582 2148 762 2180 connexae,
782 2139 952 2171 adversum
971 2139 1004 2169 in
1022 2138 1145 2170 flumen
1168 2138 1413 2181 dirigebantur,

75 2183 178 2222 iactis
195 2193 292 2223 super
310 2186 454 2226 ancoris,
473 2195 547 2227 quae
565 2186 756 2219 firmitatem
778 2186 887 2228 pontis
906 2187 1123 2218 continerent.
1150 2186 1206 2218 sed
1221 2195 1413 2220 ancorarum

81 2231 179 2263 funes
196 2240 260 2262 non
277 2234 403 2264 extenti
421 2234 612 2276 fluitabant,
637 2236 673 2267 ut
690 2235 883 2275 augescente
901 2234 1035 2265 flumine
1058 2233 1240 2266 inoffensus
1257 2235 1338 2267 ordo
1355 2244 1413 2268 na-

81 2278 177 2310 vium
190 2280 402 2312 attolleretur.
416 2281 586 2314 claudebat
599 2284 730 2323 pontem
744 2282 895 2324 imposita
907 2281 1004 2314 turris
1015 2281 1093 2314 etin
1105 2284 1283 2314 extremam
1295 2291 1413 2316 navem

112 2386 225 2410 xxxn.
243 2392 265 2411 ι.
277 2388 408 2412 Nimirum.
420 2389 550 2418 regressis
562 2391 602 2415 cis
622 2391 734 2423 Padum,
748 2391 820 2422 quod
834 2391 892 2418 vult
905 2390 1051 2417 Suetonius
1066 2397 1072 2416 :
1084 2396 1146 2416 nam
1160 2397 1233 2417 nunc
1245 2392 1331 2423 ipsum
1349 2398 1413 2417 ver-

78 2424 181 2449 ‘eantur
197 2425 272 2448 trans
288 2424 399 2455 Padum,
418 2425 552 2452 Bedriaci.
