1539 2668
164 185 222 214 136
530 182 664 211 TACITI
687 183 896 212 ANNALIUM
920 184 994 212 LIB.
1024 184 1076 211 Vl.

162 256 271 298 aequi¹
303 255 493 296 impatiens,
527 255 715 286 dominandi
746 255 858 295 avida,
889 256 1036 286 virilibus
1074 255 1159 285 curis
1188 255 1379 287 feminarum
1411 257 1491 289 vitia

163 306 306 336 exuerat.
329 303 444 335 eodem
458 303 513 334 die
526 302 728 342 defunctam
744 312 809 343 quo
827 303 960 335 biennio
975 306 1055 335 ante
1069 303 1212 342 sejcmzcs
1223 312 1343 343 poemzs
1357 305 1490 340 luisset,
1536 313 1538 337 ι

162 353 401 391 memoriaeque
416 350 450 381 {cl
461 349 689 390 prodendum,
706 349 832 381 addidit
843 354 960 389 Caesar3
972 350 1169 390 jaetaxitque
1183 350 1273 390 quod
1288 359 1353 382 ηοη
1369 352 1493 392 laqueo

161 399 388 438 stranqulczta
407 406 514 438 neque
529 399 562 428 in
584 398 768 428 Gemonias
784 399 938 438 projecta
953 397 1061 437 foret.
1090 399 1171 428 actae
1189 397 1229 427 ob
1245 397 1277 428 id
1295 400 1415 437 grates,
1442 397 1493 430 de-

163 447 349 485 cretumque
368 448 401 475 ut
418 444 750 485 quintumdeciwmm
767 445 847 476 Kal.
870 446 1073 477 Novembris
1089 444 1099 461 ²
1123 446 1305 485 utriusque
1320 447 1409 476 necis
1424 445 1491 485 die,

155 501 224 534 per
237 501 350 523 omnes
368 500 477 522 annos
500 491 629 522 donum
648 493 721 522 Jovi
741 494 956 523 sacraretur.

201 543 307 571 XXVI.
335 538 425 570 Haud
443 539 547 569 mullo
561 539 634 579 post
648 539 800 570 Cocceius
817 543 922 570 Nerva
935 564 942 578 ,
968 540 1142 571 continuus
1163 539 1169 556 ¹
1201 539 1369 578 Principis,
1388 539 1494 570 omnis

162 586 262 618 divini
278 585 571 624 immaniquejuris
596 586 720 625 sciens,
745 586 868 626 integro
895 589 979 618 statu
994 611 1001 625 ‚
1031 596 1163 626 corpore
1186 587 1308 625 illreso,
1337 585 1495 617 moriendi

161 633 334 664 consilium
352 633 444 672 cepit.
468 632 555 672 quod
581 635 616 664 ut
641 632 768 664 Tiberio
797 634 979 673 cognitum,
998 633 1155 671 assidere,
1172 642 1284 663 causas
1311 633 1471 672 requirere
1485 658 1494 674 ,

161 680 279 711 addere
296 688 406 719 preces
419 703 428 719 ,
453 679 545 711 fateri
561 682 726 720 postremo
748 689 854 720 qrave
875 683 1108 719 conscienlise,
1135 689 1240 720 ,τῃ-(ιη’.
1261 680 1376 719 ιΐαυὶσε
1400 688 1494 720 suoe,

160 730 188 759 si
213 729 398 767 proximus
424 729 618 758 anticorum
646 728 755 758 nullis
783 727 950 759 moriendi
983 728 1178 758 rationibus
1206 730 1311 758 ritmn
1332 727 1514 766 fitqerets

161 777 328 805 aversatus
356 783 539 805 sermonem
566 778 670 805 Nerva
684 774 914 806 abstinentiam
935 775 997 805 cibi
1017 774 1185 814 conjunxit
1203 774 1227 805 2.
1248 774 1392 806 ferebant
1407 773 1496 812 gnari

161 821 394 860 cogitationum
408 822 494 861 ejus,
511 822 634 861 quanto
648 821 781 861 propius
793 822 803 840 ³
831 823 916 853 mala
932 822 1117 861 reipublieu¹
1131 821 1269 859 viseret,
1288 821 1332 851 ira
1346 823 1377 851 et
1394 823 1494 858 metu,

160 867 240 898 dum
258 869 390 907 integer,
408 868 487 899 dum
504 868 684 899 intentatus
700 868 726 908 ⁵,
746 869 917 900 honestum
933 869 1028 899 tinem
1044 869 1197 900 voluisse.
1224 870 1373 900 Ceterum
1390 867 1496 906 sacrip-

162 916 245 956 pina)
268 915 442 954 pernicies,
463 916 551 955 quod
579 916 635 946 vix
663 916 835 955 credibile,
867 916 1051 947 Plancinam
1071 916 1179 946 traxit,
1211 918 1312 955 nupta
1335 915 1410 945 olim
1438 918 1494 945 Cn.

160 962 269 993 Pisoni
285 964 318 993 et
338 962 444 1002 palam
462 962 536 994 laeta
554 964 658 994 morte
676 964 873 1000 Germanici,
893 972 993 1003 quum
1014 963 1087 994 Piso
1105 962 1252 1000 caderet,
1271 961 1419 1001 precibus
1432 964 1496 993 Au·
1535 979 1538 984 -

162 1011 265 1047 gustae
282 1018 341 1040 nec
359 1009 468 1040 minus
484 1009 664 1040 inimicitiis
681 1011 863 1050 Agrippinae
876 1010 1006 1041 defensa
1024 1012 1091 1040 erat
1108 1009 1118 1026 ⁵
1140 1018 1146 1039 :
1167 1010 1202 1039 ut
1217 1009 1328 1038 odium
1347 1009 1377 1039 et
1397 1008 1499 1048 gratia
1535 1013 1539 1043 Ξ

161 1056 301 1094 desiere,
329 1057 381 1096 jus
403 1056 524 1096 valuit,
543 1057 709 1096 petitaque
738 1057 930 1088 criminibus
947 1056 1031 1087 haud
1063 1056 1198 1095 ignotis,
1228 1064 1286 1086 sua
1312 1064 1408 1086 manu
1428 1062 1498 1086 sera

161 1104 262 1143 magis
279 1112 376 1143 quam
395 1103 558 1135 immerita
575 1104 732 1144 supplicia
746 1105 911 1144 persolvit.

202 1154 323 1182 XXVII.
337 1152 398 1181 Tot
415 1150 556 1181 luctibus
573 1152 699 1182 funesta
714 1151 846 1182 civitate
864 1160 938 1190 pars
952 1150 1099 1181 moeroris
1115 1150 1187 1187 suit,
1205 1149 1291 1189 quod
1302 1149 1389 1180 Julia
1402 1149 1498 1180 Drusi

161 1198 225 1230 tilia
237 1221 246 1236 ,
264 1197 427 1237 quondam
454 1198 588 1229 Neronis
612 1207 706 1237 uxor,
722 1198 873 1238 denupsit
896 1199 927 1228 in
946 1198 1080 1229 domum
1102 1197 1238 1228 Rubellii
1257 1196 1387 1235 Blandi,
1406 1196 1499 1235 cujus

163 1254 259 1277 avum
274 1245 461 1283 Tiburtem,
480 1245 622 1284 equitem
640 1249 836 1284 Romanum,
854 1245 1001 1285 plerique
1016 1245 1240 1275 meminerant.
1261 1246 1411 1275 Extremo
1423 1243 1499 1274 anni

161 1301 250 1323 mors
268 1292 332 1322 AElii
347 1293 466 1323 Lamiae
491 1293 604 1323 t'uuere
624 1293 770 1323 censorio
788 1293 793 1310 ¹
816 1293 975 1324 celebrata
988 1316 996 1331 ‚
1021 1293 1095 1331 qui,
1114 1291 1378 1322 administrandae
1402 1291 1501 1330 Syrize

161 1339 299 1379 imagine
315 1338 326 1356 ²
351 1339 482 1370 tandem
496 1340 685 1378 exsolutus,
704 1340 782 1371 Urbi
797 1339 1005 1380 praefueraffl.
1022 1348 1122 1378 genus
1140 1338 1183 1369 illi
1201 1339 1373 1378 decorum,
1392 1337 1501 1368 vivida

162 1389 328 1423 senectus3
347 1387 379 1417 et
395 1395 459 1416 non
477 1387 633 1426 permissa
650 1387 819 1426 provincia
836 1386 1057 1426 dignationem
1076 1385 1254 1415 addiderat.
1287 1385 1366 1415 Exin
1384 1384 1498 1415 Flacco

161 1434 340 1472 Pomponio
353 1458 361 1472 ,
380 1434 480 1473 Syriae
500 1436 695 1473 propraetore
708 1457 716 1471 ‚
744 1433 898 1464 defuncto
912 1457 920 1471 ,
939 1433 1115 1463 recitantur
1132 1432 1267 1463 Caesaris
1281 1431 1409 1469 litterze,
1427 1433 1502 1471 quis

162 1479 350 1518 incusabat,
366 1482 541 1520 eqreyium
558 1489 725 1521 quemque
739 1482 772 1511 et
786 1480 941 1520 reqemlz's
955 1479 1159 1511 effrenibus
1175 1479 1334 1510 idoneum
1348 1478 1501 1510 (cbmcere
1531 1497 1539 1502 .,

163 1527 200 1559 z‘d
219 1536 348 1559 munus
361 1551 369 1567 ,
393 1536 494 1568 seque
510 1536 549 1558 ea
574 1527 825 1558 necessitudine
846 1527 893 1558 ad
911 1536 1027 1567 preces
1045 1528 1114 1566 cossi
1126 1549 1134 1564 ,
1159 1535 1222 1566 per
1239 1534 1327 1566 quas
1344 1525 1501 1556 consula-

164 1576 258 1606 rium
275 1575 385 1615 aliqua*
410 1583 586 1614 capessere
612 1576 810 1614 pror-incias
827 1574 1066 1614 acliqerentur,
1089 1574 1209 1604 oblitus
1226 1573 1436 1612 Arruntium,
1459 1581 1500 1604 ne
1535 1590 1539 1601 .

165 1621 196 1652 in
217 1622 402 1662 Hispaniam
425 1623 587 1661 pergeret,
611 1621 773 1653 decimum
789 1621 855 1660 jam
874 1630 994 1652 annum
1015 1621 1155 1652 attineri.
1178 1621 1265 1651 Obiit
1288 1619 1401 1651 eodeni
1416 1628 1501 1651 anno
1528 1647 1529 1650 ,

163 1670 196 1701 et
212 1673 253 1700 M.
274 1668 414 1708 Lepidus
428 1693 436 1707 ,
456 1668 496 1699 de
517 1669 609 1708 cujus
629 1669 849 1701 moderatione
865 1671 963 1708 atque
989 1668 1144 1708 sapientia
1173 1668 1204 1698 in
1230 1666 1391 1707 prioribus
1413 1665 1502 1697 libris
1529 1679 1534 1702 j

165 1716 241 1748 satis
259 1716 415 1746 collocavi
431 1715 440 1732 ‘⁵
471 1724 573 1755 neque
590 1714 744 1746 nobilitas
766 1715 889 1747 diutius
907 1715 1160 1746 demonstranda
1177 1715 1226 1745 est
1243 1723 1249 1744 :
1268 1714 1389 1753 quippe
1412 1712 1503 1744 53ῐηί-

165 1762 245 1793 lium
265 1771 366 1802 genus
384 1762 559 1793 secundum
575 1762 733 1793 bonorum
747 1762 870 1793 civium
884 1787 892 1802 ‚
917 1766 948 1794 et
976 1762 1030 1802 qui
1058 1762 1171 1793 eadem
1198 1761 1321 1792 familia
1342 1759 1502 1800 corruptis

167 1809 310 1840 moribus
324 1834 332 1848 ,
354 1809 474 1840 illustri
492 1811 600 1839 tamen
616 1809 744 1840 fortuna
758 1818 849 1848 egere
863 1809 888 1840 ⁴².

208 1860 344 1887 xxvul.
365 1857 473 1887 Paullo
489 1856 604 1894 Fabio,
623 1860 656 1887 L.
673 1856 799 1887 Vitellio
816 1860 904 1887 Coss.
928 1857 933 1873 ¹
959 1858 1030 1896 post
1046 1856 1177 1895 longum
1195 1855 1387 1886 saeculorum
1402 1852 1502 1884 ambi-

166 1904 237 1934 tum
260 1903 333 1933 avix
359 1903 489 1942 pliwnix
516 1902 548 1932 in
576 1905 743 1942 AEgyptum
770 1903 859 1934 venit
884 1903 1086 1943 praebuitque
1113 1901 1280 1933 materiem
1306 1900 1503 1931 doctissimis

166 1950 392 1989 indigenarum
409 1953 440 1980 et
457 1954 641 1981 Graecorum
660 1951 760 1981 multa
777 1959 873 1991 super
887 1959 924 1981 eo
940 1951 1097 1981 miraculo
1115 1948 1304 1980 disserendi.
1330 1948 1369 1979 de
1385 1947 1503 1987 quibus

166 1998 372 2036 congruunt,
391 1999 422 2028 et
441 1997 532 2037 plura
548 1997 718 2037 ambigna,
737 1997 794 2028 sed
814 1998 944 2037 cognitu
972 2007 1036 2028 non
1062 1997 1221 2035 absurda,
1241 2003 1386 2036 promere
1411 1993 1501 2025 libet.

168 2052 295 2074 sacrum
313 2044 377 2075 Soli
394 2044 426 2075 id
446 2044 563 2075 animal
579 2046 610 2075 et
626 2053 680 2076 ore
694 2053 731 2076 ac
747 2044 900 2075 distinctu
918 2044 1088 2084 pinnarum
1103 2053 1121 2074 a
1138 2043 1253 2074 ceteris
1268 2041 1383 2073 avibus
1398 2040 1489 2072 diver

168 2099 240 2122 sum
251 2090 277 2129 ²,
294 2092 499 2122 consentiunt
517 2091 573 2131 qui
590 2091 727 2123 sormam
744 2092 813 2131 eJus
827 2091 988 2123 definiere.
1017 2090 1056 2122 de
1075 2098 1212 2121 numero
1235 2096 1395 2120 annorum
1412 2087 1502 2118 varia

198 2181 281 2204 xxv.
299 2186 318 2204 ι.
339 2182 441 2210 AEquae,
460 2181 554 2205 mediae
568 2182 740 2206 conditionis.
754 2195 781 2199 .-
794 2187 816 2205 2.
833 2181 943 2205 Decimo
957 2186 1029 2204 nono
1046 2180 1090 2203 die
1102 2178 1234 2203 octobris.

199 2216 296 2239 xxxi.
313 2221 331 2239 i.
346 2216 520 2240 substantive
538 2224 544 2240 z
559 2219 604 2247 qui
621 2223 728 2247 semper
742 2223 802 2241 cuin
818 2217 940 2246 Principe
955 2217 1021 2239 erat.
1034 2228 1061 2231 —-
1074 2220 1096 2238 2.
1111 2212 1302 2240 continuavit,
1319 2217 1356 2235 sc.
1373 2217 1421 2241 per
1440 2211 1501 2242 plu-

170 2257 213 2275 res
226 2251 293 2274 dics.
304 2264 330 2266 —
341 2256 362 2274 5.
375 2251 440 2280 Quia
454 2252 539 2277 inulto
556 2253 668 2283 propius
682 2259 762 2283 quam
779 2252 874 2277 ceteri.
887 2265 915 2269 —
926 2257 947 2276 4.
966 2251 1090 2275 Nondum
1104 2251 1216 2273 vexatus
1229 2247 1457 2272 accusationibus.
1471 2258 1500 2265 -

170 2293 190 2311 s.
204 2287 235 2310 V.
250 2287 298 2313 lll,
316 2291 352 2309 ¹7.

201 2321 308 2346 xxvu.
325 2326 344 2345 ι.
360 2322 389 2344 V.
404 2321 437 2344 ad
451 2322 491 2351 iv,
506 2327 545 2346 its.
560 2335 587 2340 —
598 2328 620 2347 2.
632 2324 698 2348 Nam
711 2330 742 2348 ex
757 2324 787 2347 iis
801 2323 859 2346 erat
872 2321 970 2352 quibus
985 2322 1017 2344 ul
1034 2320 1219 2344 mandaverit
1232 2319 1400 2349 provincias
1418 2315 1503 2341 Tibe-

171 2357 235 2385 rius,
250 2356 348 2386 eyredi'
371 2356 444 2380 Urbe
462 2363 519 2381 non
535 2360 755 2387 eratpassurus
766 2360 801 2387 (i,
820 2359 866 2386 80).
881 2370 907 2374 —
922 2362 943 2380 5.
958 2357 1104 2380 Successor
1125 2357 1153 2379 L.
1169 2355 1272 2379 Pisonis
1292 2353 1406 2379 mortui,
1420 2356 1502 2380 supra

172 2397 195 2415 c.
212 2397 281 2415 ¹0.—
293 2396 314 2416 4-
329 2391 405 2416 Conf.
420 2392 462 2420 lv,
477 2398 515 2416 20.
533 2405 559 2408 —
571 2399 596 2416 5.
618 2394 750 2423 intelligit
765 2395 800 2418 Μ.
819 2392 948 2422 Lepidum
958 2410 964 2419 ,
985 2392 1029 2421 qui
1049 2392 1157 2415 mortuo
1169 2390 1242 2420 Sylla
1257 2389 1392 2413 Marianas
1408 2387 1502 2417 partes
1522 2390 1525 2393 ·

172 2427 341 2456 aliquantum
357 2427 550 2458 suscitaverat,
567 2430 594 2452 et
608 2429 735 2459 Lepidum
749 2429 931 2453 triumvirum.

203 2463 320 2486 xxvni.
340 2468 358 2486 ι.
375 2464 405 2487 Α,
420 2463 450 2487 U.
467 2469 518 2491 787,
536 2470 563 2494 p.
582 2464 640 2488 Clir.
655 2470 692 2488 5⁴.
705 2477 732 2481 —-
746 2469 769 2489 2.
783 2464 882 2488 Plinius
895 2464 933 2493 X,
948 2467 962 2486 2
973 2467 979 2485 :
992 2461 1105 2492 Aquilae
1118 2462 1266 2486 narratur
1280 2457 1499 2489 maqnitudine,

169 2496 237 2521 auri
247 2497 361 2529 fulqore
370 2499 451 2525 circa
461 2500 545 2530 colla,
560 2501 655 2525 cetera
667 2505 850 2530 purpureus.
868 2498 1023 2525 caeruleam
1036 2498 1125 2523 roseis
1139 2497 1265 2522 caudam
1278 2495 1379 2525 pennis
1391 2493 1497 2519 distin·
