1539 2668
148 200 208 230 404
508 198 638 227 TACITI
661 197 935 227 HISTORIARUM
958 198 1029 225 LIB.
1055 197 1108 225 lv.

147 273 207 305 sibi
234 274 367 314 pignora
391 272 568 304 societatis.
591 276 687 311 atque
711 271 841 302 interim
865 271 1028 311 dispersos
1051 270 1082 301 in
1111 269 1263 300 domibus
1284 271 1457 299 Germanos

145 319 405 359 trucidavetann
421 321 507 352 unde
523 321 627 351 metus
640 322 671 351 et
683 320 780 358 Justae
794 329 903 360 preces
918 319 1152 357 invocantium,
1164 319 1335 357 antequam
1349 314 1457 366 hostes

144 370 300 408 reparatis
317 369 441 400 viribus
457 369 498 399 ad
514 376 603 408 spem
628 368 677 399 vel
695 367 734 398 ad
754 368 907 400 ultionem
924 368 1176 406 accingerentur.
1201 372 1341 404 namque
1362 366 1393 394 et
1409 365 1456 394 Cl-

144 416 216 447 vilis
236 417 310 448 illuc
330 415 534 455 intenderat,
555 424 622 446 non
647 416 831 455 invalidus,
853 415 1097 456 flagrantissima
1114 414 1297 446 cohortium
1323 418 1454 442 suarum

143 465 262 504 integra
278 489 287 504 ,
304 474 378 505 quse
395 475 431 496 ex
451 465 590 497 Chaucis
607 464 781 505 FriSiisque
796 465 979 504 composita
1000 464 1143 495 Tolbiaci
1161 464 1193 495 in
1212 461 1328 493 linibus
1344 458 1454 498 Agrip-

142 511 323 551 pinensium
344 512 467 551 agebat,
493 512 549 543 sed
576 511 678 543 tristis
703 512 836 543 nuntius
860 512 997 550 avertit,
1020 511 1169 542 delelam
1184 509 1356 541 cohortem
1378 505 1456 537 dolo

142 560 462 598 Aqripptyzensinm3
488 559 544 599 qui
572 559 670 598 largis
693 559 798 598 epulis
815 559 955 599 vinoque
981 559 1102 597 sopitos
1124 562 1317 594 Germanos,
1339 553 1455 585 clausis

142 605 264 636 foribus
276 631 284 646 ‚
301 606 371 644 igue
388 606 506 645 injecto
523 616 717 639 cremavere.
737 607 834 638 simul
849 606 978 638 Cerialis
996 615 1129 645 propero
1145 605 1270 644 agmine
1288 601 1453 634 subvenit.

141 653 399 684 circumsteterat
413 655 547 685 Civilem
568 657 600 685 et
622 656 705 686 alius
719 656 845 693 metus,
865 663 905 685 ne
922 657 1038 693 quarta
1054 652 1178 684 decima
1199 652 1280 691 legio
1301 650 1455 688 adjuncta

139 699 323 732 Britannica
343 702 446 733 classe
466 702 637 733 afflictaret
652 702 808 740 Batavos,
827 710 891 741 qua
907 705 1036 732 Oceano
1051 700 1252 731 ambiuntur.
1277 697 1334 729 sed
1354 696 1453 747 legio-

140 755 212 778 nem
229 749 372 779 terrestri
388 749 501 780 itinere
514 748 631 779 Fabius
645 749 774 780 Priscus
791 748 915 788 legatus
929 748 963 779 in
976 751 1110 781 Nervios
1123 751 1331 786 Tungrosque
1345 743 1451 780 duxit,

139 803 249 834 eaeque
266 796 413 828 civitates
439 797 473 828 in
498 795 699 828 deditionem
725 799 876 836 acceptae.
901 797 1035 828 classem
1058 797 1144 827 ultro
1161 793 1383 826 Canninefates
1399 797 1454 828 ag·

139 843 236 882 gressi
259 845 354 881 sunt,
382 844 549 884 majorque
572 852 647 883 pars
671 844 804 875 navium
828 845 980 883 depressa
998 846 1054 875 aut
1079 846 1182 883 capta.
1205 844 1236 873 et
1260 839 1453 874 Nerviorum

139 890 404 930 multitudinem,
427 891 540 931 sponte
556 892 753 922 commotam
779 893 815 921 ut
841 900 899 930 pro
924 891 1077 922 Romanis
1103 890 1221 923 bellum
1247 888 1452 929 capesseret,

138 938 236 969 iidem
251 938 479 970 Canninefates
494 940 618 970 fudere.
634 937 796 969 Classicus
813 947 943 979 quoque
961 938 1117 969 adversus
1137 938 1262 977 equites
1279 935 1450 968 Novesium

138 993 154 1014 a
172 985 292 1016 Ceriale
315 988 498 1025 praemissos
522 987 701 1018 secundum
726 985 876 1025 prsnlium
902 987 990 1017 fecit.
1014 995 1087 1025 quae
1111 986 1238 1018 modica
1259 984 1315 1015 sed
1339 984 1452 1015 crebra

138 1030 254 1062 damna
272 1033 389 1064 samam
407 1034 553 1066 victoria¹
572 1044 674 1073 nuper
694 1036 795 1071 partae
812 1032 1005 1065 lacerabant.

178 1082 292 1109 LXXX.
324 1080 440 1111 lisdem
466 1081 578 1112 diebus
598 1081 767 1112 Mucianus
788 1080 908 1110 Vitellii
928 1081 1028 1111 filium
1045 1081 1052 1098 ¹
1073 1080 1209 1111 interfici
1228 1078 1342 1118 jubet,
1360 1084 1450 1107 man-

138 1134 246 1156 suram
268 1126 461 1158 discordiam
482 1128 679 1165 obtendens,
704 1127 735 1158 ni
759 1126 881 1157 semina
905 1126 977 1156 belli
1001 1127 1214 1158 restinxisset.
1233 1135 1338 1165 neque
1354 1125 1451 1155 Anto-

137 1172 225 1202 nium
247 1173 389 1204 Primum
412 1175 506 1205 asciri
526 1175 610 1205 inter
630 1176 764 1206 comites
783 1183 801 1205 a
823 1175 1007 1207 Domitiano
1028 1183 1140 1214 passus
1159 1174 1229 1213 est,
1258 1173 1367 1204 favore
1392 1172 1451 1202 mi-

136 1217 231 1249 litum
254 1220 371 1252 anxius
397 1223 429 1252 et
454 1221 603 1261 superbia
626 1222 709 1260 viri,
740 1223 916 1262 aequalium
944 1232 1090 1263 quoque,
1116 1221 1220 1254 adeo²
1248 1220 1450 1260 superiorum

136 1264 346 1297 intolerantis.
366 1268 529 1307 profectus
542 1269 582 1300 ad
596 1268 828 1309 Vespasianum
842 1271 1002 1301 Antonius
1017 1273 1131 1301 utnon
1148 1278 1205 1309 pro
1221 1276 1277 1308 spe
1291 1276 1350 1298 sua
1363 1266 1451 1298 exci-

137 1313 243 1352 pitur,
262 1313 304 1343 ita
321 1323 427 1354 neque
443 1324 556 1346 averso
583 1316 790 1356 Imperatoris
806 1316 924 1347 animo.
945 1316 1134 1348 trahebatur
1154 1318 1187 1348 in
1207 1315 1334 1347 diversa
1346 1338 1356 1354 ‚
1375 1314 1451 1344 hinc

137 1359 256 1390 meritis
270 1361 419 1399 Antonii,
445 1364 536 1401 cujus
557 1362 659 1394 ductu
675 1364 863 1395 confectum
881 1363 967 1394 haud
990 1364 1092 1396 dubie
1115 1364 1234 1396 bellum
1259 1363 1347 1399 erat,
1375 1359 1451 1391 inde

136 1407 273 1437 Muciani
288 1408 435 1447 epistolis
451 1418 458 1438 ε
475 1409 571 1440 simul
590 1410 689 1441 ceteri
705 1412 741 1442 ut
756 1409 924 1449 infestum
939 1410 1181 1452 tumidumque
1198 1408 1450 1441 insectabantur.

136 1452 297 1492 adjunctis
313 1456 432 1495 prioris
449 1456 527 1487 vitae
543 1457 734 1488 criminibus
748 1457 773 1487 ³.
789 1466 894 1497 neque
910 1458 977 1497 ipse
994 1457 1104 1490 deerat
1117 1457 1297 1496 arrogantia
1309 1463 1424 1486 vocare
1436 1454 1448 1472 ⁴

135 1500 275 1532 offensas
285 1526 294 1540 ‚
314 1504 435 1534 nimius
449 1505 745 1535 commemorandis
758 1514 831 1544 quae
844 1506 1015 1536 meruisset
1030 1515 1038 1536 z
1053 1506 1142 1536 alios
1158 1508 1194 1536 ut
1208 1504 1371 1541 imbelles,
1388 1505 1453 1535 Coe-

135 1549 248 1580 cinam
261 1551 297 1580 ut
311 1553 488 1590 captivum
502 1560 542 1582 ae
556 1551 751 1583 dedililz'um
768 1552 923 1591 increpat.
945 1552 1031 1583 unde
1046 1552 1202 1592 paulatim
1223 1552 1323 1582 levior
1340 1551 1449 1581 vilior-

135 1603 197 1634 que
215 1595 324 1627 haberi
336 1621 343 1635 ‚
362 1600 515 1631 manente
532 1601 639 1630 tamen
657 1599 688 1628 in
706 1599 847 1638 speciem
865 1599 1017 1629 amicitia.

176 1645 303 1673 LXXXI.
330 1648 389 1674 Per
404 1654 459 1675 eos
480 1654 610 1677 menses
624 1645 744 1685 quibus
759 1646 980 1685 Vespasianus
995 1644 1199 1676 Alexandriae
1215 1645 1315 1675 statos
1331 1643 1451 1675 aestivis

134 1688 263 1720 flatibus
277 1690 365 1720 dies¹
383 1694 417 1722 et
430 1693 518 1722 certa
540 1692 638 1723 maris
657 1693 897 1732 opperiebatur,
914 1693 1016 1722 multa
1034 1693 1188 1723 miracula
1206 1699 1339 1722 evenere
1352 1715 1359 1729 ‚
1378 1692 1450 1731 quis

135 1736 273 1767 ooelestis
292 1737 381 1767 favor
397 1740 429 1769 et
445 1739 594 1777 quaedam
615 1739 648 1769 in
671 1740 905 1779 Vespasianum
927 1739 1095 1769 inclinatio
1112 1739 1283 1769 numinum
1301 1739 1447 1770 ostende-

135 1784 232 1814 retur.
249 1791 266 1814 e
282 1784 372 1823 plebe
386 1785 599 1817 Alexandrina
616 1786 748 1825 quidam
763 1789 930 1819 oculorum
945 1785 1018 1817 tabe
1032 1788 1128 1816 notus
1143 1794 1245 1824 genua
1259 1786 1327 1824 eJus
1342 1786 1450 1818 advol-

133 1830 237 1867 vitur,
266 1831 455 1863 remedmm
478 1835 647 1865 coecitacis
674 1843 853 1875 exposcens
878 1834 1024 1873 gemitu,
1046 1833 1171 1864 monitu
1195 1833 1353 1873 Serapidis
1377 1834 1447 1875 dei,

133 1886 228 1918 quem
243 1878 351 1910 dedita
369 1882 654 1920 superstitionibus
673 1892 749 1922 gens
766 1885 841 1915 ante
858 1883 938 1914 alios
965 1883 1063 1920 colit3
1090 1882 1344 1922 precabaturque
1365 1882 1450 1914 Prin-

133 1925 235 1965 cipem
251 1928 291 1956 uc
312 1935 415 1965 yenas
431 1930 465 1959 et
480 1929 660 1960 oculorum
679 1931 773 1961 orbes
796 1931 1005 1970 diqnaretur
1026 1936 1220 1968 resperqere
1243 1931 1313 1959 oris
1335 1937 1448 1961 excre-

132 1974 256 2003 mento.
286 1974 369 2005 alius
394 1983 525 2005 manum
555 1984 650 2015 aeger,
676 1977 788 2008 eodem
812 1977 872 2008 deo
896 1978 1046 2014 auctore,
1071 1977 1113 2006 ut
1137 1975 1222 2015 pede
1246 1984 1286 2006 ac
1311 1976 1450 2015 vcstiqz'o

135 2021 282 2051 Ccesaris
296 2021 495 2052 calcaretur
508 2022 631 2053 orabat.
648 2025 863 2064 Vespasianus
877 2023 981 2063 primo
997 2022 1142 2061 irridere,
1157 2023 1319 2061 aspernari
1334 2024 1449 2062 3atque

132 2067 195 2097 illis
209 2067 404 2098 instantibus
421 2068 516 2099 modo
532 2070 650 2101 famam
666 2071 819 2103 vanitatis
834 2073 978 2102 metuere
992 2093 1000 2108 ,
1015 2070 1111 2100 modo
1124 2069 1347 2100 obsecratione
1360 2070 1447 2109 ipso·

134 2121 202 2142 rum
218 2116 250 2144 et
262 2114 395 2145 vocibus
409 2115 609 2147 adulantium
624 2117 657 2147 in
672 2127 761 2157 spem
778 2118 900 2148 induci.
916 2120 1077 2158 postremo
1091 2116 1268 2148 existimari
1283 2125 1301 2147 a
1315 2116 1449 2149 medicis

130 2159 221 2198 jubet
235 2169 274 2191 an
294 2161 365 2192 talis
380 2162 508 2193 caecitas
526 2172 563 2194 ac
577 2163 725 2196 debilitas
743 2174 805 2205 ope
821 2165 963 2196 humana
984 2163 1182 2204 superabiles
1199 2163 1311 2194 forent.
1331 2163 1449 2194 medici

134 2206 221 2237 varie
237 2206 393 2239 disserere
412 2219 420 2239 z
441 2223 455 2237 κ
472 2210 549 2241 huic
567 2221 632 2242 non
646 2221 777 2244 exesam
794 2212 861 2243 vim
881 2212 1030 2250 luminis,
1048 2212 1080 2243 et
1095 2210 1267 2242 redituram
1282 2234 1291 2251 ‚
1308 2210 1334 2242 si
1352 2210 1449 2250 pelle-

164 2327 264 2387 lXIJX
285 2335 306 2353 Ι.
324 2331 360 2353 Dc
377 2337 429 2360 quo
444 2338 523 2361 supra
538 2333 568 2362 ll,
584 2339 674 2357 εει-9.
689 2333 771 2357 Multo
789 2334 935 2363 magis—s.
950 2333 987 2356 De
998 2332 1096 2362 quihus
1109 2333 1138 2359 ll,
1154 2337 1190 2361 aa,
1206 2331 1313 2356 Annal.
1328 2331 1396 2361 xlv,
1410 2337 1446 2356 40.

136 2374 160 2380 ν·-
233 2368 281 2385 GU]
295 2371 309 2387 ’ἱ
355 2382 358 2386 ,

165 2367 384 2429 ἶ.ΧῚῐ’ίΧι.(οΙ,Γέυ“ι
399 2403 462 2425 sunt
475 2402 510 2426 ab
531 2403 574 2426 dic
591 2408 616 2426 m
634 2403 675 2427 vel
698 2409 726 2426 ’.νε
744 2404 816 2431 (nam
835 2404 949 2432 uterque
965 2402 1062 2431 fertur)
1080 2402 1150 2425 Maio
1164 2402 1196 2426 ad
1213 2407 1239 2426 u
1252 2401 1446 2431 Septembrem.
