1539 2668
158 180 220 211 388
517 180 649 210 TACi'ri
672 181 947 213 HISTORIARUM
970 184 1042 212 LIB.
1068 183 1119 213 IV.

154 254 312 286 acerrime
325 254 485 293 incubuit,
501 254 621 286 crebris
634 254 722 294 apud
732 259 890 287 Neronem
901 256 1115 288 delationibus
1125 257 1276 290 famosos.
1287 258 1485 293 Sariolenum

156 305 188 334 et
206 310 318 332 recens
335 302 456 333 crimen
478 302 635 341 urgebat,
652 303 738 342 quod
758 303 842 343 apud
859 304 1025 336 Vitellium
1040 305 1173 336 molitus
1188 306 1300 337 eadem
1317 306 1408 338 foret.
1425 315 1485 338 nec

154 348 284 380 destitit
298 352 433 380 senatus
450 358 567 380 manus
584 350 742 381 intentare
758 350 769 367 ³
786 352 914 382 Vocula‘v
928 377 936 391 ,
955 352 1056 383 donec
1073 353 1160 383 curia
1175 353 1355 384 excederet.
1371 354 1412 385 ad
1425 358 1483 385 Pa·

154 397 257 427 etium
282 397 469 428 Africanum
487 397 679 437 transgressi
699 406 772 428 eum
799 408 929 439 quoque
951 400 1164 439 proturbant,
1185 405 1348 440 tamquam
1367 402 1482 432 Neroni

152 443 336 475 Scribonios
362 445 498 475 fratres⁴
529 445 704 475 concordia
729 445 909 486 opibusque
933 447 1075 486 insignes
1098 447 1137 478 ad
1163 448 1298 479 exitium
1325 451 1482 479 monstra·

152 492 264 522 visset.
284 492 453 522 Africanus
470 500 575 531 neque
594 492 686 523 fateri
705 492 846 525 audebat
866 503 969 534 neque
983 495 1125 526 abnuere
1140 498 1267 535 poterat
1282 505 1289 526 z
1306 495 1338 526 in
1356 494 1483 526 Vibium

151 538 315 578 Crispum,
330 539 422 578 cujus
436 538 744 578 interrogationibus
759 540 966 580 fatigabatur,
981 542 1066 573 ultro
1083 551 1278 582 conversus,
1294 542 1460 574 miscendo
1473 543 1482 560 ¹·

150 595 225 626 quae
245 585 415 618 defendere
432 586 605 626 nequibat,
624 587 776 619 societate
794 589 898 628 culpae
912 589 1069 620 invidiam
1090 589 1273 621 declinavit.

192 636 284 664 XLII.
310 637 456 672 Magnam
478 642 516 665 eo
533 634 584 665 die
599 634 728 674 pietatis
747 636 1007 676 eloquentiaique
1026 637 1142 668 famam
1158 637 1333 677 Vipstanus
1350 637 1484 669 Messala

150 679 287 719 adeptus
302 684 367 720 est,
391 681 537 712 nondum
555 682 718 713 senatoria
743 685 840 714 aetate
854 684 877 722 ¹,
901 692 999 714 ausus
1021 693 1079 723 pro
1106 685 1203 715 fratre
1220 685 1347 725 Aquilio
1363 685 1484 724 Regulo

149 726 325 767 deprecari.
344 728 501 767 Regulum
528 729 687 760 subversa
712 733 904 761 Crassorum
928 733 961 762 et
984 732 1111 771 Orpliiii
1136 732 1252 762 domus
1269 733 1299 762 in
1318 740 1482 763 summum

149 774 263 805 odium
293 776 461 806 extulerat.
484 779 599 816 sponte
621 779 906 808 senatusconsulto
924 778 934 795 ²
955 780 1197 810 accusationem
1216 779 1341 809 subisse
1356 780 1483 818 juvenis

148 821 347 862 admodum,
367 832 426 854 nec
444 823 626 864 depellendi
648 824 803 864 periculi,
829 825 884 856 sed
909 826 943 856 in
965 834 1056 865 spem
1079 826 1233 866 potentiae
1250 826 1433 857 videbatur.
1452 829 1484 858 et

147 869 286 909 Sulpicia
303 872 499 902 Praetextata
511 895 519 911 ,
539 871 645 904 Crassi
671 881 771 911 uxor,
789 873 1011 913 quattuorque
1030 872 1145 912 liberi,
1163 873 1191 904 si
1207 876 1416 913 cognosceret
1432 881 1484 904 se-

149 919 261 955 natus,
282 917 403 948 ultores
418 918 564 950 aderant.
584 918 684 958 igitur
696 920 830 950 Messala
843 928 909 950 non
923 929 1058 951 cansam
1074 929 1178 961 neque
1195 930 1284 951 reum
1301 920 1405 959 tueri,
1427 920 1482 952 sed

147 964 297 1004 periculis
313 966 420 996 fratris
435 968 537 998 semet
556 976 722 1007 opponens
740 967 873 999 tlexerat
890 968 1061 1008 quosdam.
1080 968 1223 1000 occurrit
1239 969 1322 1000 truci
1339 969 1484 1001 oratione

149 1012 281 1042 Curtius
298 1015 469 1043 Montanus
481 1037 490 1052 ‚
507 1022 545 1045 eo
561 1023 663 1054 usque
680 1023 868 1055 progressus
882 1040 891 1054 ,
918 1017 956 1047 ut
972 1018 1052 1056 post
1067 1016 1194 1048 caedem
1219 1016 1338 1048 Galhae
1360 1016 1484 1048 (latam

149 1059 371 1098 interfectori
389 1062 527 1092 Pisonis
537 1063 728 1101 pecuniam
746 1071 769 1093 α
787 1064 917 1102 Requlo
936 1065 1199 1104 appetitumque
1214 1072 1330 1094 morsu
1349 1066 1484 1095 Pisonis

148 1108 256 1146 capu!
274 1107 500 1147 ol›jectaret.}«
517 1112 585 1140 Hoc
605 1110 710 1147 certe,
730 1109 835 1149 inquit
849 1134 857 1149 ,
877 1114 960 1141 Nero
985 1119 1049 1141 non
1073 1111 1197 1149 coegit,
1219 1118 1278 1140 nec
1295 1110 1483 1149 dignitatem

148 1166 163 1180 a
187 1156 242 1184 aut
258 1154 395 1185 salutem
411 1155 464 1185 illa
481 1155 606 1186 saevitia
621 1155 801 1187 redemisti.
817 1165 893 1188 sane
914 1157 1090 1188 toleremus
1107 1158 1245 1189 istorum
1262 1157 1464 1190 defensiones
1475 1182 1484 1198 ‚

149 1212 165 1226 a
183 1200 238 1240 qui
253 1201 384 1240 perdere
401 1201 480 1232 alios
500 1211 598 1241 quam
614 1203 788 1242 periclitari
808 1204 870 1244 ipsi
888 1205 1082 1236 maluerunt.
1100 1207 1132 1236 te
1146 1213 1296 1236 securum
1311 1204 1484 1245 reliquerat

149 1259 164 1274 α
183 1248 271 1279 exsul
297 1252 387 1288 pater
410 1251 441 1280 et
463 1249 567 1280 divisa
594 1250 678 1281 inter
700 1251 875 1283 creditores
899 1251 1005 1291 bona,
1029 1252 1173 1283 nondum
1196 1251 1357 1282 bonorum
1382 1261 1482 1292 capax

148 1307 163 1322 n
183 1299 275 1334 aetas,
294 1295 372 1327 nihil
387 1296 472 1336 quod
491 1306 529 1327 ex
547 1298 578 1328 te
599 1298 846 1337 concupisceret
863 1303 965 1337 Nero,
989 1299 1066 1330 niliil
1087 1299 1174 1339 quod
1191 1299 1329 1330 timeret.
1351 1299 1483 1330 libidine

148 1354 164 1369 ιι
181 1342 345 1381 sanguinis
362 1344 393 1374 et
412 1343 500 1374 biatu
517 1343 528 1360 ³
546 1344 756 1384 praemiorum
774 1346 922 1385 ignotum
948 1347 1054 1378 adlinc
1079 1347 1246 1386 ingenium
1264 1347 1295 1377 et
1313 1347 1410 1377 nullis
1426 1347 1482 1378 de-

147 1402 164 1417 «
183 1389 386 1421 tensionibus
402 1394 574 1431 expertum
591 1392 679 1423 caede
693 1393 793 1424 nobili
810 1394 978 1433 imbuisti,
994 1403 1096 1434 quum
1115 1403 1153 1425 ex
1172 1395 1283 1425 sunere
1297 1394 1482 1434 reipublicae

147 1450 164 1465 «
183 1438 282 1478 raptis
296 1439 521 1471 consularibus
535 1440 646 1481 spoliis
659 1440 685 1480 ⁴,
699 1442 881 1481 septuagies
902 1441 1053 1473 sestertio
1067 1441 1077 1459 ⁵
1090 1442 1235 1481 signatus
1258 1442 1290 1472 et
1304 1441 1482 1474 sacerdotio

148 1498 164 1512 σι
183 1485 328 1525 fulgens,
354 1487 505 1518 innoxios
528 1497 667 1528 pueros,
686 1488 829 1519 illustres
850 1498 942 1519 senes
956 1514 964 1527 ‚
991 1488 1186 1528 conspicuas
1208 1488 1346 1519 seminas
1368 1488 1481 1520 cadem

149 1544 165 1559 n
184 1532 277 1563 ruina
295 1537 534 1574 prosternere53
552 1544 652 1574 quum
667 1537 847 1575 seqnitiam
865 1537 1011 1567 Neronis
1026 1536 1191 1567 iucusares
1204 1559 1212 1575 ,
1230 1534 1400 1576 quodpcr
1413 1536 1481 1566 sin-

148 1591 164 1606 «
182 1580 286 1619 qulas
301 1580 415 1611 domos
431 1590 531 1621 seque
545 1584 578 1612 ct
592 1582 765 1612 delatores
775 1582 957 1621 satiqaret
972 1591 982 1610 .-
997 1590 1095 1621 posse
1111 1584 1308 1613 manvei-sum
1321 1583 1482 1612 senatum

150 1640 165 1654 «ι
184 1636 258 1659 una
277 1636 355 1659 voce
371 1629 540 1660 subverti.
561 1629 714 1668 retinete,
738 1631 848 1668 patres
865 1629 1062 1668 conscripti,
1087 1632 1119 1660 et
1135 1631 1299 1660 reservate
1316 1628 1482 1659 hominem

148 1687 164 1701 ε(
183 1677 249 1706 tam
274 1675 415 1714 expediti
439 1676 588 1715 consilii,
607 1679 641 1706 ut
664 1676 769 1706 omnis
792 1679 871 1706 aetas
892 1676 1052 1707 instructa
1076 1676 1135 1715 sit,
1157 1678 1188 1707 et
1207 1675 1371 1716 quomodo
1389 1683 1482 1706 senes

148 1735 164 1749 «ι
183 1723 286 1754 nostri
315 1723 529 1763 Marcellum,
556 1723 707 1763 Crispum
725 1747 734 1763 ,
759 1723 899 1763 juvenes
924 1723 1085 1762 Regulum
1113 1723 1281 1754 imitentur
1299 1723 1324 1753 θ,
1355 1722 1482 1753 invenit

148 1782 164 1796 ει
181 1771 317 1801 aemulos
332 1771 427 1802 etiam
443 1771 556 1802 infelix
572 1771 733 1810 nequitia:
750 1770 826 1810 quid
841 1770 869 1801 si
883 1770 996 1801 ssoreat
1012 1770 1207 1810 vigeatque?
1221 1772 1252 1800 et
1265 1778 1360 1810 quem
1377 1769 1481 1800 adhuc

149 1830 164 1844 ιι
183 1818 397 1855 quaestorium
420 1818 587 1849 ostendere
611 1826 675 1848 non
696 1817 874 1856 audemus,
892 1817 1081 1857 praetorium
1100 1818 1133 1848 et
1157 1817 1361 1848 consularem
1381 1817 1482 1849 visuri

149 1880 165 1894 a
182 1873 297 1896 sumus
309 1868 321 1895 ἑ*
337 1874 376 1895 an
396 1869 556 1896 Neronem
572 1869 756 1896 extremum
775 1864 982 1895 dominorum
1007 1864 1155 1905 putatis?
1175 1864 1259 1895 idem
1277 1863 1481 1896 crediderant

149 1926 164 1940 «
183 1913 239 1953 qui
252 1913 395 1951 Tiberio,
413 1913 469 1952 <pii
483 1913 561 1944 Caio
575 1913 766 1953 superstites
785 1912 936 1951 suerunt,
954 1921 1056 1952 quum
1074 1911 1204 1942 interim
1219 1911 1433 1942 intestabilior
1449 1913 1481 1942 et

150 1972 165 1985 «
184 1959 302 1990 saevior
323 1963 454 1991 exortus
472 1961 534 1991 est.
557 1969 623 1991 non
639 1960 797 1991 timemus
814 1960 1050 1999 i'espasiannm
1070 1969 1076 1989 :
1097 1968 1133 1990 ea
1154 1958 1311 1998 Principis
1331 1960 1427 1998 aetas,
1445 1967 1480 1989 ea

149 2020 165 2034 α
184 2007 374 2038 moderatio
393 2008 448 2038 sed
466 2007 590 2039 diutius
607 2008 726 2038 durant
746 2007 894 2047 exempla
910 2016 1008 2047 quam
1027 2015 1132 2037 mores
1144 2006 1169 2037 ⁷.
1188 2006 1406 2046 elangnimus,
1422 2014 1479 2044 pa-

149 2122 200 2140 —3.
214 2117 310 2140 Minori
324 2123 352 2140 sc
362 2117 723 2144 manusillaturos.utAnn.
736 2118 857 2145 1‚2⁷.—⁴.
874 2118 910 2141 De
925 2117 1021 2146 quibus
1035 2118 1141 2141 Annal.
1157 2117 1226 2144 xm,
1242 2122 1310 2140 iir-
1320 2122 1342 2139 5.
1358 2116 1479 2139 Dicendo

150 2158 303 2176 communia
321 2154 370 2175 sibi
386 2153 467 2176 luisse
481 2159 512 2176 ca
531 2159 590 2176 cum
606 2154 708 2182 Crispo.

180 2189 259 2212 XLll.
281 2194 299 2211 ¹.
314 2189 377 2217 Qua*¹
395 2190 454 2212 crat
468 2194 555 2211 annus
569 2190 714 2218 vigesimus
727 2190 847 2218 quintus.
864 2189 901 2212 De
916 2189 1033 2218 Aquilio
1048 2188 1169 2218 Iteyulo,
1185 2196 1200 2207 u
1213 2188 1330 2210 omnium
1351 2186 1478 2215 bipedum

150 2223 324 2252 nequissimo,
339 2234 352 2243 >2
367 2223 442 2252 plura
460 2224 559 2247 Plinius
573 2224 664 2254 Epist.
681 2226 698 2251 l,
713 2230 738 2251 ὅς
763 2224 794 2252 11,
806 2229 847 2252 20;
866 2225 907 2253 lv,
925 2230 953 2251 2;
968 2224 1006 2251 Vl,
1019 2229 1039 2247 2.
1061 2224 1099 2246 De
1114 2223 1234 2246 Messala
1249 2228 1328 2251 supra
1350 2222 1398 2250 lii,
1418 2227 1440 2245 9.
1451 2234 1479 2238 -

150 2265 172 2283 2.
187 2260 244 2287 Quo
262 2265 292 2282 ea
313 2260 450 2283 accusatio
468 2260 579 2283 decreta
596 2261 665 2284 erat.
685 2260 804 2287 Subisse,
818 2259 977 2289 suscepisse.
989 2271 1015 2275 ——
1028 2264 1049 2282 5.
1064 2258 1223 2282 vehementi
1246 2258 1403 2286 cupiditate.
1416 2269 1440 2273 —
1454 2261 1477 2279 ⁴.

151 2295 240 2323 Captis
254 2294 287 2316 de
302 2294 412 2317 consule
426 2295 469 2318 vel
481 2295 619 2318 consulari
633 2295 763 2319 subverso
778 2301 827 2325 per
838 2295 1047 2319 accusationem.
1061 2306 1087 2310 —-
1101 2300 1123 2317 5.
1140 2293 1308 2322 §.2⁴5,ooos1·.
1327 2293 1478 2321 Siqnatus.

150 2330 309 2356 insignitus,
324 2331 399 2358 quasi
414 2331 542 2358 stigmate
554 2331 687 2359 signatus.
704 2330 826 2354 Plurimoe
848 2331 992 2356 editiones,
1008 2336 1040 2353 ex
1059 2330 1232 2357 conjectura,
1248 2327 1478 2365 stannatum—le.

153 2363 278 2387 imitatur
291 2365 464 2391 Ciceronem.
482 2365 513 2388 In
533 2366 654 2389 Verrem
674 2367 730 2389 act.
748 2366 767 2390 ll
780 2385 787 2393 ‚
803 2365 850 2389 Iib-
870 2365 907 2393 ll,
926 2370 950 2388 :si
966 2371 970 2387 :
986 2374 998 2384 n
1010 2366 1146 2391 Retinctc,
1168 2364 1283 2387 retinete
1298 2363 1432 2386 hominem
1451 2366 1478 2384 in

152 2400 386 2428 civitat‹=‚judiccs
402 2406 407 2422 :
422 2402 527 2429 parcite
545 2403 571 2424 ct
588 2403 759 2426 conservate,
776 2402 804 2425 ut
817 2402 851 2424 sit
864 2401 907 2429 qui
920 2400 1059 2423 nobiscum
1075 2400 1245 2428 resjudicct,
1260 2398 1303 2427 qui
1321 2399 1346 2421 in
1363 2397 1476 2423 senatu.

152 2435 208 2458 siue
223 2434 275 2459 ulla
290 2435 446 2464 cupiditate³
464 2435 495 2458 de
509 2436 581 2460 bello
596 2437 624 2460 et
635 2442 700 2466 paee
714 2437 875 2460 sententiani
892 2435 968 2459 ferat.
982 2445 993 2454 »
1003 2448 1029 2452 —
1040 2440 1062 2458 7.
1077 2435 1213 2464 Eoi-empta
1229 2439 1287 2463 quae
1300 2433 1354 2457 edit
1368 2432 1476 2455 senatus
