1539 2668
136 162 196 192 216
513 161 647 191 TACITI
670 161 877 191 ANNALIUM
901 162 974 192 LIB.
996 163 1077 192 xlv.

134 236 295 270 celeritate
311 236 467 267 adversus
485 235 653 275 profugos,
681 235 815 267 immitis
843 235 882 267 iis
906 236 962 276 qui
987 236 1126 268 latebras
1142 235 1345 275 insederant,
1360 244 1414 267 ora
1429 238 1461 268 et

133 284 240 316 exitus
253 292 408 324 specuum
425 283 597 314 sarmentis
614 282 826 322 virgultisque
842 283 1020 323 completos
1036 283 1100 323 igni
1112 283 1230 315 exurit.
1252 285 1356 323 Atque
1370 283 1460 315 illum

133 329 213 362 fines
233 340 308 362 suos
321 330 591 371 prazgredientem
607 329 618 347 ²
644 329 851 362 incursavere
866 331 968 361 Mardi
985 330 1164 362 latrociniis
1183 330 1318 361 exerciti
1335 331 1460 361 contra-

132 385 196 417 que
213 378 446 418 irrumpentem
463 377 629 408 montibus
644 377 776 409 defensi.
792 386 873 418 quos
887 378 1024 409 Corbulo
1038 377 1192 409 immissis
1205 377 1307 409 Iberis
1321 378 1463 409 vastavit

132 424 350 465 hostilemque
368 424 537 456 audaciam
554 427 688 456 externo
705 425 861 464 sanguine
876 425 964 456 ultus
976 427 1036 457 est.

172 476 280 504 XXIV.
308 476 377 512 lpse
394 472 631 512 exercitusque,
650 473 685 504 ut
701 472 799 504 nullis
817 482 855 504 ex
881 472 992 513 prcelio
1011 472 1136 504 damnis
1148 497 1156 512 ,
1175 473 1219 503 ita
1244 480 1302 513 per
1317 471 1461 512 inopiam

130 520 162 550 et
181 519 308 551 labores
331 519 544 558 fatiscebant,
559 527 653 550 carne
668 519 826 559 pecudum
844 520 850 537 ¹
868 520 1058 560 propulsare
1073 520 1188 551 famem
1201 519 1317 550 adacti.
1338 518 1463 550 adhaec

129 566 265 605 penuria
281 575 383 606 aquae,
397 566 519 597 fervida
532 567 640 606 aestas,
658 566 830 607 longinqua
844 567 958 598 itinera
976 568 1044 598 sola
1058 567 1150 598 ducis
1165 566 1319 607 patientia
1333 565 1461 605 mitiga-

129 612 260 652 bantur,
273 614 385 644 eodem
402 614 493 653 plura
506 623 604 653 quam
629 615 774 654 gregario
801 615 904 645 milite
930 614 1101 646 tolerante.
1118 617 1258 645 Ventum
1287 613 1405 644 dehinc
1428 613 1460 643 in
1512 613 1515 616 ’

128 659 216 690 locos
230 661 334 692 cultos
347 685 355 700 ‚
372 661 594 701 demessaeque
606 663 730 701 segetes
742 686 751 700 ,
769 663 801 693 et
814 671 853 692 ex
869 661 998 693 duobus
1015 661 1157 692 castellis
1169 686 1177 701 ‚
1199 661 1233 692 in
1253 670 1326 700 qnae
1346 660 1459 691 consu-

127 710 239 747 gerant
262 708 421 747 Armenii,
446 709 584 740 alterum
612 707 735 748 impetu
751 710 901 748 captum3
923 708 978 748 qui
1003 709 1138 748 primam
1156 709 1223 739 vim
1253 708 1460 747 depulerant,

128 752 298 786 obsidione
318 757 490 795 coguntur.
502 755 594 787 Unde
611 755 643 786 in
662 756 827 796 regionem
841 756 1089 786 Tauraunitium
1106 757 1322 794 transgressus
1339 755 1460 794 impro-

126 801 235 832 visum
262 803 442 842 periculum
464 802 591 834 vitavit.
620 811 696 833 nam
722 803 808 834 baud
832 802 944 843 procul
971 802 1111 833 tentorio
1136 802 1204 841 ejus
1228 810 1290 832 non
1311 801 1460 842 ignobilis

126 846 282 880 barbarus
294 849 305 866 ²
334 858 408 880 cum
432 851 498 881 telo
516 852 665 890 repertus
682 849 828 881 ordinem
854 850 1043 880 insidiarum
1065 859 1162 890 seque
1181 852 1345 880 auctorem
1366 852 1397 880 et
1413 857 1460 880 so-

126 894 193 926 cios
222 905 278 936 per
302 899 459 928 tormenta
483 897 599 934 edidit,
615 897 823 937 convictique
841 898 871 928 et
888 897 992 937 puniti
1015 898 1092 928 sunt
1108 898 1163 937 qui
1179 897 1286 936 specie
1308 896 1460 928 amicitiae

125 940 237 973 dolum
255 943 421 983 parabant.
442 948 506 975 Nec
524 944 625 974 multo
645 945 718 984 post
735 944 830 984 legati
849 945 1076 983 Tigranocerta
1098 943 1189 974 missi
1217 946 1325 983 patere
1342 943 1460 974 moenia

126 990 287 1030 afferunt,
307 991 449 1023 intentos
467 991 638 1031 populares
656 991 696 1021 ad
716 991 815 1030 jussa.
846 991 943 1021 simul
966 991 1126 1030 hospitale
1145 991 1285 1030 donum,
1305 997 1458 1021 coronam

125 1043 275 1076 auream,
293 1038 477 1069 tradebant.
508 1039 694 1079 accepitque
722 1048 796 1069 cum
815 1039 958 1077 honore;
977 1047 1036 1069 nec
1061 1038 1236 1078 quicquam
1267 1039 1337 1069 urbi
1356 1038 1460 1069 detra-

124 1084 301 1125 ctum,quo
319 1087 500 1126 promptius
515 1086 706 1126 obsequium
721 1086 835 1125 integri
850 1086 1036 1117 retinerent.

166 1136 258 1162 XXV.
284 1135 323 1163 At
344 1133 531 1172 praesidium
550 1133 672 1172 regium
691 1133 714 1171 ¹,
733 1133 820 1172 quod
840 1133 930 1163 ferox
943 1133 1099 1171 juventus
1112 1132 1292 1170 clauserat,
1308 1141 1372 1162 non
1391 1132 1459 1163 sine

124 1179 299 1210 certamine
314 1182 534 1219 expugnatum
551 1182 599 1211 est
615 1189 621 1210 :
638 1188 711 1210 nam
727 1182 757 1211 et
772 1179 921 1219 proelium
937 1188 994 1219 pro
1010 1180 1111 1210 muris
1125 1179 1194 1210 ausi
1209 1182 1318 1219 erant,
1332 1182 1364 1210 et
1375 1179 1459 1219 pulsi

123 1225 207 1256 intra
226 1226 429 1257 munimenta
452 1226 559 1266 aggeri
574 1226 586 1244 2
606 1227 738 1258 demum
765 1230 795 1257 et
821 1227 1073 1266 irrumpentium
1099 1227 1197 1257 armis
1222 1235 1357 1257 cessere.
1379 1230 1458 1266 Quae

123 1271 248 1303 facilius
264 1273 518 1313 proveniebant,
537 1274 613 1313 quia
628 1275 737 1305 Parthi
751 1278 900 1313 Hyrcano
916 1275 1000 1305 bello
1018 1274 1269 1305 distinebantur.
1291 1273 1459 1304 miserant-

123 1328 186 1358 que
201 1321 340 1360 Hyrcani
359 1320 398 1351 ad
423 1321 605 1360 Principem
632 1325 816 1352 Romanum
846 1322 1035 1353 societatem
1053 1323 1179 1351 oratum
1191 1345 1199 1360 ,
1215 1322 1361 1352 attineri
1378 1329 1401 1351 α
1423 1328 1457 1351 se

126 1367 307 1407 Voloqesen
327 1376 393 1407 pro
411 1369 554 1407 piqnore
576 1371 740 1400 anticum?
756 1370 967 1400 ostentantes.
994 1377 1049 1399 eos
1067 1368 1282 1407 regredientes
1298 1367 1455 1406 Corbulo,

122 1422 162 1444 ne
178 1414 360 1452 Euphraten
380 1415 568 1454 transgressi
589 1415 731 1446 hostium
746 1416 899 1447 custodiis
914 1416 1239 1454 circumvenirentur,
1251 1415 1326 1445 dato
1345 1414 1455 1454 praesi-

121 1460 175 1492 dio
191 1461 230 1491 ad
249 1461 357 1492 littora
377 1461 474 1492 maris
498 1462 600 1492 Rubri
619 1462 778 1503 deduxit,
802 1463 886 1495 unde
913 1462 1022 1495 vitatis
1043 1463 1234 1493 Parthorum
1258 1461 1376 1492 finibus
1398 1470 1455 1501 pa-

121 1508 199 1539 trias
215 1508 249 1538 in
267 1508 358 1539 sedes
379 1518 574 1540 remeavere.
649 1519 652 1532 1
806 1508 808 1510 ’

162 1559 269 1588 XXVI.
296 1556 379 1592 Quin
396 1558 427 1587 et
444 1556 607 1587 Tiridaten
621 1566 678 1597 per
690 1557 802 1589 Medos
815 1559 959 1589 extrema
975 1558 1133 1589 Armeniae
1154 1558 1328 1588 intrantem
1340 1581 1348 1597 ,
1370 1565 1454 1597 prae-

120 1602 219 1634 misso
243 1612 316 1634 cum
346 1603 476 1634 auxiliis
498 1604 661 1634 Verulano
687 1604 810 1643 legato,
837 1607 933 1644 atque
962 1605 1029 1645 ipse
1056 1604 1234 1643 legionibus
1260 1604 1349 1643 citis,
1368 1604 1455 1637 abire

120 1651 231 1689 procul
247 1660 284 1681 ac
297 1659 387 1690 spem
404 1650 477 1681 belli
495 1650 645 1681 amittere
662 1651 808 1691 subegit;
832 1661 979 1692 quosque
998 1652 1090 1682 nobis
1106 1659 1238 1682 aversos
1265 1652 1381 1683 animis
1404 1661 1454 1684 co-

121 1699 294 1737 gnoverat,
330 1697 474 1728 cwdibus
507 1699 539 1728 et
570 1697 726 1729 incendiis
757 1699 1009 1739 perpopulatus,
1035 1699 1268 1738 possessionem
1296 1700 1454 1732 Armeniae

120 1744 319 1784 usurpabat,
344 1753 445 1783 quum
462 1744 594 1776 advenit
616 1745 766 1784 Tigranes
784 1755 802 1777 a
824 1750 947 1777 Nerone
970 1745 1009 1777 ad
1030 1745 1258 1785 capessendum
1281 1746 1453 1785 imperium

122 1791 267 1823 delectus
281 1814 289 1830 ,
315 1791 541 1830 Cappadocum
559 1800 599 1823 ex
618 1791 786 1824 nobilitate
799 1818 807 1832 ,
836 1794 919 1832 regis
947 1793 1093 1824 Archelai
1110 1794 1115 1809 ¹
1149 1801 1248 1832 nepos
1261 1816 1269 1830 ,
1294 1792 1351 1823 sed
1366 1792 1453 1833 quod

120 1837 176 1868 diu
203 1837 297 1868 obses
321 1838 404 1878 apud
433 1838 553 1869 Urbem
571 1838 676 1870 fuerat
689 1864 698 1879 ,
725 1849 830 1880 usque
849 1840 887 1871 ad
907 1840 1055 1871 servilem
1075 1840 1264 1880 patientiam
1281 1840 1451 1872 demissus.

120 1893 180 1915 nec
196 1893 352 1916 consensu
383 1889 535 1925 acceptus
548 1910 557 1925 ,
575 1885 714 1918 durante
737 1887 823 1927 apud
841 1888 1002 1928 quosdam
1032 1888 1141 1918 favore
1165 1887 1402 1918 Arsacidarum.
1421 1891 1453 1919 at

124 1932 269 1972 plerique
284 1932 468 1973 superbiam
487 1934 679 1964 Parthorum
697 1934 803 1974 perosi
824 1935 935 1966 datum
951 1944 969 1966 a
985 1935 1136 1966 Romanis
1153 1943 1259 1974 regem
1278 1934 1451 1967 malebant.

119 1978 268 2011 additum
292 1982 324 2011 et
349 1979 534 2020 praesidium
546 2004 555 2019 ,
574 1980 661 2012 mille
678 1980 867 2022 legionarii,
888 1984 954 2014 tres
971 1982 1131 2013 sociorum
1149 1983 1296 2013 cohortes
1316 1981 1453 2022 duaeque

122 2027 269 2065 equitum
285 2028 364 2067 alae,
385 2036 448 2067 quo
469 2027 591 2059 facilius
617 2037 740 2059 novum
771 2038 906 2069 regnum
932 2032 1088 2061 tueretur.
1110 2039 1184 2069 pars
1212 2031 1389 2068 Armeniae,
1416 2031 1452 2062 ut

121 2074 242 2114 cuique
260 2075 417 2114 finitima,
434 2075 643 2106 Pharasmani
661 2076 892 2116 Polemonique
909 2079 940 2108 et
953 2077 1139 2108 Aristobulo
1157 2079 1252 2115 atque
1266 2077 1422 2107 Antiocho
1438 2076 1449 2094 ²

123 2129 234 2161 parere
248 2122 348 2160 jussae
362 2126 448 2153 sunt.
467 2122 606 2153 Corbulo
623 2122 655 2153 in
672 2123 796 2163 Syriam
811 2124 984 2164 abscessit,
1002 2128 1104 2156 morte
1121 2123 1274 2156 Ummidii
1294 2123 1385 2164 legati
1399 2132 1452 2155 va·

124 2177 217 2201 cuam
232 2178 270 2200 ac
286 2169 348 2200 sibi
367 2169 566 2209 permissam.

86 2241 91 2243 “
125 2252 177 2270 -2,
186 2247 457 2276 ermen-gredientem
472 2247 535 2275 :qui
552 2247 680 2276 frequens
692 2248 787 2271 Tacito
798 2254 862 2271 usus
875 2250 916 2272 est
929 2249 1126 2278 praepositionis
1138 2255 1198 2278 proe
1210 2249 1237 2272 in
1250 2249 1419 2279 compositis.

156 2278 251 2301 XXIV.
270 2283 292 2300 1.
306 2278 452 2300 Frumento
467 2278 654 2300 carentes-2.
669 2278 742 2301 Unus
757 2284 789 2301 ex
807 2279 1020 2308 meqistmzibus,
1032 2280 1064 2303 de
1079 2280 1176 2308 quibus
1187 2280 1243 2308 XV,
1257 2285 1284 2303 27
1299 2280 1362 2303 tine.

155 2313 236 2337 XXV.
253 2318 273 2336 1.
285 2313 348 2336 Mss.
362 2313 534 2341 praesidium
552 2312 668 2341 leoena,
683 2312 710 2335 in
731 2318 785 2342 quo
799 2313 870 2337 haud
885 2313 966 2338 dubie
986 2315 1125 2344 proprium
1139 2320 1241 2339 nomen
1258 2314 1362 2339 castelli
1382 2313 1454 2338 illius

129 2349 259 2375 laten—2.
271 2350 399 2380 opposito
414 2349 587 2372 munimentis
601 2349 652 2372 illis
665 2355 715 2379 per
729 2352 943 2380 oppugnatores,

156 2386 287 2409 XXV1.¹.
304 2387 341 2409 De
356 2391 408 2414 quo
421 2390 500 2414 supra
516 2385 545 2412 11,
560 2389 654 2408 42.—2.
670 2386 708 2409 Dc
721 2386 819 2415 quibus
832 2392 860 2411 v.
875 2387 1064 2417 X11,1⁴⁴;Xlll
1080 2393 1092 2413 ἰ
1118 2389 1145 2414 et
1161 2388 1291 2418 sullis&
1307 2388 1351 2418 111,
1363 2390 1400 2412 ⁴⁷.
1413 2385 1453 2410 De

127 2420 260 2446 Ummidio
270 2421 328 2451 ΧΗ,
340 2426 376 2450 ⁴15,
392 2424 429 2450 ⁴8,
447 2424 490 2448 εκ
505 2418 606 2449 xlma.
