1539 2668
107 187 183 217 ‘234
517 185 652 214 TACITI
672 185 882 216 A'NNALIUM
904 187 978 216 LIB.
1003 189 1066 218 XV.

122 270 186 303 qua
203 260 311 292 tamen
330 258 460 291 retineri
484 260 592 291 castra
615 260 647 291 et
663 260 749 292 eludi
762 262 899 294 Parthus
915 263 1022 294 tractu
1039 262 1114 295 belli
1126 263 1137 281 ³
1156 264 1298 305 poterat,
1316 264 1344 297 si
1362 267 1450 300 Paeto

121 310 179 342 aut
194 308 225 339 in
241 307 310 340 suis
326 310 382 338 aut
397 307 429 338 in
443 307 554 338 alienis
573 307 717 339 consiliis
733 310 913 341 constantia
931 310 1055 342 suisset.
1069 319 1185 343 verum
1203 311 1259 343 ubi
1272 321 1291 344 a
1303 312 1385 345 viris
1394 315 1451 346 mi-

120 356 267 389 litaribus
282 354 438 387 adversus
455 357 604 394 urgentes
620 364 714 387 casus
728 356 873 389 firmatus
888 358 975 398 erat,
999 367 1122 396 rursus,
1140 368 1179 390 ne
1189 359 1302 392 alienae
1321 363 1451 393 senten-

120 407 176 438 tiae
193 404 342 443 indigens
360 402 537 442 videretur,
559 403 592 433 in
610 403 735 435 diversa
754 413 792 435 ac
811 404 971 436 deteriora
990 406 1161 437 transibat.
1185 409 1218 438 et
1240 409 1318 439 tunc
1333 407 1454 439 relictis

119 451 264 484 hibernis
276 474 285 490 ‚
300 459 366 482 non
373 449 508 489 fossam
523 459 629 491 neque
642 451 778 483 vallum
787 452 850 484 sibi
860 477 868 492 ,
881 452 941 484 sed
953 461 1099 493 corpora
1113 455 1145 485 et
1160 463 1263 486 arma
1276 456 1312 486 z'n
1325 454 1454 487 hostem

119 500 205 532 (lata
222 498 412 536 clamitans,
439 497 533 528 duxit
561 498 701 538 legiones
723 500 815 539 quasi
834 500 947 540 proelio
975 502 1168 532 certaturus.
1195 501 1311 533 deinde
1335 501 1455 534 amisso

121 546 312 577 centurione
329 547 360 576 et
378 548 488 584 paucis
508 545 682 584 militibus,
699 554 780 585 quos
796 547 935 578 visendis
957 547 1100 578 hostium
1121 548 1224 589 copiis
1241 549 1456 590 praemiserat,

120 594 266 634 trepidus
280 592 445 623 remeavit.
464 595 495 623 et
508 593 585 632 quia
603 593 709 624 minus
725 594 842 625 acriter
862 595 1034 634 Vologeses
1051 594 1226 635 institerat,
1238 604 1322 627 vana
1347 603 1458 628 rursus

120 641 236 673 fiducia
251 641 313 671 tria
328 639 427 670 millia
444 640 558 671 delecti
577 640 692 681 peditis
709 641 856 681 proximo
869 641 964 672 Tauri
978 641 1056 681 jugo
1074 643 1241 682 imposuit,
1257 653 1321 684 quo
1336 642 1457 675 transi-

119 689 189 718 tum
204 687 288 727 regis
305 691 452 718 arcerent
469 697 475 717 :
495 687 596 718 alares
614 697 742 728 quoque
761 688 961 727 Pannonios,
988 689 1087 719 robur
1109 690 1294 730 equitatus,
1312 690 1347 721 in
1369 690 1459 731 parre

120 735 226 775 campi
244 735 339 766 locat.
358 734 475 772 conjux
494 743 531 765 ac
550 735 634 766 lilius
651 735 780 766 castello
795 760 803 774 ,
821 736 872 766 cui
890 738 1096 767 Arsamosata
1113 746 1231 768 nomen
1251 738 1320 777 est,
1337 736 1458 777 abditi,

120 783 196 814 data
211 783 245 813 in
262 782 447 823 praesidium
467 783 598 813 cohorte
613 791 649 813 ac
666 783 811 823 disperso
829 783 952 823 milite,
973 784 1028 823 qui
1047 784 1079 814 in
1100 793 1166 815 uno
1190 784 1321 816 habitus
1335 792 1457 824 vagum

120 831 248 862 hostem
260 830 441 870 promptius
457 829 716 861 sustentavisset.
726 832 764 861 Et
780 839 864 870 aegre
877 831 1082 871 compulsum
1099 832 1204 862 ferunt
1219 835 1255 862 ut
1267 831 1455 863 instantem⁴

120 877 296 909 Corbuloni
315 876 479 908 fateretur.
500 886 557 907 nec
572 886 589 907 a
603 877 784 909 Corbulone
804 881 1037 918 properatum,
1059 888 1123 918 quo
1149 878 1359 918 gliscentibus
1373 879 1460 919 peri-

120 925 203 957 culis
217 925 315 956 etiam
329 924 465 955 subsidii
486 924 554 955 laus
571 927 753 964 augeretur.
766 925 924 966 expediri
937 928 1045 957 tamen
1059 928 1176 957 itineri
1192 927 1333 966 sinqula
1345 925 1461 958 millia

120 982 164 1005 ex
178 973 290 1005 tribus
309 972 497 1011 temonibus
512 974 545 1003 ec
557 972 690 1003 alarios
716 975 946 1013 octtnqcncos,
963 981 1086 1013 parem
1104 982 1289 1005 numerum
1302 982 1319 1004 e
1341 973 1461 1005 cohor·

123 1020 235 1060 tibus,
249 1019 358 1059 jussit.

165 1071 219 1100 XI.
244 1070 284 1098 At
302 1066 493 1105 Vologeses,
525 1065 677 1106 quamvis
705 1065 841 1097 obsessa
865 1075 887 1098 a
912 1068 1008 1098 Poeto
1030 1068 1162 1098 ‘itinera
1187 1067 1264 1098 hinc
1283 1066 1460 1107 peditatu-

122 1115 202 1149 inde
225 1115 336 1155 equite
362 1113 554 1152 accepisset,
577 1112 654 1143 nihil
672 1113 798 1143 mutato
812 1113 966 1153 consilio,
988 1113 1042 1144 sed
1061 1114 1093 1144 vi
1110 1123 1147 1144 ac
1164 1113 1260 1145 minis
1286 1113 1387 1145 alares
1403 1121 1459 1144 ex-

120 1162 255 1200 terruit,
274 1161 466 1200 legionarios
483 1160 639 1199 obtrivit,
655 1168 719 1190 uno
736 1162 864 1191 tantum
897 1162 1087 1192 centurione
1103 1161 1270 1201 Tarquitio
1293 1160 1461 1192 Crescente

121 1209 257 1247 turrim,
288 1208 319 1238 in
345 1217 409 1247 qua
436 1207 626 1248 praesidium
659 1207 819 1246 agitabat,
851 1207 1023 1239 defendere
1049 1217 1143 1247 auso,
1172 1209 1318 1248 factaque
1345 1207 1462 1248 saepius

124 1256 293 1296 eruptione
307 1256 339 1286 et
352 1255 442 1285 cresis
456 1255 510 1294 qui
529 1254 742 1285 barbarorum
760 1255 892 1295 propiUs
910 1256 1207 1295 suggrediebantur,
1223 1256 1325 1287 donec
1338 1255 1461 1295 ignium

123 1305 213 1346 jactu
234 1302 560 1334 circumveniretur¹.
582 1302 727 1341 peditum
741 1302 768 1333 si
786 1303 859 1342 quis
878 1303 1013 1342 integer,
1037 1303 1211 1343 longinqua
1238 1306 1270 1334 et
1291 1303 1373 1342 avia,
1391 1302 1461 1334 vul·

123 1351 228 1383 nerati
245 1353 350 1382 castra
367 1349 544 1390 repetivere
556 1373 564 1389 ,
585 1351 750 1381 virlzctem
764 1351 852 1390 repis
866 1372 875 1390 ‚J
893 1352 1064 1381 soevitiam
1088 1353 1121 1381 et
1149 1352 1263 1389 copias
1289 1351 1459 1391 pendium,

125 1400 245 1431 cuncta
262 1400 351 1429 metu
369 1397 579 1436 extollentes,
600 1396 684 1428 facili
710 1397 901 1428 credulitate
924 1406 1036 1428 eorum
1065 1397 1121 1437 qui
1143 1397 1256 1428 eadem
1285 1397 1457 1437 pavebant.

122 1447 170 1479 Ne
188 1445 254 1476 dux
280 1444 410 1484 quidem
437 1444 539 1474 obniti
565 1443 729 1484 adversis,
755 1444 812 1482 sed
837 1447 957 1475 cuncta
983 1445 1108 1476 militiae
1127 1445 1235 1476 munia
1252 1444 1458 1481 deseruerat,

122 1493 230 1526 missis
244 1492 363 1523 iterum
380 1492 420 1522 ad
436 1491 649 1522 Corbulonem
665 1491 826 1531 precibus,
840 1494 971 1523 veniret
984 1501 1142 1532 propere,
1155 1494 1255 1532 siqua
1267 1493 1300 1523 et
1317 1491 1457 1532 aquilas

122 1542 157 1572 et
185 1548 307 1572 nomen
334 1540 507 1579 reliquum
532 1538 682 1577 infelicis
696 1541 870 1571 exercitus
897 1541 1056 1571 tueretur
1071 1550 1081 1570 :
1099 1548 1134 1570 se
1155 1539 1265 1579 fidem
1295 1539 1455 1578 interim,

123 1586 226 1620 donec
243 1589 317 1618 vica
329 1585 545 1626 suppeditet,
564 1585 788 1619 retenturos2.

166 1638 234 1666 XII.
256 1634 311 1665 Ille
328 1633 494 1664 interritus
505 1636 536 1662 et
547 1635 637 1672 parte
651 1633 818 1672 copiarum
833 1632 917 1672 apud
931 1632 1056 1672 Syriam
1072 1632 1194 1671 relicta,
1209 1632 1246 1663 ut
1256 1632 1458 1664 munimenta

124 1681 279 1722 Euphrati
303 1680 454 1719 imposita
476 1679 702 1718 retinerentur,
720 1689 785 1719 qua
801 1679 984 1719 proximum
1008 1683 1040 1710 et
1056 1679 1289 1710 commeatibus
1304 1688 1370 1710 non
1386 1687 1456 1718 ege·

124 1738 203 1762 num
214 1752 222 1767 ‚
240 1728 402 1768 regionem
419 1732 666 1764 Commagenam
677 1751 685 1765 ,
700 1727 775 1757 exin
790 1726 1038 1766 Cappadociam,
1053 1726 1127 1757 inde
1143 1727 1312 1758 Armenios
1328 1726 1454 1767 petivit.

124 1775 364 1808 comitabantur
387 1774 564 1805 exercitum
594 1776 710 1813 praeter
735 1773 794 1805 alia
822 1776 914 1804 sueta
942 1773 1024 1804 bello
1048 1783 1163 1813 magna
1185 1774 1234 1804 vis
1258 1774 1456 1806 camelorum

123 1824 242 1855 onusta
260 1821 431 1860 frumenti,
450 1822 487 1851 ut
504 1820 601 1850 simul
623 1820 748 1851 hostem
766 1820 947 1860 famemque
972 1821 1155 1861 depelleret.
1177 1821 1322 1852 Primum
1348 1830 1365 1853 e
1382 1829 1455 1862 per-

124 1870 221 1901 culsis
244 1869 389 1901 Paetium
408 1870 414 1885 ¹
436 1867 530 1908 primi
548 1867 603 1907 pili
624 1868 846 1899 centurionem
872 1867 1004 1899 obvium
1031 1868 1164 1908 habuit,
1184 1868 1259 1899 dein
1284 1868 1456 1910 plerosque

124 1917 284 1957 militum3
302 1925 383 1957 quos
401 1916 545 1946 diversas
563 1915 646 1954 fugae
661 1923 774 1947 causas
790 1915 1001 1947 obtendentes
1016 1915 1130 1947 redire
1147 1915 1194 1947 ad
1209 1917 1310 1956 siqua
1334 1918 1368 1948 et
1388 1917 1457 1949 cle-

125 1967 297 1997 mentiam
319 1965 410 1995 Preti
439 1964 590 2002 experire
612 1962 762 1994 mouebat
781 1976 787 1993 ε
806 1971 841 1994 se
867 1964 936 1994 nisi
960 1963 1147 1994 victoribus
1163 1964 1330 1994 immitem
1344 1962 1356 1981 ²
1372 1971 1455 1995 esse.

124 2012 224 2043 simul
241 2020 316 2042 suas
333 2010 474 2050 legiones
488 2009 595 2049 adire,
623 2009 763 2049 hortari,
777 2012 938 2050 priorum
955 2010 1129 2041 admonere
1141 2033 1149 2049 ,
1165 2018 1289 2041 novam
1307 2010 1456 2050 qloriam

126 2058 295 2089 ostendere
318 2067 326 2088 ε
354 2070 367 2084 «
388 2066 451 2087 non
481 2057 570 2087 vicos
598 2059 654 2086 aut
680 2055 798 2096 oppida
829 2056 1072 2096 Armeniorum,
1096 2056 1153 2087 sed
1179 2057 1283 2086 castra
1311 2059 1455 2088 Romana

125 2116 141 2130 «ι
162 2105 307 2145 duasque
323 2104 354 2135 in
376 2104 415 2135 iis
432 2103 573 2143 legiones
598 2103 736 2143 pretium
753 2103 872 2134 laboris
888 2103 965 2143 peti.
993 2103 1018 2134 si
1042 2103 1176 2141 singulis
1201 2102 1456 2143 manipularibus

128 2164 145 2181 α
163 2152 327 2193 praecipua
344 2152 462 2182 servati
479 2151 559 2182 civis
574 2159 693 2182 corona
710 2150 914 2191 imperatoria
936 2159 1032 2182 manu
1049 2150 1258 2189 tribueretur,
1277 2149 1363 2189 quod
1374 2149 1455 2182 illud

129 2213 148 2229 κ
164 2200 197 2232 et
212 2203 370 2240 quantum
384 2199 501 2237 decus,
518 2198 571 2230 ubi
590 2207 647 2238 par
658 2207 772 2229 eorum
793 2206 947 2229 numerus
963 2197 1172 2237 apisceretur,
1200 2197 1256 2237 qui
1273 2197 1456 2230 attulissent

127 2258 145 2275 ιι
163 2247 302 2279 salutem
318 2248 350 2277 et
374 2246 429 2286 qui
442 2246 645 2286 accepissent
660 2245 695 2277 ³?
712 2258 728 2273 »
752 2246 914 2285 hisratque
932 2245 1049 2276 talibus
1074 2244 1108 2276 in
1134 2253 1308 2278 commune
1332 2244 1454 2278 alacres

129 2343 224 2364 ve--z.
238 2338 392 2367 Trahend0‚
404 2338 530 2363 ducendo
542 2339 682 2364 bella—4.
698 2340 741 2363 Sc.
755 2339 870 2362 hostem.

162 2373 210 2399 XI.
226 2380 247 2399 ι.
262 2375 392 2398 Centurio
408 2374 452 2397 illc
467 2375 492 2398 in
511 2375 635 2398 turri.—2
655 2375 786 2398 Nimirum
798 2375 901 2398 Baetum
911 2373 1051 2397 etmilites
1061 2373 1156 2403 ipsius.

148 2410 214 2434 ΧΠ.
232 2416 252 2434 i.
263 2410 391 2435 Fortasse
404 2411 519 2434 cundem
540 2411 572 2433 de
586 2416 640 2440 quo
653 2410 723 2438 xm,
736 2416 773 2434 se.
788 2415 851 2433 ——.2.
863 2409 1016 2433 Victoribus
1038 2409 1104 2433 sotis
1125 2407 1455 2438 mitem-madescunt-

137 2442 214 2468 bus·
228 2448 250 2470 3.
262 2445 312 2470 Ubi
326 2446 416 2469 tantus
427 2447 499 2469 esset
513 2451 641 2469 numerus
661 2452 754 2469 corum
769 2446 814 2474 qui
830 2444 945 2468 salutem
959 2445 1116 2469 attulissent
1132 2445 1160 2468 et.
1173 2444 1401 2473 coronandorum,
1416 2443 1455 2467 ni·
