1539 2668
493 149 528 177 A.
552 149 590 177 U.
615 147 652 177 C.
678 148 747 177 822.
772 148 807 176 A.
833 147 868 176 C.
893 146 944 176 69.
1318 148 1387 178 293

57 228 279 268 aggregantur,
303 232 402 265 prope
415 223 446 254 in
463 222 610 263 proelium
631 230 798 262 exarsere,
817 222 849 253 ui
870 221 988 253 Valens
1006 219 1284 257 animadversione
1303 236 1381 268 patr-

57 284 168 307 corum
186 273 303 305 oblitos
318 271 384 312 ¹iam
410 272 544 303 Batavos
561 271 686 312 imperii
709 271 936 303 admonuisset.
950 274 1080 303 Frustra
1097 272 1251 306 adversus
1265 275 1381 307 AEduos

57 321 193 364 quaesita
208 320 283 352 belli
306 328 413 351 causa.
433 319 513 359 jussi
537 321 720 359 pecuniam
743 321 848 360 alque
873 327 975 350 arma
997 318 1133 359 deferre
1157 322 1314 359 gratuitos
1334 323 1382 353 in-

57 377 155 410 super
171 369 371 399 commeatus
390 365 564 406 praebuere.
583 365 676 405 quod
694 365 780 396 AEdui
804 365 977 397 formidine
989 389 997 404 ,
1018 366 1245 407 Lugdunenses
1264 368 1381 407 gaudio

58 415 160 447 fecere
175 414 200 446 ².
217 414 273 446 sed
290 413 369 453 legio
387 412 494 444 Italica
510 415 543 443 et
560 412 609 443 ala
626 413 765 444 Taurina
780 413 942 445 abductae.
970 413 1135 445 cohortem
1157 415 1381 447 duodevicesi-

57 472 143 495 mam
160 461 304 502 Lugduni
324 461 424 492 solitis
441 461 503 492 sibi
522 460 665 492 bibernis
681 461 816 501 relinqui
831 461 961 501 placuit.
979 462 1114 493 Manlius
1125 463 1239 495 Valens
1258 463 1383 503 legatus

57 511 177 545 Italicae
190 510 321 550 legionis
334 535 341 549 ,
360 518 557 549 quamquam
576 509 656 540 bene
669 508 708 539 de
726 508 873 549 partibus
891 509 1045 549 meritus,
1064 511 1152 543 nullo
1175 511 1260 551 apud
1279 509 1383 541 Vitel-

56 558 136 590 lium
159 558 279 589 honore
298 557 368 588 fuit.
386 557 518 589 secretis
535 565 609 587 eum
623 556 905 587 criminationibus
923 558 1135 590 infamaverat
1161 558 1276 590 Fabius
1296 557 1385 597 igna-

57 614 129 637 rum
144 607 194 646 et,
208 614 273 645 quo
294 604 451 635 incautior
474 604 687 644 deciperetur,
705 604 810 644 palam
825 604 1003 636 laudatum.

98 656 186 684 LXV.
202 655 349 683 Veterem
365 652 447 683 inter
465 650 695 690 Lugdunenses
713 651 974 692 Viennensesque
988 652 1182 683 discordiam
1199 652 1383 692 proximum

56 699 177 732 bellum
196 700 203 717 ¹
228 699 429 730 accenderat.
457 699 567 729 multae
589 698 727 729 invicem
746 698 869 738 clades,
890 700 1032 731 crebrius
1056 700 1268 739 infestiusque
1285 707 1385 738 quam

59 747 95 779 ut
117 748 243 779 tantum
268 748 399 786 propter
426 750 584 777 Neronem
609 745 806 785 Galbamque
835 749 1044 786 pugnaretur.
1072 750 1103 778 et
1132 747 1229 777 Galba
1260 746 1386 777 reditus

58 793 318 834 Lugdunensium
342 792 510 824 occasione
527 792 582 823 irat.¹
602 792 634 823 in
652 792 766 824 liscum
784 795 924 825 verterat
943 804 949 824 ε
969 795 1093 825 multus
1107 796 1218 825 contra
1236 794 1268 824 in
1286 793 1386 824 Vien-

59 850 175 874 nenses
192 841 304 873 honor.
325 841 410 872 unde
424 840 586 871 aeniulatio
604 843 634 871 et
652 840 785 879 invidia,
799 842 831 871 et
849 850 912 872 uno
928 851 1022 872 amne
1039 841 1185 872 discretis
1202 847 1385 872 connexum

59 889 181 920 odium.
198 889 297 928 Igitur
314 887 543 927 Lugdunenses
559 887 768 919 exstimulare
783 888 925 928 singulos
942 890 1079 920 militum
1096 891 1127 920 et
1141 890 1171 920 in
1186 888 1387 919 eversionem

59 935 292 968 Viennensium
310 935 473 975 impellere
496 934 665 966 obsessam
681 935 723 966 ab
741 935 813 966 ‘illis
827 936 997 967 colomam
1010 945 1109 968 suam
1122 961 1130 975 ‚
1153 936 1292 975 acljulos
1313 936 1387 965 Πη-

60 983 143 1017 dicis
161 985 306 1015 conatus
320 1006 328 1021 ,
353 983 563 1021 conscriptas
581 990 692 1022 nuper
709 982 855 1022 leqiones
882 985 916 1014 ιή
932 983 1136 1023 praesidium
1158 983 1277 1014 Gallae
1306 981 1389 1012 rese·

60 1031 171 1064 rendo.
186 1032 219 1063 et
236 1030 290 1061 ubi
305 1039 418 1061 causas
437 1029 583 1060 odiorum
600 1029 855 1069 praetenderant,
871 1031 1125 1070 magnitudinem
1149 1030 1268 1071 praedae
1282 1030 1387 1060 osten—

62 1078 191 1110 debant.
207 1086 267 1108 nec
280 1078 346 1116 jam
362 1079 483 1107 secreta
502 1077 699 1115 exhortatio,
717 1077 775 1108 sed
794 1077 933 1117 publicae
952 1087 1063 1118 preces
1085 1088 1092 1109 z
1111 1091 1126 1105 «
1143 1079 1224 1108 irent
1240 1078 1360 1108 ultores
1378 1097 1390 1114 ⁷

65 1137 81 1152 0<
98 1124 323 1157 exscinderent
336 1123 443 1155 sedem
455 1123 563 1154 Gallici
585 1123 668 1154 belli.
686 1126 803 1155 cuncta
821 1125 884 1156 illic
904 1128 1035 1156 externa
1051 1127 1084 1157 et
1106 1125 1234 1156 hostilia
1253 1134 1260 1155 t
1282 1133 1315 1155 se
1337 1131 1392 1153 (ῑοο

64 1184 81 1201 α
98 1171 217 1203 loniam
232 1175 409 1202 Romanam
422 1169 433 1187 ²
452 1171 484 1200 et
501 1172 623 1209 partem
643 1171 803 1202 exercitus
821 1173 854 1203 et
872 1181 1097 1212 prosperarum
1114 1172 1390 1210 adversarumque

65 1231 84 1249 α
100 1228 208 1251 rerum
221 1218 336 1250 socios
356 1220 381 1248 si
400 1218 528 1247 fortuna
543 1220 654 1247 contra
670 1216 761 1249 daret
777 1218 803 1258 ³,
832 1219 922 1251 iratis
940 1229 979 1251 ne
996 1220 1269 1259 relinquerentur.
1288 1231 1303 1245 υ
1355 1218 1392 1251 2131

107 1270 210 1298 LXVI.
236 1266 292 1297 His
309 1267 341 1296 et
355 1264 499 1305 pluribus
525 1265 557 1294 in
583 1264 720 1295 eundem
748 1266 881 1297 modum
908 1268 1129 1307 perpulerant,
1158 1268 1193 1297 ut
1228 1275 1267 1296 ne
1296 1264 1391 1304 legati

67 1315 199 1357 quidem
216 1322 252 1345 ac
270 1313 368 1343 duces
385 1311 522 1351 partium
541 1313 698 1351 restingui
722 1322 814 1353 posse
840 1314 1040 1345 iracundiam
1068 1314 1231 1346 exercitus
1257 1313 1392 1343 arbitra·

66 1364 188 1399 rentur,
206 1369 306 1401 quum
324 1359 409 1389 haud
426 1358 525 1397 ignari
542 1358 738 1390 discriminis
755 1360 805 1391 sui
826 1362 1020 1393 Viennenses
1037 1362 1215 1392 velamenta
1228 1362 1257 1391 et
1274 1360 1393 1391 infulas

66 1408 294 1451 praeferentes,
322 1407 376 1437 ubi
406 1414 518 1444 agmen
548 1406 737 1446 incesserat,
761 1417 867 1447 arma,
892 1418 1014 1448 genua,
1048 1409 1179 1447 vestigia
1211 1407 1393 1448 prensando

67 1458 184 1490 ssexere
197 1454 336 1486 militum
355 1453 488 1484 animos.
507 1454 631 1485 addidit
648 1455 764 1486 valens
781 1457 927 1488 trecenos
944 1457 1076 1496 singulis
1100 1456 1257 1487 militibus
1281 1456 1395 1485 sester-

68 1506 131 1538 tios
148 1504 171 1534 ¹.
196 1505 266 1533 tum
291 1502 434 1532 vetustas
457 1501 659 1541 dignitasque
685 1503 818 1534 coloniae
834 1503 953 1542 valuit,
979 1507 1010 1534 et
1029 1504 1124 1534 verba
1143 1503 1229 1534 Fabii
1259 1503 1395 1533 salutem

69 1549 388 1589 incolumitatemque
406 1549 633 1579 Viennensium
648 1550 903 1582 commendantis
917 1551 1020 1590 aequis
1037 1551 1167 1582 auribus
1182 1552 1324 1589 accepta.
1340 1557 1397 1587 pu-

71 1598 153 1630 blice
168 1599 276 1629 tamen
298 1596 395 1627 armis
414 1596 541 1627 multati
553 1597 578 1634 2,
596 1596 728 1636 privatis
742 1600 772 1628 et
792 1598 982 1636 promiscuis
997 1598 1098 1638 copiis
1112 1599 1225 1637 juvere
1249 1597 1395 1627 militem.

71 1645 128 1678 sed
143 1645 226 1676 fama
245 1647 392 1676 constans
407 1643 467 1674 fuit
481 1646 592 1684 ipsum
614 1644 788 1675 Valentem
806 1653 933 1686 maqna
945 1648 1092 1686 pecunia
1113 1648 1278 1685 emplum.
1304 1644 1328 1674 is
1342 1644 1397 1675 diu

73 1691 242 1729 sordidus,
273 1693 403 1731 repente
431 1691 539 1730 dives,
568 1690 777 1722 mutationem
805 1692 943 1724 fortunae
966 1693 1048 1723 male
1085 1693 1228 1732 tegebat,
1258 1690 1400 1722 accensis

73 1740 214 1779 egestate
230 1738 324 1777 longa
341 1738 547 1778 cupidinibus
564 1737 798 1769 immoderatus
815 1739 846 1770 et
863 1740 950 1780 inopi
967 1742 1100 1780 juventa
1122 1749 1216 1771 senex
1235 1738 1400 1779 prodigus.

76 1786 177 1817 Lento
195 1784 310 1815 deinde
328 1785 452 1824 agmine
480 1794 535 1824 per
558 1784 635 1815 fines
652 1784 860 1824 Allobrogum
878 1787 910 1818 et
927 1787 1157 1818 Vocontiorum
1175 1786 1292 1816 ductus
1311 1793 1401 1816 exer·

77 1832 161 1864 citus
175 1854 185 1871 ‚
215 1831 283 1871 ipsa
307 1831 458 1862 itinerum
484 1831 584 1871 spatia
603 1832 635 1861 et
652 1831 845 1863 stativorum
872 1834 1069 1864 mutationes
1085 1834 1272 1864 venditante
1287 1832 1298 1850 3
1321 1832 1403 1863 duce

78 1879 171 1912 soedis
188 1878 390 1919 pactionibus
405 1878 558 1909 adversus
573 1886 771 1918 possessores
784 1887 934 1918 agrorum
947 1883 979 1911 et
992 1881 1197 1919 magistratus
1208 1879 1401 1917 civitatium,

78 1926 158 1958 adeo
173 1925 353 1965 minaciter,
371 1927 405 1956 ut
423 1929 507 1956 Luco
523 1924 748 1965 (municipium
772 1924 805 1956 id
828 1928 1058 1958 Vocontiorum
1076 1928 1135 1963 est)
1152 1928 1236 1958 faces
1253 1926 1404 1957 admove-

80 1973 139 2012 rit,
157 1973 258 2004 donec
275 1972 411 2013 pecunia
426 1972 637 2011 mitigaretur.
655 1972 784 2012 quoties
803 1974 951 2013 pecuniae
967 1974 1100 2005 materia
1116 1973 1259 2013 deesset,
1285 1973 1404 2013 stupris

80 2022 111 2051 et
126 2019 291 2051 adulteriis
308 2019 512 2051 exorabatur.
541 2019 586 2051 sic
600 2019 639 2050 ad
656 2020 748 2060 Alpes
764 2021 964 2059 perventum.

121 2070 242 2098 LXVII.
267 2067 341 2098 Plus
359 2067 476 2107 praedae
493 2075 529 2097 ac
550 2066 712 2106 sanguinis
731 2067 855 2098 Caecina
869 2067 987 2098 bausit.
1011 2068 1214 2099 irritaverant
1238 2066 1407 2098 turbidum

82 2113 245 2153 ingenium
263 2114 416 2153 Helvetii,
436 2114 553 2145 Gallica
567 2123 661 2154 gens,
679 2114 756 2145 olim
774 2114 871 2145 armis
887 2113 1046 2154 virisque,
1072 2123 1149 2145 mox
1171 2114 1322 2145 memoria
1346 2123 1406 2144 no-

83 2159 179 2192 minis
196 2160 278 2192 clara
288 2185 296 2201 ‚
315 2161 354 2192 de
368 2161 454 2192 caede
469 2160 576 2193 Galbae
592 2161 693 2201 ignari
708 2162 740 2193 et
753 2161 872 2192 Vitellii
888 2161 1058 2202 imperium
1072 2161 1258 2193 abnuentes.
1276 2161 1410 2192 initiumv

86 2241 108 2260 2.
120 2235 154 2260 Ut
166 2234 256 2260 Galbae
270 2236 423 2265 intensi;v.
441 2241 499 2260 esi
517 2237 545 2260 et
555 2241 592 2261 es.

116 2266 193 2289 va.
210 2271 230 2289 ι.
246 2266 431 2289 Vindicis—2.
447 2266 606 2296 Quanquam
630 2266 738 2290 Viennae
756 2266 838 2289 etiam
858 2266 967 2290 colonia
989 2268 1107 2291 Romana
1130 2267 1210 2290 erat:
1231 2265 1278 2289 sed
1302 2265 1408 2288 Vienna

88 2301 227 2358 Ἐιῑίᾳυῖιέιδ
244 2300 372 2358 oppidutm
387 2301 527 2330 Gallicum,
552 2301 711 2331 Lugdunum
738 2301 771 2325 ab
795 2302 920 2325 Romanis
942 2302 1083 2326 conditum
1104 2308 1131 2325 a.
1148 2302 1176 2325 U.
1197 2306 1303 2325 710-—5.
1330 2299 1408 2324 Cont-

117 2340 165 2359 nn.
228 2340 285 2363 ,κη
301 2341 335 2358 no
353 2354 359 2359 .
373 2341 398 2358 7.

120 2370 204 2394 val.
224 2376 242 2393 ι.
258 2370 453 2399 Propemodum
478 2376 506 2395 ³5⁴
515 2372 561 2401 fr.
575 2384 603 2389 —
618 2376 642 2396 2.
673 2372 817 2396 Armorum
841 2372 996 2401 privatione
1014 2371 1130 2402 multati,
1144 2384 1172 2388 —
1185 2377 1208 2394 3.
1229 2368 1412 2400 Traflquant.

89 2404 205 2429 Proinde
220 2405 359 2429 itinerum
371 2405 530 2430 diurnorum
545 2406 643 2436 spatia
656 2407 736 2431 modo
748 2406 829 2436 longa
841 2407 922 2431 modo
936 2407 1028 2432 brevia
1042 2412 1101 2431 esse
1116 2406 1265 2431 debebant.
