1539 2668
497 181 532 208 A.
558 179 596 208 U.
621 178 655 206 C.
678 178 747 207 823.
772 181 806 206 A.
832 180 866 208 C.
892 178 942 208 70.
1324 179 1384 209 ³89

59 264 75 278 a
91 253 158 283 tres
174 252 367 292 conscripti,
385 260 443 283 nec
457 253 522 292 jam
538 251 591 281 ille
607 251 741 281 senatus
758 259 871 282 sumus
891 250 944 291 qui
961 251 1066 282 occiso
1082 255 1207 282 Nerone
1223 251 1383 285 delatores

60 312 74 325 ι
92 302 124 330 et
150 299 317 330 ministros
343 308 434 330 more
460 298 619 338 majorum
649 297 829 338 puniendos
855 297 1032 338 flagitabat.
1066 298 1210 337 optimus
1234 301 1284 330 est
1309 300 1383 339 post

58 359 73 372 α
94 346 214 377 malum
232 347 413 386 Principem
431 346 499 377 dies
518 346 654 386 primus.
675 358 689 372 u

98 395 207 424 XLllI.
225 396 328 424 Tanto
346 402 419 424 cum
436 402 571 424 assensu
587 395 718 424 senatos
732 393 863 425 auditus
879 396 928 425 est
945 395 1119 424 Montanus
1133 417 1142 431 ‚
1163 393 1199 424 ut
1221 402 1308 432 spem
1331 403 1382 425 ca-

58 443 145 479 peret
162 440 327 471 Helvidius
354 449 449 480 posse
470 441 568 471 etiam
592 440 777 471 Marcellum
797 440 968 480 prosterni.
999 440 1096 479 igitur
1122 448 1139 470 a
1164 439 1257 471 laude
1279 440 1385 471 Cluvii

56 486 126 517 Rufi
143 496 254 525 orsus,
273 488 329 527 qui
354 487 486 527 perinde
504 487 595 519 dives
612 489 645 518 et
660 488 844 527 eloquentia
861 488 966 519 clarus
982 487 1061 518 nulli
1078 496 1232 526 umquam
1249 487 1309 518 sub
1324 492 1384 519 Ne-

57 542 132 565 rone
150 535 329 574 periculum
347 535 549 574 lacessisset,
565 535 700 567 crimine
714 536 813 566 simul
828 535 1041 575 exemploque
1060 535 1190 574 Eprium
1208 534 1341 574 urgebat
1358 536 1383 577 ¹,

54 579 242 612 ardentibus
272 584 403 613 Patrum
429 582 561 613 animis.
587 582 673 621 quod
701 582 754 613 ubi
782 583 882 614 sensit
906 581 1093 619 MarcelluS,
1117 581 1205 612 velut
1228 582 1386 614 excedens

52 627 155 666 curia,
170 629 278 667 Imus,
297 628 412 668 inquit,
429 631 560 667 Prisce,
581 631 615 659 et
632 630 861 670 relinquimus
877 629 937 661 tibi
954 630 1115 659 senatum
1134 630 1257 659 tuum:
1275 637 1384 669 reqna

51 677 219 713 proesente
237 677 385 706 Coesctre.
400 675 595 715 sequebatur
604 676 718 707 Vibius
732 677 874 716 Crispus,
892 676 987 707 ambo
1004 675 1120 706 infensi
1137 675 1227 706 vultu
1242 675 1383 714 diverso,

53 722 223 753 Marcellus
250 722 432 754 minacibus
447 722 550 754 oculis
564 747 573 761 ‚
590 722 721 763 Crispus
735 722 924 762 renidens²‚
940 723 1042 754 donec
1055 731 1190 753 accursu
1206 723 1385 755 amicorum

52 768 305 800 retraherentur.
324 778 428 809 quum
442 770 593 809 glisceret
607 772 773 802 certamen
784 795 793 810 ,
812 770 889 801 hinc
906 770 999 801 multi
1017 770 1160 809 bonique
1173 793 1181 807 ‚
1201 770 1275 801 inde
1291 768 1385 810 pauci

50 816 82 845 et
95 815 194 846 validi
211 816 429 856 pertinacibus
446 816 528 848 odiis
545 816 737 856 tenderent,
753 820 964 857 consumptus
982 826 1037 856 per
1051 817 1243 848 discordiam
1261 817 1341 849 dies.

90 865 196 893 XLIV.
219 863 370 893 Proximo
391 865 525 903 senatu,
546 863 718 895 inchoante
737 868 863 895 Caesare
879 864 921 894 de
942 863 1108 895 abolendo
1125 863 1243 894 dolore
1261 866 1385 904 iraque

50 909 84 939 et
97 910 260 948 priorum
286 911 479 950 temporum
504 910 763 941 necessitatibus
783 912 805 949 ¹,
830 911 959 942 censuit
987 910 1158 941 Mucianus
1182 910 1308 950 prolixe
1326 921 1383 951 pro

49 956 289 988 accusatoribus
302 967 308 987 :
321 957 415 988 simul
427 966 482 988 eos
495 957 550 997 qui
561 961 711 997 coeptam,
722 957 839 989 deiude
850 958 1003 989 omissam
1015 959 1176 989 actionem
1191 960 1382 998 repeterent,

50 1004 175 1034 monuit
190 1013 341 1035 sermone
363 1006 448 1035 molli
465 1009 496 1035 et
514 1009 679 1045 tamquam
697 1008 836 1045 rogaret.
856 1007 968 1036 Patres
985 1007 1157 1045 cmptatam
1176 1006 1358 1036 libertatem
1372 1029 1382 1043 ‚

49 1053 221 1091 postquam
237 1052 366 1082 obviam
394 1053 495 1089 itum,
517 1053 668 1084 omisere.
694 1054 860 1084 Mucianus
873 1077 880 1091 ‚
900 1062 939 1084 ne
953 1053 1061 1092 sperni
1079 1056 1210 1083 senatus
1222 1053 1382 1091 judicium

48 1099 80 1128 et
93 1098 219 1128 eunctis
239 1099 299 1129 sub
313 1103 438 1130 Nerone
454 1100 602 1130 admissis
619 1100 694 1131 data
712 1101 888 1140 impunitas
907 1099 1085 1138 videretur,
1107 1100 1279 1131 Octaxium
1296 1099 1383 1131 Sabi-

48 1153 127 1175 num
144 1146 300 1184 Sagittam
316 1149 348 1176 et
361 1147 535 1177 Antistium
549 1147 721 1177 Sosianum
744 1147 896 1178 senatorii
914 1146 1054 1177 ordinis2
1072 1156 1217 1185 egressos
1230 1147 1381 1179 exsilium

48 1192 79 1223 in
97 1193 228 1224 easdem
239 1193 361 1224 insulas
378 1192 508 1233 redegit.
526 1195 682 1225 Octavius
697 1195 845 1226 Pontiam
863 1193 1076 1232 Postumiam,
1093 1195 1223 1233 nuptias
1239 1203 1314 1225 suas
1328 1193 1381 1224 ab·

47 1242 213 1279 nuentem,
229 1241 392 1281 impotens
405 1241 527 1273 amoris
542 1242 767 1281 interfecerat;
783 1242 937 1274 Sosianus
952 1242 1112 1282 pravitate
1125 1250 1253 1272 morum
1270 1242 1383 1273 multis

46 1287 213 1319 exitiosus.
234 1288 331 1319 ambo
355 1289 445 1329 gravi
468 1290 752 1321 senatusconsulto
773 1289 917 1320 damnati
943 1289 1114 1329 pulsique,
1135 1289 1285 1329 quamvis
1308 1298 1381 1321 con-

45 1343 139 1366 cesso
154 1335 226 1366 aliis
248 1335 352 1367 reditu
364 1360 373 1375 ,
394 1336 426 1367 in
441 1336 552 1367 eadem
569 1345 665 1377 poena
690 1337 808 1368 retenti
827 1338 915 1367 sunt.
941 1345 1000 1367 nec
1017 1336 1090 1367 ideo
1105 1336 1204 1367 lenita
1221 1345 1295 1376 erga
1313 1341 1382 1368 Mu·

46 1381 172 1413 cianum
190 1382 322 1414 invidia.
339 1384 460 1424 quippe
479 1383 633 1415 Sosianus
650 1392 687 1415 ac
705 1384 825 1424 sagitta
839 1383 919 1415 viles
931 1407 940 1422 ,
955 1384 1054 1415 etiam
1072 1383 1098 1414 si
1115 1384 1354 1415 reverterentur
1370 1392 1379 1414 ε

44 1431 268 1461 accusatorum
282 1430 409 1470 ingenia
426 1431 459 1462 et
473 1439 548 1471 opes
565 1433 598 1462 et
611 1431 751 1462 exercita
765 1431 859 1462 malis
872 1431 996 1462 artibus
1010 1431 1154 1471 potentia
1167 1430 1377 1463 timebantur.

84 1480 175 1508 XLV.
200 1478 435 1509 Reconciliavit
454 1479 618 1519 paulisper
640 1479 748 1509 studia
764 1481 895 1510 Pati-um
920 1478 1031 1509 habita
1050 1478 1082 1509 in
1102 1481 1218 1510 senatu
1237 1477 1381 1518 cognitio

43 1524 225 1555 secundum
253 1528 396 1556 veterem
425 1535 560 1558 morem.
586 1527 723 1557 Manlius
750 1527 914 1558 Patruitus
938 1529 1068 1557 senator
1087 1527 1280 1566 «pulsatum
1294 1535 1328 1557 se
1346 1526 1379 1557 in

43 1571 168 1602 colonia
191 1573 332 1604 Seniensi
353 1575 438 1604 cwtu
468 1574 687 1604 multitudinis
713 1576 744 1604 et
760 1574 853 1613 jussu
869 1575 1118 1614 magistratuum
1131 1587 1145 1600 u
1163 1573 1377 1613 querebatur;

45 1630 58 1643 ι
77 1627 135 1649 nec
155 1619 250 1651 linem
273 1620 399 1659 injuriae
417 1621 468 1652 liic
485 1622 613 1652 stetisse
631 1631 637 1651 ;
664 1621 830 1661 planctum
849 1624 880 1653 et
904 1622 1043 1653 lamenta
1067 1623 1099 1652 et
1121 1630 1349 1661 supremorum
1366 1622 1373 1640 ¹

44 1677 58 1691 ι
76 1665 248 1705 imaginem
272 1668 418 1707 praesenti
437 1668 497 1699 sibi
519 1669 719 1699 circumdata
742 1678 816 1699 cum
838 1669 1043 1700 contumeliis
1062 1672 1093 1699 et
1112 1669 1239 1708 probris
1253 1677 1326 1708 quae
1343 1669 1378 1700 in

44 1725 58 1739 ‹-
76 1715 227 1743 senatum
252 1714 440 1745 universum
461 1715 657 1754 jacerentur.
683 1729 698 1742 ιι
727 1717 832 1747 vocati
857 1717 912 1757 qui
938 1715 1176 1756 arguebantur,
1195 1718 1227 1747 et
1248 1715 1377 1755 cognita

42 1767 139 1790 causa
165 1760 198 1791 in
224 1761 393 1792 convictos
414 1762 630 1793 vindicatum.
660 1762 874 1803 additumque
899 1763 1220 1794 senatusconsultum
1244 1771 1308 1802 quo
1324 1765 1376 1794 Se-

41 1806 202 1837 niensium
223 1807 332 1847 plebes
350 1808 516 1839 modestiae
534 1809 775 1841 admoneretur.
791 1809 908 1841 lisdem
925 1810 1041 1841 diebus
1056 1810 1214 1841 Antonius
1232 1810 1375 1840 Flamma

41 1853 283 1893 Cyrenensibus
295 1854 305 1871 ²
326 1854 500 1886 damnatur
519 1856 584 1895 lege
601 1856 855 1897 repetundarum
868 1879 876 1895 ‚
899 1858 931 1888 et
947 1857 1061 1887 exsilio
1078 1857 1119 1887 ob
1137 1857 1309 1887 saevitiam.

80 1903 188 1931 XLVI.
213 1903 300 1932 Inter
313 1911 386 1941 quae
407 1902 556 1934 militaris
570 1903 689 1934 seditio
705 1912 805 1944 prope
820 1903 954 1935 exarsit.
972 1904 1204 1944 praetorianam
1221 1903 1373 1934 militiam

41 1947 231 1987 repetebant
253 1957 271 1979 a
296 1949 426 1980 Vitellio
450 1949 599 1990 dimissi,
616 1959 675 1991 pro
700 1950 897 1990 Vespasiano
922 1951 1126 1991 congregati3
1153 1953 1187 1981 et
1212 1950 1315 1981 lectus
1340 1949 1374 1980 in

39 2050 206 2109 iinrlnortaltS.
220 2058 306 2082 quam
320 2058 411 2078 mores
428 2054 559 2084 Principis
573 2054 617 2078 vel
631 2055 739 2085 optimi,
754 2056 830 2085 cujus
841 2055 930 2079 locum
943 2054 1001 2079 fieri
1016 2056 1105 2086 potest
1116 2056 1145 2079 ut
1164 2055 1240 2080 brevi
1255 2055 1372 2085 occupet

39 2087 241 2147 maxfflllfiilrgt
252 2123 399 2148 delatorem
410 2124 549 2153 Thraseae;
568 2131 648 2155 quam
663 2127 801 2149 actionem
822 2126 961 2150 Helvidius
973 2126 1030 2156 jam
1046 2126 1130 2151 Galba
1147 2127 1300 2156 imperante
1312 2126 1372 2149 ten-

40 2155 160 2187 taverat3
178 2163 203 2181 v.
217 2164 296 2188 snpra
309 2165 368 2189 cap.
381 2165 458 2184 c.—2.
477 2161 513 2184 De
527 2166 580 2190 quo
594 2161 732 2185 Juvenalis
746 2161 786 2190 lv,
804 2167 830 2185 ai
844 2168 851 2185 ε

381 2212 461 2236 Venit
473 2213 500 2236 et
514 2213 598 2242 Crispi
610 2213 730 2242 jucunda
744 2215 879 2244 senectus,

333 2247 415 2276 Cujus
432 2249 510 2271 erant
524 2254 613 2272 mores
627 2248 713 2278 qualis
727 2249 854 2273 facundia
864 2267 871 2278 .
886 2249 952 2273 mtte

334 2282 485 2311 ingenium.

66 2330 154 2354 XLIV.
168 2335 188 2354 t.
208 2331 388 2363 Conci-abite,
407 2341 439 2359 eo
453 2341 544 2360 rerum
562 2338 635 2360 statu
654 2343 707 2366 quo
721 2337 828 2367 plurimi
842 2343 874 2361 cx
888 2343 937 2361 sua
953 2337 1096 2361 voluntate
1113 2342 1196 2366 agere
1216 2341 1272 2360 non
1286 2335 1366 2366 pote-

37 2367 164 2391 rant—2.
181 2367 219 2390 De
232 2368 329 2396 quibus
345 2371 451 2394 Αηηαῖ.
466 2371 537 2400 ΧΙΙΙΖ
553 2377 594 2400 u;
610 2373 679 2400 le,
694 2377 731 2396 ⁴⁸.

66 2400 141 2426 XLV.
162 2407 180 2426 ι.
198 2403 341 2427 Funeris.—
349 2409 370 2428 α.
384 2407 537 2431 secundum
548 2408 723 2437 Cyrenenses,
739 2409 765 2432 in
778 2414 872 2432 eorum
886 2408 1077 2433 accusantium
1092 2408 1219 2438 gratiam.
