1539 2668
151 193 212 224 414
522 191 654 219 TACiTi
678 190 950 219 HISTORIARUM
978 191 1051 218 LIB.
1075 190 1113 218 V.

150 266 236 298 muri
256 273 314 305 per
333 267 436 296 artem
453 263 575 303 obliqui
592 264 648 293 aut
663 262 822 293 introrsus
836 263 975 302 sinuati,
993 264 1029 293 ut
1045 263 1144 294 latera
1160 263 1416 302 oppugnantium
1431 263 1470 296 ad

149 314 233 344 ictus
253 313 465 353 patescerent.
488 312 635 341 extrema
652 309 741 349 rupis
755 310 909 350 abrupta;
928 312 960 341 et
975 311 1100 349 turres,
1121 309 1177 340 ubi
1202 318 1295 341 mons
1313 310 1469 350 juvisset,

148 361 180 391 in
204 368 386 399 sexagenos
411 358 524 399 pedeS‚
545 357 629 388 inter
651 357 774 388 devexa
792 357 824 388 in
843 360 995 389 centenos
1010 357 1205 396 vicenosque
1224 357 1471 398 attollebantur,

149 407 231 438 mira
251 407 376 447 specie,
391 415 427 436 ac
441 404 550 445 procul
565 403 766 435 intuentibus
779 413 881 444 pares.
898 404 959 435 alia
975 405 1062 435 intus
1079 404 1210 443 moenia,
1227 404 1321 443 regiae
1334 404 1466 435 circum-

144 454 231 492 jecta
245 480 255 495 ‚
283 453 520 493 conspicuoque
545 451 672 491 fastigio
688 451 788 482 turris
810 453 977 491 Antonia,
995 452 1027 482 in
1045 451 1201 482 honorem
1219 455 1261 482 M.
1279 452 1409 483 Antonii
1432 451 1469 482 ali

147 503 279 534 Herode
296 501 468 542 appellata.

191 554 261 583 XII.
285 548 453 587 Templum
469 547 476 564 ¹
497 547 530 577 in
548 545 679 577 modum
696 545 779 576 arcis
792 545 981 585 propriique
993 546 1099 584 muri,
1114 545 1223 577 labore
1238 548 1271 577 et
1287 555 1382 586 opere
1399 548 1470 577 ante

147 599 237 631 alios.
253 597 331 636 ipsae
348 595 505 634 porticus,
520 595 592 633 quis
605 593 760 632 templum
774 592 988 631 ambiebatur,
1003 593 1165 632 egregium
1180 593 1457 633 propugnaculum

148 645 221 676 sons
237 643 385 684 perennis
403 650 496 681 aquae
506 664 515 679 ‚
532 641 637 672 cavati
652 640 711 671 sub
726 640 813 671 terra
827 640 954 670 montes
965 663 973 678 ‚
990 641 1023 670 et
1036 640 1169 679 piscinae
1182 640 1394 680 cisternaeque
1408 649 1466 670 ser-

146 691 263 723 vandis
292 688 463 720 imbribus,
490 687 709 728 praeviderant
731 687 915 718 conditores
941 694 981 717 ex
1000 685 1188 718 diversitate
1210 695 1339 718 morum
1361 686 1469 717 crebra

148 739 232 770 bella
252 747 259 768 z
282 737 355 767 inde
373 737 489 766 cuncta
507 735 657 774 quamvis
676 734 832 765 adversus
855 733 987 772 longum
1001 732 1011 749 ²
1037 732 1212 764 obsidium.
1236 735 1268 764 et
1284 742 1302 764 a
1318 732 1471 772 Pompeio

147 784 338 825 expugnatis
367 784 474 813 metus
506 785 603 821 atque
627 790 703 812 usus
726 781 878 820 pleraque
904 781 1134 811 monstravere.
1162 780 1258 820 atque
1282 788 1339 820 per
1364 779 1470 810 avari-

145 832 226 863 tiam
247 830 497 862 Claudianorum
520 831 703 867 temporum
725 828 835 866 empto
850 827 924 865 jure
947 825 1114 857 muniendi
1131 827 1277 858 struxere
1300 835 1412 858 muros
1436 826 1470 858 in

145 887 225 918 pace
246 881 414 917 tamquam
442 876 481 907 ad
500 875 623 906 bellum
637 899 645 914 ,
666 883 780 913 magna
797 874 937 905 colluvie
961 875 993 905 et
1016 876 1195 904 ceterarum
1225 873 1355 904 urbium
1379 873 1469 906 clade

145 926 233 957 aucti
259 935 266 956 z
285 934 359 956 nam
384 922 665 963 pervicacissimus
684 921 821 961 quisque
839 921 914 952 illuc
937 921 1140 960 perfugerat,
1165 929 1267 959 eoque
1284 920 1468 952 seditiosius

145 973 292 1012 agebant.
316 975 382 1003 tres
404 971 521 1008 duces,
549 969 684 999 totidem
711 969 883 999 exercitus.
907 971 1050 998 extrema
1073 968 1105 997 et
1130 966 1287 997 latissima
1313 968 1468 998 moenium

144 1019 232 1051 Simo
246 1044 254 1058 ‚
274 1019 410 1049 mediam
431 1017 543 1047 urbem
561 1020 575 1047 J
580 1024 700 1046 oannes
712 1039 720 1053 ,
736 1024 831 1055 quem
849 1016 880 1045 et
898 1014 1078 1052 Bargioram
1096 1014 1291 1053 vocabaiiw,
1308 1015 1468 1053 templum

144 1066 312 1098 Eleaza.us
334 1065 527 1095 firmaverat.
556 1062 766 1093 multitudine
790 1063 822 1092 et
846 1060 947 1091 arinis
965 1064 1103 1090 loannes
1123 1068 1160 1090 ac
1177 1060 1263 1091 Simo
1276 1084 1284 1096 ‚
1302 1061 1467 1092 Eleazarus

144 1114 218 1146 loco
235 1112 386 1154 pollebat.
406 1111 460 1142 sed
478 1110 591 1150 proelia
603 1134 611 1148 ‚
629 1109 743 1147 dolus,
759 1108 911 1138 incendia
926 1107 1011 1137 inter
1027 1107 1116 1146 ipsos
1129 1129 1137 1144 ,
1153 1108 1184 1137 et
1200 1116 1316 1146 magna
1334 1108 1384 1138 vis
1400 1108 1467 1138 fru-

145 1160 248 1191 menti
267 1159 427 1190 ambusta.
448 1166 525 1187 mox
542 1160 701 1193 loannes,
720 1155 830 1185 missis
851 1163 906 1194 per
923 1154 1065 1193 speciem
1085 1153 1285 1184 sacrificandi
1302 1154 1357 1193 qui
1378 1154 1468 1185 Elea-

144 1215 256 1238 zarum
271 1212 467 1244 manumque
481 1204 550 1242 ejus
565 1202 813 1239 obtruncarent,
833 1200 951 1240 templo
966 1200 1099 1239 potitur.
1115 1200 1160 1231 ita
1175 1200 1206 1230 in
1222 1200 1302 1231 duas
1315 1200 1468 1232 factiones

144 1254 260 1285 civitas
276 1252 444 1289 discessit,
462 1250 566 1281 donec
580 1247 878 1290 propinquantibus
892 1246 1048 1278 Romanis
1066 1246 1191 1278 bellum
1205 1249 1376 1279 externum
1391 1256 1467 1279 con-

145 1301 290 1332 cordiam
308 1300 447 1339 pareret.

186 1352 269 1380 Xlll.
296 1347 476 1378 Evenerant
500 1342 646 1384 prodigia
662 1366 670 1381 ,
697 1351 770 1382 quae
796 1350 900 1383 neque
926 1341 1043 1373 hostiis
1067 1349 1171 1380 neque
1195 1340 1282 1371 votis
1307 1340 1395 1380 piare
1420 1341 1468 1373 fas

144 1395 261 1427 habet*
283 1403 360 1433 gens
378 1391 598 1433 superstitioni
617 1390 779 1430 obnoxia,
798 1388 1006 1429 religionibus
1022 1388 1168 1419 adversa.
1185 1388 1263 1418 visae
1276 1396 1333 1427 per
1351 1388 1467 1419 coelum

143 1450 338 1474 concurrere
355 1441 440 1471 acies
453 1463 461 1478 ‚
482 1437 650 1469 rutilantia
670 1446 776 1476 arma,
796 1440 828 1468 ct
846 1436 956 1467 subito
973 1435 1110 1465 nubium
1127 1435 1198 1473 igne
1211 1434 1368 1465 collucere
1383 1436 1466 1465 tem-

143 1490 247 1531 plum.
266 1496 413 1527 expassaa
429 1488 562 1526 repente
585 1484 716 1515 delubri
735 1485 821 1515 sores
841 1485 873 1514 et
890 1483 1000 1513 audita
1019 1481 1121 1520 major
1137 1482 1278 1512 humana
1295 1490 1359 1511 vox
1377 1489 1468 1512 exce-

144 1536 225 1568 dere
242 1535 320 1567 cleos
331 1535 341 1551 ²
356 1547 366 1573 ;
383 1534 479 1565 simul
500 1533 610 1571 ingens
632 1534 740 1561 motus
756 1530 992 1561 excedentium.
1008 1537 1081 1568 quae
1098 1528 1194 1568 pauci
1211 1528 1244 1558 in
1261 1529 1384 1558 metum
1408 1530 1469 1558 tra-

145 1582 265 1614 hebant
276 1582 288 1599 ³
307 1591 313 1611 :
330 1581 473 1621 pluribus
488 1579 656 1619 persuasio
670 1578 772 1608 inerat
788 1577 930 1615 antiquis
944 1575 1147 1606 sacerdotum
1163 1574 1275 1604 litteris
1290 1572 1463 1604 contineri⁴

145 1638 183 1662 eo
196 1629 265 1669 ipso
281 1631 428 1668 tempore
446 1628 514 1658 fore
531 1628 566 1656 ut
582 1626 762 1656 valesceret
778 1623 892 1654 Oriens
913 1621 1114 1661 profectique
1131 1620 1242 1651 Judaea
1259 1629 1364 1650 rerum
1382 1620 1465 1660 poti-

145 1679 269 1707 rentur.
295 1684 368 1714 quae
392 1674 542 1711 ambages
564 1671 801 1711 Vespasianum
827 1678 865 1699 ac
887 1670 997 1700 Titum
1020 1667 1237 1708 praedixerat:
1253 1665 1308 1696 sed
1333 1666 1466 1706 vulgus,

145 1731 236 1753 more
250 1722 402 1752 humanae
417 1719 596 1760 cupidinis,
612 1718 674 1749 sibi
690 1719 814 1748 tantam
832 1717 972 1747 fatorum
986 1714 1239 1754 magnitudinem
1253 1713 1466 1754 interpretati,

145 1777 186 1800 ne
199 1768 340 1799 adversis
354 1768 484 1808 quidem
500 1766 541 1797 ad
554 1774 630 1796 vera
646 1764 865 1794 mutabantur.
876 1761 1118 1793 Multitudinem
1131 1759 1346 1798 obsessorum,
1363 1759 1468 1792 omnis

145 1817 270 1853 aetatis,
286 1815 381 1846 virile
398 1824 434 1846 ac
447 1813 604 1845 muliebre
620 1820 715 1843 secus
727 1811 753 1849 ⁵,
772 1810 925 1842 sexcenta
942 1809 1040 1840 millia
1056 1808 1152 1838 suisse
1168 1806 1361 1846 accepimus.
1378 1816 1468 1839 arma

146 1863 275 1894 cunctis
291 1862 349 1902 qui
371 1862 452 1892 ferre
476 1861 629 1900 possent;
650 1860 682 1889 et
700 1858 808 1898 plures
825 1863 922 1897 quam
948 1865 1007 1896 pro
1024 1862 1160 1886 numero
1177 1853 1349 1885 audebant.
1369 1854 1466 1886 obsti·

146 1910 235 1941 natio
250 1909 328 1940 viris
350 1908 544 1947 feminisque
564 1915 642 1946 par3
662 1911 697 1935 ac
713 1905 740 1935 si
760 1904 932 1935 transferre
946 1902 1036 1934 sedes
1051 1902 1255 1940 cogerentur,
1273 1900 1374 1939 major
1391 1901 1468 1932 vitae

173 2005 231 2028 ΧΠ.
250 2008 273 2026 1.
294 2002 324 2025 ln
338 2001 420 2025 tertio
435 1999 507 2024 colle
524 2000 615 2027 situm,
638 1998 796 2025 culinomen
815 1996 927 2023 Maria,
942 1995 975 2019 ab
990 1993 1114 2018 orientali
1127 1993 1212 2017 latere
1224 1992 1307 2016 urbis.
1318 2006 1346 2010 -
1357 1998 1378 2018 2.
1397 1995 1448 2018 Pro
1459 2016 1465 2025 ,

146 2040 286 2064 adversus
303 2037 433 2067 quamvis
447 2032 640 2064 (quantumvis)
653 2033 840 2063 congium—5.
856 2032 910 2054 lino
929 2030 1004 2053 Simo
1023 2029 1171 2053 vocabatur
1190 2028 1361 2058 Barqioras,
1381 2029 1408 2053 id
1427 2032 1468 2055 est

147 2076 233 2098 Giorae
246 2073 330 2101 filius,
345 2074 374 2095 ut
385 2071 487 2094 certior
498 2071 525 2093 in
535 2069 586 2093 hae
597 2075 627 2092 rc
641 2069 717 2092 testis
731 2068 816 2091 refert
825 2066 966 2096 Josephus.

175 2108 247 2131 Xlll.
268 2113 287 2130 i.
302 2108 339 2131 En
356 2108 427 2130 enim
443 2105 587 2129 attendere
602 2103 714 2128 vetabat
725 2103 769 2126 lex
781 2102 884 2129 divina,
898 2100 984 2124 Levz‘t.
998 2099 1070 2127 XIX,
1085 2104 1112 2122 26
1124 2104 1130 2122 ε
1144 2098 1209 2123 Νοη
1222 2098 1427 2128 azcyu7·amini;
1441 2101 1469 2124 et

145 2144 204 2172 XX,
215 2149 237 2167 e.
250 2143 426 2172 Expiationes
439 2140 594 2165 Judaeorum
606 2139 640 2162 ad
653 2138 717 2162 alias
730 2144 775 2162 res
790 2135 1027 2166 pertinebant.—2.
1042 2133 1117 2162 Quod
1128 2133 1260 2162 praecipue
1275 2132 1364 2161 tetigit
1376 2134 1458 2158 noma

147 2185 209 2207 nOS‚
232 2178 266 2202 ol)
282 2179 364 2202 ritum
383 2182 462 2206 quem
479 2176 517 2198 sic
532 2175 643 2204 exponit
659 2174 774 2201 Plinius,
790 2173 864 2197 Hist.
883 2172 942 2195 nat.
956 2169 1080 2196 xxvul,
1095 2173 1124 2191 ⁴:
1142 2176 1156 2187 α
1174 2168 1203 2191 ln
1222 2169 1468 2196 oppugnationibus

147 2216 210 2238 ante
226 2214 316 2237 omnia
333 2213 440 2236 solitum
453 2217 465 2234 a
481 2211 605 2234 Romanis
617 2208 805 2234 sacerdotibus
821 2212 937 2231 evocare
949 2205 1046 2231 domn,
1061 2204 1136 2232 quus
1149 2203 1175 2226 in
1192 2203 1274 2227 tutela
1293 2202 1318 2225 id
1339 2204 1467 2231 oppidum

147 2250 227 2275 esset,
247 2249 423 2277 promittique
438 2246 476 2270 illi
491 2245 606 2269 eundem
618 2246 664 2269 aut
677 2244 833 2272 ampliorem
846 2242 915 2271 apud
929 2243 1061 2264 Romanos
1073 2238 1192 2262 cultum:
1204 2240 1231 2262 et
1247 2238 1327 2262 durat
1344 2238 1370 2261 in
1381 2241 1468 2267 ponti.

147 2283 228 2306 sicum
242 2283 382 2312 disciplina
397 2283 421 2305 id
433 2286 549 2309 sacrum,
562 2281 723 2308 constatque
738 2279 799 2302 ideo
817 2277 983 2301 occultatum
999 2275 1025 2297 in
1037 2275 1112 2302 cujus
1129 2273 1214 2297 tutela
1232 2273 1274 2297 dei
1285 2274 1368 2297 Roma
1382 2276 1467 2306 esset,

148 2324 183 2342 ne
199 2318 245 2347 qui
256 2318 374 2341 hostium
386 2317 465 2340 simili
481 2316 562 2339 modo
576 2316 698 2344 agerent.
710 2323 724 2334 n
735 2327 759 2330 -
772 2319 793 2337 5.
813 2311 984 2341 Accipiebant
999 2311 1134 2338 tamquam
1147 2310 1248 2332 metum
1261 2308 1428 2332 incutientia.
1438 2321 1466 2325 -

149 2359 171 2377 4.
186 2352 266 2376 Velut
281 2353 408 2376 Danielis
426 2352 462 2379 ll,
476 2356 518 2379 -Μ,
532 2352 559 2374 et
572 2351 630 2373 aliae
649 2349 797 2379 prophetiae
812 2347 1057 2371 Messianica‘.—s.
1079 2343 1134 2366 Vid.
1155 2345 1228 2367 Arioi.
1249 2344 1290 2370 lv,
1310 2348 1347 2372 ee,
1368 2343 1424 2366 not.
1442 2349 1465 2368 5.

148 2390 269 2417 Sequens
287 2393 413 2411 numerus
429 2387 544 2410 tortasse
558 2391 623 2411 vero
643 2385 743 2413 minor,
758 2389 839 2414 quum
853 2383 964 2413 periisse
983 2379 1112 2403 undecies
1130 2380 1244 2403 centena
1262 2377 1346 2402 miliia
1363 2376 1467 2403 reserat

148 2423 292 2454 JosephuS.
