1539 2668
625 133 842 161 GERMANIA.
1327 135 1390 166 453

110 212 217 244 xxvl.
237 212 351 240 Foenus
367 206 487 246 agitare
502 209 534 237 et
551 206 585 237 in
601 215 717 237 usuras
734 206 925 238 extendere¹
948 208 1093 247 ignotum
1108 219 1116 247 ;
1135 208 1271 249 ideoque
1288 211 1391 251 magis

68 255 237 288 servatur²
253 263 350 295 quam
367 254 394 284 si
408 253 545 284 vetitum
560 254 657 284 esset.
673 253 745 293 Agri
761 263 817 293 pro
836 263 970 284 numero
987 255 1151 285 cultorum
1171 255 1211 286 ab
1234 256 1392 290 universis

69 303 172 335 vicis³
184 304 397 342 occupantur,
414 309 496 341 quos
520 309 594 331 mox
615 301 700 331 inter
716 310 750 331 se
765 301 940 332 secundum
954 301 1175 340 dignationem
1192 303 1391 343 partiuntur.

70 350 253 382 facilitatem
266 347 427 389 partiendi
440 356 631 386 camporum
649 348 753 387 spatia
768 350 931 387 praestant.
949 357 1025 379 arva
1037 357 1094 388 per
1108 358 1211 380 annos
1225 349 1392 390 mutant⁴,

68 399 101 428 et
119 398 266 437 superest
281 405 365 436 ager.
384 403 443 426 nec
464 394 550 425 enim
571 403 643 425 cum
666 395 813 426 ubertate
832 399 864 426 et
879 395 1093 436 amplitudine
1114 396 1174 427 soli
1190 397 1296 429 labore
1315 406 1391 428 con—

67 444 204 476 tendunt
220 444 245 483 ⁵,
265 446 302 473 ut
317 443 460 483 pomaria
479 443 652 472 conserant
671 444 703 472 et
723 444 813 481 prata
833 445 984 482 separent
999 446 1030 474 et
1046 443 1159 474 hortos
1174 443 1279 483 rigent
1298 453 1306 474 :
1324 443 1392 475 sola

66 490 159 522 terrae
173 499 262 529 seges
276 489 461 529 imperatur.
479 488 564 519 unde
578 497 697 519 annum
712 497 840 528 quoque
853 489 957 529 ipsum
973 499 1035 519 uon
1047 489 1079 520 iu
1093 490 1229 521 totidem
1241 490 1393 530 digerunt

65 538 200 577 species.
220 537 322 567 hiems
338 538 369 567 et
384 545 439 567 ver
455 538 487 567 et
501 537 599 566 aestas
617 534 816 566 intellectum
832 545 869 567 ac
886 536 1042 567 vocabula
1065 537 1203 577 liabent,
1224 537 1392 568 auctumni

66 584 198 623 perinde
217 593 333 615 nomen
350 592 387 614 ac
408 583 491 614 bona
508 583 696 622 ignorantur
711 582 735 612 ⁸.

108 634 230 662 XXVII.
252 635 412 662 Funerum
428 630 517 661 nulla
531 629 687 661 ambitio¹
704 641 713 668 ;
732 629 763 660 id
778 631 881 661 solum
900 630 1110 669 observatur,
1127 634 1164 662 ut
1186 640 1319 672 corpora
1334 631 1393 662 cla-

67 686 175 709 rorum
191 678 333 708 virorum
351 678 445 708 certis
458 678 550 717 lignis
563 680 757 708 crementur.
775 681 894 708 struem
913 678 979 717 rogi
997 687 1055 708 nec
1070 678 1218 709 vestibus
1233 687 1292 709 uec
1313 677 1389 709 odo·

66 725 155 756 ribus
168 725 333 756 cumulant
345 724 356 741 ²
374 734 382 754 ·.
401 734 460 755 sua
473 724 592 764 cuique
605 733 694 755 arma
706 748 714 762 ‚
735 725 939 763 quorumlain
958 725 1021 764 igni
1038 726 1069 755 et
1086 734 1188 765 equus
1206 726 1355 766 adjicitur
1368 724 1391 754 ³.

66 773 251 812 sepulcrum
266 781 375 812 cespes
392 771 505 811 erigit3
523 773 810 802 momunentorum
825 771 963 802 arduum
977 774 1007 802 et
1025 781 1199 811 operosum
1216 773 1372 803 honorem
1383 794 1391 808 ,

68 822 104 851 ut
119 828 248 859 gravem
263 819 427 850 defunctis
439 843 447 858 ‚
468 820 692 858 aspernantur.
709 818 848 849 lamenta
867 828 903 849 ac
919 819 1066 849 lacrimas
1091 820 1156 850 cito
1169 843 1177 858 ‚
1193 820 1337 852 dolorem
1359 821 1392 852 et

64 866 232 901 tristitiam
248 865 339 897 tarde
351 869 485 905 ponunt.
502 865 628 896 seminis
641 865 750 903 lugere
763 866 937 896 honestum
950 867 1019 905 est,
1034 866 1112 897 viris
1126 867 1322 898 meminisse.

105 913 231 946 Haecin
249 922 422 943 commune
443 912 482 943 de
504 912 650 942 omnium
675 916 908 943 Germanorum
930 913 1052 952 origine
1075 922 1113 944 ac
1133 914 1279 945 moribus
1302 921 1392 945 accc·

65 961 182 1002 pimus.
201 969 287 991 nunc
303 960 503 999 singularum
520 959 665 998 gentium
684 959 832 991 instituta
850 960 994 1000 ritusque
1006 984 1015 999 ‚
1037 963 1199 1000 quatenus
1215 961 1391 1000 disserant,

64 1018 136 1050 quae
150 1008 296 1039 nationes
311 1016 328 1038 e
346 1007 515 1039 Germania
533 1007 565 1037 in
585 1006 701 1037 Gallias
722 1007 1027 1047 commigraverint,
1047 1008 1227 1048 expediam.

105 1059 242 1087 XXVIII.
260 1055 439 1085 Validiores
459 1054 537 1084 olim
561 1054 722 1085 Gallorum
748 1063 798 1085 res
816 1054 911 1085 fuisse
934 1063 1081 1085 summus
1101 1057 1271 1086 auctorum
1295 1055 1392 1086 divus

64 1102 168 1134 Julius
181 1101 308 1139 tradit¹3
323 1110 426 1141 eoque
440 1100 597 1132 credibile
611 1102 660 1132 est
671 1102 768 1132 etiam
782 1101 887 1131 Gallos
902 1101 932 1131 in
946 1102 1150 1132 Germaniam
1165 1105 1391 1141 transgressos.

63 1149 257 1190 quantulum
274 1149 359 1179 enim
381 1148 485 1179 amuis
499 1147 666 1186 obstabat,
681 1148 856 1187 quominus
868 1171 876 1186 ,
901 1150 935 1179 ut
950 1157 1088 1188 quaeque
1108 1157 1184 1188 gens
1204 1149 1371 1180 evaluerat
1382 1172 1392 1186 ,

63 1197 237 1236 occuparet
256 1196 518 1235 permutaretque
539 1194 631 1225 sedes
646 1195 847 1234 promiscuas
861 1194 965 1225 adhuc
988 1197 1019 1225 et
1042 1195 1128 1225 nulla
1143 1204 1314 1235 regnorum
1336 1203 1391 1235 po·

63 1243 165 1275 tentia
189 1242 330 1273 divisas?
358 1243 459 1282 igitur
484 1242 572 1272 inter
595 1242 787 1281 Hercyniam
815 1241 929 1272 silvam
954 1241 1168 1282 Rhenumque
1193 1245 1225 1273 et
1249 1247 1392 1273 Moenum

64 1297 176 1321 amnes
198 1289 358 1326 Helvetii,
384 1289 536 1319 ulteriora
551 1288 561 1305 ²
578 1288 668 1327 Boii,
692 1288 810 1319 Gallica
832 1291 971 1328 utraque
993 1297 1090 1327 gens,
1114 1291 1259 1320 tenuere.
1282 1290 1394 1320 manet

64 1335 169 1367 adhuc
185 1335 330 1367 Boiliemi
347 1345 463 1367 nomen
485 1336 657 1375 signatque
676 1335 736 1366 loci
757 1339 899 1366 veterem
919 1336 1131 1374 memoriam,
1154 1337 1303 1376 quamvis
1323 1345 1393 1367 mu-

62 1383 139 1414 tatis
160 1383 343 1414 cultoribus
356 1383 381 1414 ³.
406 1382 462 1413 sed
482 1386 593 1413 utrum
611 1382 755 1413 Aravisci
771 1382 803 1412 in
822 1382 1020 1413 Pannoniam
1035 1383 1074 1413 ab
1091 1384 1163 1414 osis
1181 1384 1202 1421 ²,
1219 1388 1389 1415 Germano-

64 1439 136 1461 rum
154 1430 286 1461 natione
299 1455 307 1468 ,
329 1439 369 1460 an
385 1430 438 1461 Osi
460 1429 500 1460 ab
517 1429 677 1460 Araviscis
692 1429 725 1460 in
742 1429 947 1460 Germaniam
964 1430 1269 1470 commigraverint,
1288 1438 1390 1471 quum

62 1476 176 1509 eodem
195 1476 302 1507 adhuc
319 1485 469 1508 sermone
483 1501 491 1516 ‚
516 1476 675 1508 institutis
687 1501 696 1515 ,
717 1475 865 1507 moribus
884 1478 1030 1515 utantur,
1046 1477 1204 1508 incertum
1222 1480 1270 1508 est
1287 1489 1295 1509 :
1314 1477 1390 1517 quia

64 1525 132 1563 pari
152 1525 229 1555 olim
248 1524 357 1563 inopia
374 1532 412 1554 ac
435 1524 581 1555 libertate
601 1524 713 1555 eadem
731 1524 902 1564 utriusque
920 1524 999 1564 ripae
1022 1524 1105 1555 bona
1122 1525 1270 1565 malaque
1286 1526 1389 1556 erant.

63 1572 194 1603 Treveri
217 1574 249 1602 et
267 1571 375 1602 Nervii
392 1568 479 1602 circa
496 1571 736 1602 assectationem
756 1571 955 1602 Germanicae
974 1572 1111 1611 originis
1129 1572 1212 1602 ultro
1227 1571 1390 1603 ambitiosi

62 1621 158 1658 sunt,
176 1619 334 1658 tanquam
354 1626 409 1658 per
431 1618 514 1649 hanc
530 1618 665 1658 gloriam
685 1618 849 1655 sanguinis
866 1628 883 1648 a
900 1618 1113 1650 similitudine
1132 1622 1164 1650 et
1180 1619 1296 1650 inertia
1317 1618 1390 1650 Gal-

64 1666 168 1698 lorum
184 1669 382 1706 separentur.
408 1670 513 1706 Ipsam
538 1667 641 1697 Rheni
664 1666 767 1706 ripam
786 1666 870 1696 haud
895 1666 994 1697 dubie
1019 1668 1255 1698 Germanorum
1280 1667 1389 1706 populi

64 1714 191 1753 colunt,
207 1715 388 1752 vangiones
399 1736 408 1752 ,
429 1713 581 1752 Triboci,
597 1715 760 1745 Nemetes.
781 1722 820 1744 ue
837 1713 910 1745 Ubii
934 1713 1066 1754 quidem
1083 1738 1091 1753 ,
1116 1722 1301 1754 quanquam
1328 1717 1388 1745 Ro·

94 1837 185 1861 xxvi.
199 1842 219 1860 ι.
237 1837 277 1860 lta
289 1837 320 1860 ut
335 1836 417 1860 etiam
437 1841 579 1859 usurarum
593 1835 680 1858 foenus
698 1836 825 1864 agitetur,
839 1841 871 1859 ex
885 1835 950 1864 ipsis
962 1837 1050 1859 usuris
1066 1841 1154 1859 usurae
1167 1837 1310 1864 capiantur
1324 1837 1390 1861 sorti

63 1873 175 1903 adjectis
189 1878 195 1895 :
210 1873 255 1901 qui
270 1873 311 1896 est
324 1871 581 1895 anatocismus.-2.
593 1872 635 1893 Sc.
648 1870 812 1894 abstinentia
826 1870 942 1899 toenorts,
957 1871 1021 1898 sive,
1037 1876 1091 1894 non
1102 1871 1235 1894 foenerare
1247 1889 1253 1899 ‚
1272 1871 1344 1900 quod
1356 1877 1390 1895 ex

63 1909 195 1933 sententia
209 1908 292 1930 totius
305 1907 356 1930 loci
370 1906 560 1936 supplendum.
575 1907 610 1929 De
622 1905 725 1935 legibus
737 1907 810 1929 Rom.
823 1906 894 1929 conf.
905 1906 1012 1930 Annal.
1028 1906 1069 1933 Vl,
1086 1911 1120 1934 lc,
1133 1907 1160 1929 et
1171 1908 1260 1929 notr-
1270 1912 1291 1929 a.
1305 1906 1391 1929 Vicos

63 1943 199 1974 appellare
209 1944 319 1966 Tacitus
331 1942 437 1966 videtur
447 1947 513 1971 quas
526 1944 619 1971 ventes
631 1941 865 1971 coynationesque
878 1940 1025 1965 hominum
1038 1942 1086 1971 qui
1098 1947 1158 1965 mia
1168 1941 1291 1965 coierint
1301 1942 1391 1965 Caesar

63 1981 92 2004 B.
112 1980 185 2003 Gall.
204 1980 215 1999 Χ
227 1979 250 2006 ί,
268 1983 313 2005 22.
329 1978 392 2001 item
408 1978 441 2001 ‹lc
453 1978 547 2001 suevis
562 1978 602 2005 lv,
619 1983 644 2005 i,
664 1976 761 2006 quibus
784 1977 850 2000 locis
866 1978 959 2000 noster
978 1977 1053 2000 locus
1070 1978 1220 2006 exponitur.
1236 1977 1317 2000 Pauci
1332 1982 1389 1999 ina-

62 2021 165 2039 nuscrr.
180 2014 308 2038 unii-ersi
320 2020 349 2037 ιη
361 2014 497 2036 vices-4.
513 2014 596 2037 Anno
606 2013 669 2042 post
679 2013 738 2036 alio
750 2012 878 2036 transire
893 2013 1007 2041 coquat,
1022 2015 1171 2036 (asan—5.
1187 2013 1315 2035 Certant:
1333 2017 1389 2035 non

61 2052 89 2076 id
110 2052 193 2080 agunt
215 2051 244 2073 ut
265 2055 313 2078 per
335 2049 457 2072 laborem
475 2049 657 2078 (laboriosum
678 2048 797 2077 cultum)
814 2049 944 2077 superent
964 2047 1021 2076 agri
1041 2049 1166 2071 naturam
1187 2049 1214 2070 et
1236 2047 1388 2076 producere

62 2088 161 2117 cogant
175 2092 233 2115 quac
247 2091 300 2108 non
311 2087 407 2113 sponte
422 2085 474 2108 tert
486 2084 615 2114 pluraque
628 2090 708 2114 quain
722 2089 771 2112 pro
786 2083 927 2106 ambitu.—
937 2087 958 2106 c.
973 2082 1050 2112 Quod
1064 2083 1176 2112 Anglica
1188 2083 1278 2112 lingua
1292 2087 1388 2106 verum

63 2129 120 2149 esse
140 2122 251 2152 probat,
266 2127 318 2150 qua
333 2127 388 2149 ver,
408 2122 499 2147 aestas,
519 2120 604 2143 hiems
623 2120 785 2149 germanicis
807 2118 947 2143 vocabulis
966 2118 1096 2142 dicuntur
1116 2119 1233 2148 ειη-ἕης,
1251 2123 1387 2145 summer,

63 2161 174 2186 winter,
186 2158 348 2180 aucluuinus
361 2156 444 2180 latino
456 2158 588 2180 autumn.
610 2155 678 2179 Nam
689 2154 804 2179 harvest
814 2154 1008 2184 (germanicum
1019 2153 1120 2181 herbst,
1136 2154 1307 2180 auctumnus)
1324 2152 1387 2182 ipsis

62 2194 195 2225 significat
211 2199 334 2216 messem.

91 2229 196 2254 XXVll.
220 2233 237 2251 ι.
256 2228 423 2255 ostentatio,
443 2226 530 2256 qualis
551 2228 611 2250 erat
628 2227 656 2250 in
675 2228 856 2250 Romanorum
877 2225 1099 2250 tiineribus.—2.
1122 2224 1197 2249 Conf.
1221 2226 1331 2248 narrata
1353 2223 1387 2247 de

63 2268 181 2294 Poppaeae
194 2263 331 2291 obsequiis
345 2263 452 2287 Annal.
467 2263 535 2291 xw,
548 2267 570 2290 6,
583 2263 611 2286 et
624 2263 679 2286 not.
689 2274 716 2278 —
727 2267 748 2285 5.
761 2261 866 2286 similes
880 2261 948 2285 ritus
959 2261 1121 2291 Scytharum
1134 2259 1273 2289 (Herodot.
1286 2260 1327 2287 lv,
1337 2258 1387 2287 ⁷¹).

62 2299 197 2325 Gallorum
210 2299 306 2327 (Caesar
318 2299 362 2327 Vl,
380 2300 427 2326 ιθ).

91 2335 208 2359 xxvm.
225 2339 244 2357 i.
258 2334 326 2357 Bell.
343 2334 416 2358 Gall.
431 2335 471 2362 vl,
483 2339 511 2358 2⁴
525 2335 553 2358 et
566 2338 601 2357 εδ.
616 2333 748 2357 Summus
762 2334 925 2362 auctorum,
939 2333 1058 2362 scriptor
1071 2333 1099 2356 in
1111 2332 1163 2356 hac
1176 2337 1206 2355 re
1218 2337 1273 2361 prae
1283 2329 1383 2355 ceteris

61 2371 203 2395 eminentis
215 2369 392 2394 auctoritatis.
404 2374 462 2393 —2.
473 2370 518 2394 Sc.
537 2370 706 2394 occidentem
721 2375 822 2394 versus.
834 2374 893 2393 -·:..
907 2368 973 2392 Vide
987 2374 1009 2392 c.
1021 2373 1055 2391 η.
1069 2380 1096 2385 --
1109 2372 1132 2391 ⁴.
1152 2368 1189 2391 De
1203 2366 1301 2396 quibus
1312 2365 1383 2391 adde
