1539 2668
86 154 125 184 58
489 150 621 179 TACITI
642 150 850 179 ANNALIUM
872 149 945 180 LIB.
968 151 1011 180 11.

83 225 240 265 apertiore
253 223 417 263 custodia,
432 226 595 263 postremo
612 232 749 263 gnarum
765 223 964 256 necessitatis
979 223 1013 255 in
1022 223 1142 255 Urbem
1158 224 1297 256 traxere.
1309 232 1404 257 accu-

81 273 171 303 satus
196 271 231 302 in
245 272 357 302 senatu
372 270 412 302 ab
435 279 534 302 uxore
557 271 668 311 Cotyis
686 270 709 309 ¹,
724 271 892 302 damnatur
915 271 951 302 ut
963 270 1074 310 procul
1102 279 1200 310 regno
1225 272 1402 304 teneretur.

86 318 222 350 Thracia
233 318 268 349 in
283 318 534 349 Rhoemetalcem
547 317 648 348 filium
658 341 667 356 ,
685 326 780 357 quem
796 317 938 358 paternis
950 317 1093 349 consiliis
1107 317 1314 349 adversatum
1330 327 1405 350 con-

84 365 192 397 stabat
203 389 213 405 ,
228 365 325 406 inque
338 365 453 396 liberos
472 364 581 404 Cotyis
597 364 774 404 dividitur3
799 365 904 405 iisque
921 365 1066 396 nondum
1080 364 1199 396 adultis
1210 389 1218 404 ,
1235 365 1404 398 Trebellio-

83 422 145 444 nus
161 412 280 451 Rufus,
292 415 433 452 praetura
449 412 591 449 functus,
608 410 702 442 datur
715 411 770 451 qui
786 420 920 452 regnum
936 411 1065 443 interim
1079 413 1243 452 tractaret,
1256 413 1406 453 exemplo

84 469 148 501 quo
160 459 297 499 majores
310 463 352 490 M.
368 459 521 499 Lepidum
537 458 699 490 Ptolemaei
711 457 722 476 ²
738 459 848 491 liberis
858 460 999 491 tutorem
1012 459 1045 489 in
1058 460 1224 499 AEgyptum
1238 459 1404 492 miserant.

83 507 301 547 Rhescuporis
316 506 541 537 Alexandriam
566 506 737 545 devectus3
755 507 850 547 atque
871 506 935 538 illic
959 506 1068 546 fugam
1095 508 1245 546 tentans,
1267 515 1306 538 an
1331 506 1406 539 ficto

84 555 219 588 crimine
227 577 236 593 ,
251 553 454 586 interficitur.

125 605 262 634 LXVIII.
283 605 342 632 Per
356 599 443 630 idem
457 600 590 639 tempus
604 603 754 631 Vonones
766 623 776 640 ,
794 608 889 640 quem
905 601 1050 631 amotum
1075 599 1109 630 in
1130 598 1274 631 Ciliciam
1286 608 1405 631 memo-

83 650 153 681 ravi
166 650 190 689 ¹‚
210 646 369 687 corruptis
389 645 579 677 custodibus
604 646 745 686 effugere
765 646 806 678 ad
827 647 1016 685 Armenios,
1040 645 1116 677 inde
1138 646 1173 677 in
1189 646 1328 678 Albanos
1349 650 1407 678 He·

82 697 279 736 niocbosque
296 695 329 725 et
352 693 625 733 consanguineum
650 693 712 725 sibi
735 702 841 734 regem
855 693 1046 734 Scytharum
1068 693 1202 724 conatus
1214 694 1274 725 est.
1303 691 1409 733 specie

82 743 242 782 venandi,
262 740 390 773 omissis
414 740 586 772 maritimis
611 741 709 781 locis,
727 741 799 772 avia
823 741 964 772 saltuum
989 740 1102 780 petiit;
1125 748 1204 771 mox
1218 739 1410 780 pernicitate

84 792 158 831 equi
189 790 230 821 ad
256 797 384 820 amnem
411 791 587 827 Pyramum
615 788 806 827 contendit,
833 788 925 827 cujus
950 788 1065 828 pontes
1091 786 1210 818 accolae
1238 787 1408 827 ruperant,

84 838 196 869 audita
209 837 290 876 regis
306 835 382 874 fuga
397 844 405 865 :
427 843 531 874 neque
546 834 629 866 vado
645 834 806 875 penetrari
829 837 966 875 poterat.
985 834 1082 874 igitur
1094 834 1128 865 in
1151 835 1221 874 ripa
1233 833 1378 865 fluminis
1392 841 1411 864 a

83 885 179 915 vibio
190 885 363 921 Frontone,
374 880 526 921 praefecto
534 881 681 921 equitum
695 881 721 921 ²,
730 881 882 913 vincitur.
896 890 972 912 mox
983 881 1149 912 Remmius
1157 880 1342 921 evocatus³,
1351 880 1412 920 pri-

84 932 133 963 ori
151 930 307 963 custodiae
330 928 411 969 regis
425 928 609 969 appositus,
627 929 721 969 quasi
734 937 790 969 per
815 928 909 968 iram,
927 928 1029 968 gladio
1053 936 1128 959 eum
1142 928 1290 967 transigit
1307 927 1412 958 :unde

86 978 186 1018 major
205 978 285 1009 fides
306 975 505 1007 conscientia
529 975 659 1007 sceleris
689 976 722 1007 et
739 977 826 1007 metu
852 975 965 1006 indicii
982 977 1119 1007 mortem
1137 974 1262 1007 Vononi
1276 974 1411 1005 illatam.

126 1030 228 1058 LXIX.
254 1025 294 1056 At
311 1022 521 1055 Germanicus
537 1023 669 1063 AEgypto
691 1031 839 1054 remeans
853 1023 987 1061 cuncta,
1004 1031 1078 1063 quae
1092 1022 1178 1063 apud
1197 1021 1338 1061 legiones
1357 1023 1413 1052 aut

85 1073 182 1105 urbes
196 1072 352 1113 jusserat,
370 1070 490 1101 abolita
509 1069 561 1101 vel
578 1070 613 1101 in
634 1069 832 1101 contrarium
848 1078 941 1101 versa
962 1070 1138 1110 cognoscit.
1157 1069 1233 1101 hinc
1253 1076 1364 1108 graves
1379 1067 1413 1098 in

85 1123 233 1154 Pisonem
251 1117 472 1156 contumeliae3
497 1125 556 1148 nec
572 1117 681 1149 minus
696 1116 812 1148 acerba
823 1141 832 1156 ,
850 1125 924 1157 quae
948 1117 988 1148 ab
1006 1117 1060 1148 illo
1078 1116 1112 1147 in
1131 1120 1291 1148 Caesarem
1312 1115 1415 1145 tenta·

84 1169 215 1200 bantur.
238 1165 313 1197 dein
328 1164 402 1196 Piso
416 1163 511 1203 ¹abire
526 1164 617 1203 Syria
632 1164 756 1195 statuit.
782 1173 859 1194 mox
873 1163 1010 1194 adversa
1033 1162 1213 1195 Germanici
1229 1160 1415 1193 valetudine

87 1215 248 1253 detentus,
260 1212 316 1244 ubi
327 1214 506 1242 recreatum
516 1211 639 1251 accepit
656 1211 797 1250 votaque
812 1219 869 1250 pro
884 1210 1113 1241 incolumitate
1130 1209 1352 1247 solvebantur,
1364 1206 1414 1238 ad-

85 1265 190 1296 motas
201 1260 333 1298 hostias,
342 1257 552 1289 sacrificalem
565 1259 768 1298 apparatum,
780 1258 894 1289 festam
904 1257 1167 1288 Antiochensium
1177 1256 1304 1296 plebem
1310 1263 1368 1295 per
1379 1253 1418 1285 li-

85 1312 191 1343 ctores
201 1305 383 1348 proturbat.
395 1308 477 1335 Tum
489 1304 667 1336 Seleuciam
683 1304 872 1345 digreditur,
886 1304 1056 1344 opperiens
1071 1302 1295 1343 aegritudinem
1305 1302 1330 1342 ¹,
1341 1309 1415 1342 quae

85 1363 217 1388 rursum
234 1352 424 1386 Germanico
439 1351 612 1382 acciderat.
632 1359 753 1382 saevam
765 1350 832 1381 vim
846 1351 949 1381 morbi
968 1350 1104 1390 augebat
1116 1349 1283 1390 persuasio
1298 1348 1415 1380 veneni

87 1413 107 1436 a
119 1403 233 1436 Pisone
249 1399 389 1439 accepti‚;
404 1399 436 1428 et
452 1397 695 1438 reperiebantur
719 1398 787 1429 solo
803 1406 840 1428 ac
858 1397 1035 1437 parietibus
1050 1396 1061 1414 ²
1082 1399 1182 1428 erutae
1198 1396 1415 1427 humanorum

88 1456 260 1490 corporum
282 1444 427 1485 reliquiae
439 1467 448 1483 ‚
465 1444 611 1476 carmina
627 1448 659 1477 et
675 1445 863 1476 devotiones
882 1445 914 1476 et
927 1453 1045 1475 nomen
1059 1442 1239 1475 Germanici
1258 1441 1415 1482 plumbeis

86 1497 206 1531 tabulis
223 1493 421 1533 insculptum
435 1491 461 1531 ³,
482 1492 618 1523 semusti
638 1493 763 1524 cineres
785 1500 821 1523 ac
836 1491 909 1522 tabo
935 1491 1049 1531 obliti,
1072 1490 1198 1530 aliaque
1218 1488 1415 1529 maleficia⁴,

88 1546 161 1586 quis
184 1541 325 1574 creditur
341 1539 464 1571 animas
486 1539 679 1571 numinibus
706 1539 838 1570 infernis
858 1539 991 1570 sacrari.
1017 1538 1113 1570 simul
1136 1536 1229 1568 missi
1255 1545 1274 1568 a
1301 1536 1416 1568 Pisone

87 1590 320 1623 incusabantur
334 1588 370 1618 ut
390 1586 586 1618 valetudinis
601 1585 737 1617 adversa
751 1585 917 1617 rimantes.

131 1641 219 1669 LXX.
248 1639 290 1667 Ea
308 1633 496 1666 Germanico
510 1632 600 1664 haud
620 1632 729 1664 minus
752 1632 800 1664 ira
827 1641 925 1672 quam
950 1640 1007 1672 per
1033 1634 1158 1663 metum
1178 1630 1335 1670 accepta:
1355 1640 1372 1656 ι
1387 1628 1417 1659 si

92 1697 109 1715 «ε
126 1685 224 1715 limen
239 1681 452 1720 obsideretur,
475 1679 502 1711 si
517 1679 734 1711 effundendus
748 1679 882 1719 spiritus
898 1679 959 1710 sub
971 1679 1075 1710 oculis
1092 1677 1299 1709 inimicorum
1315 1676 1414 1714 foret,

92 1745 109 1761 ι(
125 1730 203 1771 quid
232 1728 349 1761 deinde
373 1727 561 1759 miserrimae
591 1727 738 1767 conjugi,
755 1726 833 1766 quid
859 1725 1038 1758 infantibus
1064 1725 1174 1756 liberis
1198 1723 1415 1756 eventurum?

90 1791 109 1807 «
126 1779 214 1810 lenta
230 1775 334 1808 videri
350 1774 522 1813 veneficia3
547 1773 700 1806 festinare
716 1775 749 1805 et
767 1781 879 1813 urgere
895 1773 903 1791 ¹
929 1774 967 1805 ut
982 1772 1184 1813 provinciam
1195 1794 1205 1811 ‚
1221 1771 1257 1802 ut
1276 1769 1416 1809 legiones

92 1838 108 1853 κ
126 1825 215 1857 solus
232 1822 359 1855 habeat.
386 1820 441 1853 sed
463 1829 529 1852 non
545 1829 649 1860 usque
663 1829 701 1851 eo
717 1820 878 1852 desectum
895 1819 1121 1851 Germanicum
1134 1842 1143 1858 ‚
1159 1825 1263 1858 neque
1282 1816 1416 1857 praemia

92 1884 110 1900 «ι
130 1871 230 1904 caedis
247 1869 333 1911 apud
356 1867 595 1900 interfectorem
612 1875 778 1898 mansura.
797 1879 814 1895 ι»
840 1866 1007 1907 componit
1023 1865 1176 1906 epistolas
1187 1887 1197 1904 ‚
1213 1863 1290 1905 quis
1302 1863 1417 1895 amici-

92 1921 179 1952 tiam
194 1920 224 1949 et
241 1916 479 1949 renuntiabat.
509 1914 634 1946 addunt
652 1914 796 1954 plerique
812 1911 945 1951 jussum
967 1914 1146 1953 provincia
1166 1910 1336 1944 decedere.
1357 1916 1417 1940 nec

92 1966 164 1998 Piso
182 1966 327 1996 moratus
344 1963 439 2000 ultra,
459 1969 558 1992 naves
575 1961 693 2000 solvit;
710 1959 1001 1999 moderabaturque
1014 1958 1142 1999 cursui,
1170 1966 1236 1998 quo
1258 1953 1413 1998 propius²

90 2012 324 2053 regrederetur,
342 2010 371 2041 si
387 2017 475 2040 mors
492 2007 672 2040 Germanici
686 2007 813 2048 Syriam
831 2006 1021 2047 aperuisset.

123 2106 226 2131 LXVII.
243 2110 264 2129 ι.
280 2104 347 2128 Filia
366 2103 467 2133 reginae
483 2103 563 2128 Ponti
584 2102 782 2133 Pythodoridis,
799 2102 834 2127 de
855 2106 910 2132 qua
930 2105 1025 2131 supra.
1041 2111 1071 2119 --
1083 2103 1107 2125 2.
1130 2096 1322 2128 Philopatoris.
1351 2096 1417 2120 vide

93 2139 398 2202 Julsagpziffitlffgpsg&
408 2177 471 2197 -2.
485 2173 535 2202 Qui
548 2172 597 2197 alae
610 2174 732 2203 equitum
748 2172 874 2203 praeerat.
884 2176 947 2196 -z.
972 2169 1092 2196 Evocat&
1105 2169 1171 2195 sunt
1189 2166 1324 2195 veter-ant,
1338 2165 1385 2196 qul
1401 2168 1420 2188 a

95 2210 265 2240 Principibus
275 2209 382 2232 invitati
390 2208 487 2238 sponte
497 2214 572 2231 arma
584 2208 767 2232 resumebant.

127 2246 217 2271 Lxlx.
231 2251 250 2269 i.
264 2245 397 2269 Eventum
418 2243 593 2272 aegritudinis.
604 2249 663 2268 —2.
690 2244 721 2268 ln
746 2242 806 2268 solo
822 2242 851 2267 et
868 2241 1018 2273 parietibus
1039 2241 1144 2270 domus,
1167 2239 1196 2264 in
1208 2244 1261 2269 qua
1276 2236 1419 2263 habitabat

96 2281 281 2308 Germanicus.
300 2279 401 2303 Erutae
421 2283 458 2301 sc.
478 2278 620 2307 sepulcris.
635 2291 664 2296 —
677 2284 698 2303 3.
721 2278 783 2303 Sive
802 2278 968 2309 insculpta:
985 2281 1049 2301 nam
1064 2274 1198 2300 carmina
1211 2275 1240 2299 et
1257 2273 1420 2298 devotiones

95 2322 204 2348 quoque
218 2314 491 2344 comprehenduntur.
505 2324 536 2330 —
549 2317 573 2337 4.
590 2313 769 2344 Maleflcium
782 2313 892 2344 proprie
909 2312 1008 2336 dicitur
1025 2311 1059 2337 de
1073 2310 1156 2336 rebus
1167 2308 1280 2339 magicis
1293 2309 1321 2333 et
1334 2312 1418 2331 vene-

97 2355 208 2413 ficffitx.
223 2391 244 2409 ι.
257 2385 299 2409 Sc.
312 2384 448 2408 Pisonem.
458 2396 487 2400 —
501 2387 523 2407 2.
536 2381 646 2407 Modum
666 2383 830 2413 imponebat,
842 2383 989 2408 tardiorem
1002 2379 1247 2410 cursuminsutu1t‚
1264 2380 1296 2407 ut
1308 2383 1340 2404 eo
1349 2379 1422 2407 ΡΝ·

88 2425 162 2456 pius,
176 2423 192 2446 i.
207 2427 232 2447 e.
243 2425 277 2445 ex
290 2417 761 2451 minore-'mtervallo‚reverteretur.
