1539 2668
506 156 556 183 DE
583 156 843 186 ORATORIBUS.
1273 160 1328 190 48!

21 231 158 264 oratoris
178 231 228 262 vis
243 231 275 262 et
295 228 444 264 facultas,
466 227 551 259 sicut
570 229 749 259 ceterarum
768 237 894 269 rerum,
913 231 1054 269 angustis
1066 232 1098 262 et
1111 231 1262 263 brevibus
1274 236 1336 264 ter-

22 279 116 311 minis
130 278 284 313 cluditur,
300 277 357 307 sed
369 276 395 307 is
408 278 456 307 est
470 279 590 314 orator,
611 275 665 315 qni
685 276 723 305 dv
737 277 823 306 omni
838 278 1017 316 quaestione
1030 278 1161 317 pulchre
1174 281 1205 310 et
1226 283 1336 313 ornate

21 329 52 357 et
67 325 105 356 ad
122 323 379 365 persuadendum
393 325 466 362 apte
480 322 604 361 dicere,
620 332 677 362 pro
693 322 848 362 dignitate
865 332 974 354 rerum
987 348 996 363 ,
1014 324 1052 355 ad
1069 325 1242 356 utilitatem
1256 330 1335 359 tem-

22 380 156 412 porum,
173 380 247 402 cum
264 370 429 410 voluptate
446 369 648 400 audientium
668 370 808 409 possit7.

64 421 169 449 XXXI.
186 421 276 449 «Hoc
291 417 352 448 sibi
370 417 415 448 illi
432 418 556 447 veteres
575 419 816 456 persuaserant.
832 416 870 447 ad
886 417 946 448 hoc
963 417 1168 448 efficiendum
1182 419 1339 461 intellige-

23 464 100 495 bant
117 473 198 504 opus
211 473 299 503 esse,
316 472 380 494 non
398 465 433 494 ut
448 464 481 494 in
495 463 660 494 rhetorum
677 464 796 494 scholis
809 464 1045 502 declamarent,
1062 474 1121 495 nec
1137 468 1169 496 ut
1186 466 1268 496 liciis
1281 477 1340 500 nec

25 511 90 542 ullo
117 511 214 543 modo
239 511 280 542 ad
305 512 475 542 veritatem
505 510 733 541 accedentibus
759 512 986 542 controversiis
1011 512 1148 551 linguam
1178 515 1275 545 medo
1308 519 1340 548 et

24 567 138 590 vocem
152 559 354 597 exercerent,
367 558 422 589 sed
438 561 474 588 ut
491 558 529 589 iis
545 558 669 589 artibus
684 560 795 598 pectus
811 559 1001 599 implerent,
1015 559 1047 589 in
1064 559 1182 598 quibus
1196 561 1236 591 de
1248 562 1342 594 bonis

26 614 63 636 ac
82 606 174 637 malis
186 630 196 646 ,
214 605 253 636 de
275 605 413 637 honesto
431 607 463 636 et
480 605 586 644 turpi,
607 605 647 635 de
661 606 748 645 justo
771 607 804 636 et
820 605 939 644 injusto
962 605 1142 645 disputatur
1158 608 1180 638 ¹.
1206 608 1274 640 ba’c
1294 613 1344 641 est

25 652 111 684 enim
127 652 246 684 oratori
262 652 408 691 subjecta
423 652 463 683 ad
480 652 653 683 dicendum
670 653 814 683 materia.
835 661 908 682 nam
928 652 960 682 in
974 652 1103 690 Judiciis
1117 653 1180 685 sere
1194 654 1232 685 de
1246 656 1344 695 aequi-

23 702 108 737 tate,
125 700 158 730 in
172 699 456 730 deliberationibus
477 699 516 729 de
536 699 702 730 honestate
722 699 927 738 disserimus,
951 699 996 730 ita
1015 702 1051 729 ut
1069 700 1259 741 plerumque
1275 703 1345 734 llaec

25 745 94 786 ipsa
108 746 245 777 invicem
261 747 456 777 misceantur
468 757 476 784 ;
489 746 527 777 de
541 746 660 787 quibus
674 746 802 785 copios-n
816 748 848 777 et
862 746 947 776 varie
962 747 993 776 et
1006 748 1116 776 ornate
1130 756 1225 779 nemo
1240 749 1345 782 dicere

27 795 152 834 potest,
179 794 240 824 nisi
267 794 321 833 qni
344 795 494 833 cognovit
516 797 663 824 naturam
688 794 862 824 humanam
885 796 916 823 et
940 793 1007 823 vim
1025 793 1182 824 virtutum
1208 797 1347 834 pravita-

27 843 158 879 temque
173 840 327 871 vitiorum
346 843 378 871 et
400 841 599 871 intellectum
617 849 728 871 eornm
743 865 750 879 ,
771 849 844 879 quae,
864 848 968 879 neque
993 840 1024 870 in
1045 840 1220 873 virtutibus
1242 853 1346 884 neque

27 886 61 916 in
76 886 163 918 vitiis
179 886 416 918 numerantur?
433 896 469 918 ex
484 888 533 918 bis
548 888 691 918 sontibus
707 888 803 918 etiam
820 887 873 917 illa
887 888 1061 927 profluunt,
1076 890 1110 917 ut
1128 888 1252 921 facilius
1266 891 1345 925 iram

27 932 145 972 judicis
159 934 209 965 vel
226 935 352 973 instiget
365 935 414 965 vel
430 935 526 966 leniat
538 934 592 974 qni
607 934 667 965 scit
683 934 760 973 quid
776 935 843 972 ira;
859 934 1040 973 promptius
1054 933 1092 963 ad
1108 935 1346 971 miserationem

30 981 172 1021 impellat
195 981 248 1021 qui
267 981 329 1012 scit
352 981 428 1020 qnid
455 982 496 1012 sit
517 981 740 1012 misericordia
762 983 794 1012 et
814 980 930 1020 quibus
953 981 1052 1011 animi
1077 982 1218 1013 motibus
1239 987 1348 1017 conci-

32 1030 130 1060 tetur.
153 1030 186 1059 in
211 1029 261 1059 liis
285 1028 409 1059 artibus
429 1028 780 1067 exercitationibusque
802 1030 950 1058 wrsatns
971 1030 1088 1065 orator,
1112 1028 1180 1058 six-0
1199 1032 1281 1070 apud
1299 1033 1349 1063 in„

32 1077 131 1108 festos
147 1077 214 1106 sive
231 1075 314 1115 apud
333 1074 469 1115 cupidos
485 1075 552 1105 sive
570 1075 655 1115 apud
675 1075 856 1105 invidentes
872 1074 940 1105 sive
954 1075 1037 1114 apud
1056 1075 1163 1106 tristes
1179 1077 1246 1108 sive
1264 1080 1351 1119 apud

31 1124 184 1156 timentes
198 1122 370 1154 dicendum
385 1121 541 1155 babuerit,
560 1122 682 1153 tenebit
700 1131 797 1153 venas
815 1122 1014 1161 animorum,
1033 1125 1064 1152 et
1082 1125 1175 1162 prout
1193 1126 1350 1166 cnjiisqne

32 1172 148 1202 natura
164 1169 377 1209 postulaverit
391 1194 399 1208 ‚
417 1169 583 1200 adhibebit
604 1178 736 1200 manum
757 1172 788 1200 et
806 1168 997 1209 temperabit
1020 1169 1216 1209 orationem,
1239 1175 1351 1211 parato

32 1218 120 1250 omni
135 1217 351 1247 instrumento
365 1219 395 1247 et
408 1215 446 1247 ad
462 1225 590 1246 omnem
604 1225 698 1247 nsum
715 1215 863 1256 reposito.
880 1217 953 1245 sunt
968 1215 1050 1255 apud
1066 1225 1146 1255 qnos
1161 1217 1350 1250 adstrictum

33 1267 66 1296 et
81 1264 251 1295 collectum
268 1266 299 1294 et
314 1263 439 1302 singula
460 1263 568 1293 statim
591 1265 778 1301 argumenta
799 1262 994 1292 concludens
1014 1262 1141 1293 dicendi
1165 1272 1265 1302 genus
1281 1266 1353 1306 plus

34 1312 107 1343 fidei
126 1312 269 1341 meretur
285 1319 292 1339 ε
307 1310 393 1349 apud
406 1311 463 1340 hos
477 1310 603 1341 dedisse
618 1319 747 1349 operam
765 1309 940 1340 dialectica*
961 1309 1115 1348 proficiet.
1136 1310 1214 1341 alios
1236 1313 1302 1342 l'nsa
1323 1316 1354 1343 et

35 1358 170 1399 aequalis
188 1360 219 1388 et
236 1366 277 1388 ex
296 1358 525 1389 communibus
542 1357 639 1388 ducta
659 1357 806 1388 sensibus
824 1357 926 1386 oratio
944 1356 1045 1395 inagis
1064 1357 1201 1388 delectat.
1216 1367 1223 1387 z
1239 1359 1279 1389 ad
1297 1359 1354 1390 hos

34 1404 269 1446 permovendos
281 1404 482 1435 mutuabitur
496 1414 513 1435 a
529 1404 746 1443 Peripateticis
759 1407 849 1443 aptos
864 1405 895 1434 et
909 1402 940 1433 in
959 1412 1087 1433 omnem
1102 1403 1354 1443 disputationem

36 1451 235 1492 paratosJam
246 1451 332 1481 locos
343 1451 366 1481 ³.
386 1451 509 1483 dabunt
527 1451 705 1483 Academici
720 1452 728 1468 ⁴
741 1450 992 1490 pugnacitatem,
1007 1451 1097 1481 Plato
1113 1451 1315 1483 altitudinem
1328 1454 1353 1492 ⁵,

35 1498 212 1538 Xenophon
227 1498 463 1537 jucunditatem
477 1508 537 1530 :ne
551 1499 676 1539 Epicuri
694 1498 824 1538 quidem
840 1500 871 1529 et
884 1497 1057 1528 Metrodori
1071 1498 1082 1515 ⁶
1099 1498 1250 1530 honestas
1265 1509 1356 1539 quas-

36 1547 109 1578 dam
127 1545 378 1576 exclamationes
393 1545 401 1563 7
421 1555 584 1577 assumere
597 1570 605 1585 ,
621 1546 725 1585 iisque
736 1570 743 1584 ‚
763 1547 859 1584 prout
876 1553 924 1575 res
940 1545 1059 1584 poscit,
1078 1546 1124 1575 nti
1139 1546 1279 1576 alienum
1295 1547 1357 1578 erit

37 1594 169 1625 oratori.
183 1601 287 1632 neque
299 1593 577 1633 enimvsapientem
592 1593 805 1623 informamus
819 1600 876 1622 nec
891 1592 1034 1621 Stoicoru
1041 1601 1070 1622 m
1085 1592 1248 1623 cix-itatem
1260 1594 1286 1632 ⁸,
1300 1593 1356 1624 sed

37 1649 130 1679 eum,
158 1640 212 1680 qui
238 1639 394 1679 quasdam
419 1643 502 1670 artes
528 1639 674 1677 haurire,
697 1647 809 1669 omnes
833 1639 932 1668 libare
956 1638 1062 1669 debet.
1080 1639 1216 1678 ideoque
1233 1641 1263 1670 et
1276 1640 1357 1678 juris

37 1687 141 1718 civilis
157 1686 323 1717 scientiam
339 1688 465 1718 veteres
479 1689 622 1717 oratores
639 1685 964 1726 comprebemlebant,
981 1687 1012 1716 et
1030 1686 1275 1725 g1·animatiee⁹‚
1290 1695 1357 1717 mu—

37 1734 121 1772 sice,
139 1733 329 1772 geometrice
342 1733 584 1764 imbuebantur.
602 1733 753 1765 incidunt
768 1732 853 1763 enim
870 1740 993 1769 causae,
1012 1732 1160 1771 plurimae
1176 1732 1306 1772 quidem
1322 1742 1359 1764 ac

37 1789 120 1822 pene
135 1788 264 1818 omneS,
283 1780 399 1820 quibus
413 1780 495 1819 juris
511 1780 628 1811 notitia
645 1780 860 1818 desideratur,
875 1780 1036 1819 pleraeque
1054 1782 1163 1810 autem
1184 1780 1216 1810 in
1239 1780 1359 1819 quibus

37 1827 108 1860 haec
123 1835 252 1868 quoque
272 1827 404 1858 scientia
420 1826 605 1867 requiritur.

78 1877 200 1906 XXXII·
220 1886 235 1901 α
257 1877 323 1905 Nec
346 1874 519 1913 quisquam
537 1873 728 1913 respondeat
746 1872 895 1903 sufficere
907 1897 915 1912 ,
936 1873 973 1903 ut
991 1871 1030 1902 ad
1047 1873 1196 1912 tempus·
1220 1873 1360 1913 simplex

38 1996 171 2026 tosopniae,
188 1989 388 2030 Qvactxfiv,*⁷.
403 1993 479 2017 Cont.
493 1993 586 2017 dehac
599 1993 716 2017 oratoris
727 1992 840 2021 perlecti
851 1991 1007 2015 definitione
1018 1993 1072 2016 Cic.
1086 1992 1120 2016 de
1136 1993 1218 2016 Orat.
1234 1993 1252 2019 l,
1271 1997 1295 2016 e.

67 2031 163 2057 xxm.
180 2036 199 2053 ι.
213 2030 275 2059 Quae
289 2031 329 2052 est
341 2028 590 2058 philosophia—2.
605 2028 655 2052 Eas
668 2034 712 2051 res
726 2029 819 2053 Cicero
834 2028 963 2050 tractavit
975 2027 1002 2050 in
1016 2027 1090 2050 libris
1105 2027 1138 2050 de
1155 2027 1275 2056 Officiis.
1289 2027 1360 2055 Idem

41 2069 72 2094 de
88 2067 169 2090 Orat.
184 2064 210 2092 1,
227 2070 253 2088 ¹2
268 2071 274 2088 ε
291 2074 305 2084 «
317 2064 372 2089 Nisi
385 2064 431 2092 qut
449 2064 560 2087 naturas
579 2063 717 2087 hominum
739 2063 847 2091 vimque
865 2068 971 2085 omnem
995 2062 1187 2090 lninianttati5‚
1211 2068 1362 2091 causasque

41 2109 85 2129 eas
101 2100 199 2132 quibus
212 2101 316 2123 mentes
329 2100 376 2122 aut
389 2099 536 2122 incitantur
550 2100 597 2122 aut
613 2099 803 2125 reflectuntur,
824 2097 930 2126 penitus
945 2099 1127 2127 perspexerit,
1151 2098 1266 2121 dicendo
1289 2097 1360 2126 qnod

38 2139 114 2164 volet
128 2135 260 2167 perficere
272 2140 328 2158 non
340 2135 518 2164 poterit-n—a.
533 2134 599 2158 Vide
613 2134 667 2158 Cic.
687 2134 768 2157 Orat.
784 2139 809 2156 c.
823 2138 856 2161 Η,
872 2131 929 2163 346,
946 2134 973 2156 et
987 2138 1046 2161 qnae
1059 2133 1086 2155 in
1102 2132 1271 2161 Topicorum
1286 2132 1363 2156 libris

38 2172 162 2205 pluribus
173 2171 391 2199 exsequitur.—⁴.
404 2178 420 2190 «
429 2169 529 2198 Quibus
540 2175 597 2193 mos
611 2169 713 2199 patrius
723 2169 860 2193 adversari
870 2173 976 2196 semper
988 2167 1112 2191 omnibus
1125 2168 1152 2190 in
1167 2168 1339 2196 disputando,
1348 2176 1362 2187 a

40 2210 93 2234 Cic.
110 2208 144 2232 de
159 2206 238 2231 Orat.
254 2205 273 2233 l,
290 2210 325 2233 ¹3,
340 2204 354 2234 5
367 2204 732 2228 8⁴.—5.Sub1imitatemi—s.
748 2203 834 2228 Amici
847 2203 955 2232 Epicuri
971 2204 999 2225 et
1011 2203 1204 2231 Epicureorum
1219 2202 1359 2231 principis.

41 2249 95 2268 —⁷.
120 2243 184 2272 Quae
199 2236 264 2276 ἱερὰ
278 2235 560 2277 ἀνακραυγάσματα
575 2240 758 2267 vocabantur,
773 2238 853 2268 quale
867 2239 908 2261 est
923 2237 988 2261 illud
1010 2243 1052 2267 ap-
1073 2238 1126 2261 Cic,
1140 2238 1174 2260 de
1190 2237 1308 2261 Finibus
1322 2237 1359 2264 11,

42 2284 88 2305 ςτι
101 2286 115 2298 «ι
130 2277 173 2301 Ait
185 2281 222 2304 se,
238 2277 262 2299 si
274 2277 377 2303 uratur,
390 2282 477 2306 quam
489 2281 575 2299 suave
588 2275 648 2303 hoc,
662 2276 798 2299 dicturum
803 2292 849 2298 .....
866 2274 1026 2297 Fortunam
1039 2274 1172 2303 exiyuam
1186 2273 1361 2297 intervenire

41 2311 174 2344 sapienti.
184 2319 198 2332 ιι
211 2323 240 2329 --
253 2317 274 2335 a.
288 2311 399 2341 Qualem
418 2311 500 2336 Stoici
515 2311 733 2340 fingebant—9.
752 2311 807 2333 Hoc
827 2310 868 2333 est
882 2314 949 2339 quas
965 2308 1045 2332 hodie
1058 2313 1187 2332 vocamus
1210 2308 1248 2332 les
1265 2307 1362 2332 belles-

44 2351 150 2375 lettres.

71 2382 184 2408 xxxtl.
197 2387 221 2406 ι.
231 2381 266 2406 tit
278 2383 384 2407 Annal.
398 2383 456 2407 lntt.
469 2390 476 2407 2
490 2382 650 2406 Dictaturoe
664 2383 702 2406 ad
717 2385 824 2411 tempus
838 2379 1034 2407 sumebantur,
1048 2378 1095 2403 ubl
1107 2384 1132 2402 v.
1143 2380 1199 2402 not⁴

1178 2431 1197 2452 2
1207 2429 1221 2450 1
