1539 2668
535 177 633 206 A.''U.
656 177 691 206 C.
717 178 789 207 822.
813 179 849 207 A.
874 179 909 209 C.
934 181 985 210 69.
1365 186 1422 215 355

99 250 296 283 Britanniam
317 251 448 283 inclitus
467 260 541 292 erga
559 251 793 291 Vespasianum
816 253 919 295 favor,
944 255 1032 296 quod
1049 255 1115 288 illic
1136 258 1287 291 secundae
1307 260 1424 300 legioni

97 304 117 327 a
137 298 271 329 Claudio
284 299 476 339 praepositus
493 300 525 330 et
543 297 628 330 bello
652 298 757 330 clarus
773 302 899 340 egerat,
919 311 984 334 non
1007 302 1076 335 sine
1094 305 1186 335 motu
1208 305 1357 345 adjunxit
1375 317 1423 339 ce-

96 344 237 375 terarum
251 370 260 385 ‚
283 345 315 376 in
341 345 460 386 quibus
484 344 630 386 plerique
651 348 859 379 centuriones
881 356 920 380 ac
942 350 1062 382 milites
1084 359 1103 382 a
1124 351 1254 383 Vitellio
1279 355 1423 393 provecti

95 393 266 431 expertum
278 392 343 432 J'am
361 392 542 433 Principem
560 392 648 424 anxii
666 393 849 426 mutabant.

135 441 224 470 XLV.
249 443 292 470 Ea
310 439 473 471 discordia
493 442 526 471 ct
545 439 665 471 crebris
684 440 758 472 belli
779 441 883 473 civilis
906 443 1090 476 rumoribus
1101 444 1247 477 Britanni
1263 448 1423 480 sustulere

94 485 220 518 animos
231 511 240 524 ‚
256 488 388 518 auctore
400 486 560 527 Venutio,
579 487 636 527 qui
656 497 752 528 super
774 488 903 520 insitam
919 490 1071 522 ferociam
1084 493 1116 524 et
1129 493 1266 524 Romani
1283 495 1424 528 nominis

93 531 202 563 odium
226 533 363 573 propriis
379 533 412 564 in
438 534 701 566 Cartimanduam
722 535 864 575 reginam
888 536 1028 569 stimulis
1048 539 1296 572 accendebatur.
1323 542 1422 574 Carti-

92 580 233 611 mandua
246 579 449 620 Brigantibus
467 581 685 621 imperitabat,
699 583 822 624 pollens
836 583 1021 623 nobilitate3
1036 587 1068 616 et
1083 589 1219 619 auxerat
1231 589 1422 628 potentiam,

90 629 263 666 postquam
277 629 371 667 capto
386 637 441 669 per
455 629 565 660 dolum
578 639 652 670 rege
666 632 840 661 Caractaco
855 630 1047 663 instruxisse
1060 632 1067 649 ¹
1085 632 1285 673 triumphum
1299 636 1422 667 Claudii

91 674 226 705 Caesaris
243 675 426 707 videbatur.
446 676 522 708 inde
538 686 616 718 opes
633 680 665 708 et
679 686 786 708 rerum
803 678 1019 709 secundarum
1032 679 1141 713 luxus.
1158 683 1266 721 spreto
1282 682 1422 714 Venutio

86 719 130 761 (is
147 720 208 753 fuit
226 723 374 762 maritus)
389 723 586 764 armigerum
603 725 671 764 ejus
685 725 887 756 Vellocatum
910 725 943 756 in
960 726 1205 759 matrimonium
1222 738 1422 770 regnumque

90 769 227 808 accepit.
250 778 406 801 concussa
424 772 534 802 statim
552 771 673 811 flagitio
690 771 816 803 domus.
838 781 894 812 pro
912 773 1028 804 marito
1052 773 1162 805 studia
1183 775 1324 807 civitatis
1336 801 1344 815 ,
1364 785 1422 817 pro

89 815 236 847 adultero
260 816 360 847 libido
383 818 501 857 reginae
523 819 555 849 et
578 818 714 850 saevitia.
738 819 837 858 igitur
850 820 1009 850 Venutius
1027 820 1139 852 accitis
1156 822 1285 854 auxiliis
1300 847 1309 863 ‚
1325 824 1423 855 simul

85 860 234 902 ¹ips-orum
253 864 439 903 Brigantum
462 865 641 896 desectione
655 890 664 904 ‚
695 866 728 896 in
753 868 938 897 extremum
963 866 1137 898 discrimen
1158 869 1422 903 Cartimanduam

88 908 235 941 adduxit.
258 912 330 942 tum
351 911 451 951 petita
469 921 488 944 a
503 913 656 944 Romanis
673 912 834 952 praesidia.
853 916 885 943 et
901 913 1051 945 cohortes
1069 914 1191 954 alaeque
1210 919 1349 956 nostrae,
1369 928 1423 950 va-

88 955 146 987 riis
166 958 304 998 proeliiS,
322 968 469 991 exemere
488 961 598 991 tamen
621 959 763 1000 periculo
784 960 938 1000 reginam.
964 969 1099 1001 regnum
1116 963 1256 994 Venutio
1269 987 1279 1003 ,
1301 963 1422 998 bellum

88 1003 185 1036 nobis
204 1005 365 1037 relictum.

130 1055 236 1083 XLVI.
256 1054 397 1084 Turbata
419 1062 476 1093 per
498 1053 629 1085 eosdem
643 1053 714 1085 dies
728 1053 896 1085 Germania
910 1056 942 1085 et
955 1054 1101 1086 socordia
1115 1054 1248 1095 ducum,
1263 1058 1422 1092 seditione

89 1099 273 1139 legionum,
295 1104 428 1131 externa
447 1100 481 1131 vi
506 1103 539 1132 et
561 1101 699 1141 perfidia
720 1101 832 1132 sociali
858 1110 958 1141 prope
984 1101 1103 1132 afflicta
1131 1106 1275 1135 Romana
1298 1114 1359 1138 res.
1387 1106 1419 1138 id

90 1145 210 1177 bellum
225 1156 300 1178 cum
316 1147 422 1178 causis
436 1150 469 1178 et
485 1147 656 1179 eventibus
674 1148 813 1188 (etenim
826 1147 955 1187 longius
972 1150 1165 1188 provectum
1179 1150 1247 1190 est)
1262 1160 1337 1183 mox
1351 1162 1420 1186 me-

90 1193 290 1225 morabimus
305 1192 329 1225 ¹.
346 1196 434 1225 mota
457 1197 489 1225 et
510 1198 670 1226 Dacorum
691 1204 770 1235 gens
792 1204 958 1235 nunquam
976 1195 1038 1226 fida
1051 1220 1059 1234 ‚
1075 1196 1154 1227 tunc
1174 1197 1244 1229 sine
1262 1202 1350 1231 metu
1368 1202 1420 1234 ab.

90 1240 188 1272 ducto
210 1251 227 1272 e
252 1241 362 1272 Moesia
387 1242 541 1273 exercitu.
571 1242 627 1273 sed
659 1243 763 1282 prima
790 1251 897 1273 rerum
923 1242 1024 1282 quieti
1049 1243 1302 1282 speculabantur
1329 1257 1336 1277 ;
1364 1248 1420 1280 uhi

89 1288 225 1328 flagrare
248 1289 373 1320 Italiam
401 1288 483 1320 bello
495 1313 504 1328 ,
539 1290 655 1320 cuncta
689 1289 833 1320 invicem
871 1289 1001 1320 hostilia
1025 1298 1177 1329 accepere
1189 1315 1197 1330 ,
1228 1295 1419 1333 expugnatis

90 1336 274 1367 cohortium
296 1336 484 1375 alarumque
500 1335 644 1367 hibernis
661 1337 799 1375 utraque
815 1335 952 1366 Danubii
971 1336 1038 1375 ripa
1056 1337 1271 1375 poliebantur.
1288 1340 1419 1381 jamque

89 1384 195 1414 castra
212 1383 375 1422 legionum
390 1383 574 1414 exscindere
589 1382 760 1423 parabant,
778 1383 809 1413 ni
825 1383 993 1414 Mucianus
1007 1385 1131 1414 sextam
1148 1384 1307 1424 legionem
1321 1397 1419 1429 oppo-

87 1429 221 1468 suisset,
236 1430 461 1461 Cremonensis
477 1429 623 1461 victoriae
643 1438 764 1469 gnarus
777 1453 785 1469 ‚
809 1438 848 1460 ac
864 1438 903 1461 ne
925 1432 1058 1461 externa
1070 1431 1172 1461 moles
1189 1433 1353 1474 utrimque
1371 1435 1416 1467 in-

87 1478 235 1518 grueret,
251 1478 277 1508 si
302 1482 406 1508 Dacus
425 1481 669 1517 Germanusque
691 1476 810 1508 diversi
833 1476 1036 1517 irrupissent.
1055 1477 1149 1508 attuit
1175 1480 1211 1509 ut
1235 1488 1320 1520 saepe
1339 1482 1417 1515 alias

87 1524 219 1555 fortuna
235 1525 347 1565 populi
366 1525 521 1564 Romani,
539 1533 613 1564 quae
635 1524 822 1555 Mucianum
842 1524 993 1564 viresque
1013 1524 1156 1555 Orientis
1173 1525 1251 1557 illuc
1268 1528 1343 1559 tulit
1360 1541 1366 1557 :
1384 1532 1417 1563 et

87 1571 174 1612 quod
189 1576 356 1604 Cremonae
370 1572 498 1603 interim
516 1571 731 1611 transegimus
748 1570 772 1602 ².
789 1571 940 1602 Fonteius
956 1571 1096 1612 Agrippa
1113 1581 1153 1602 ex
1171 1573 1244 1604 Asia
1261 1575 1327 1614 (pro
1342 1585 1414 1608 con-

86 1618 159 1650 sule
171 1627 240 1650 eam
255 1620 456 1660 provinciam
471 1629 581 1650 annuo
599 1619 737 1659 imperio
750 1620 913 1657 tenuerat)
930 1618 1048 1650 Moesiae
1064 1620 1259 1659 praepositus
1276 1624 1416 1661 est,.ad-

86 1665 163 1698 ditis
179 1666 280 1706 copiis
301 1675 317 1697 e
336 1667 507 1698 Vitelliano
526 1666 672 1698 exercitu
685 1691 693 1706 ‚
712 1675 811 1706 quem
827 1665 934 1706 spargi
950 1674 1006 1706 per
1022 1666 1212 1707 provincias
1232 1669 1263 1699 et
1280 1672 1415 1702 extenuo

86 1712 173 1744 hello
190 1713 305 1752 illigari
321 1723 394 1753 pars
408 1714 532 1745 consilii
550 1714 704 1754 pacisque
721 1714 802 1745 erat.

110 1788 113 1791 ,
128 1763 247 1791 XLVII.
267 1764 332 1791 Nec
345 1763 462 1792 ceterae
474 1760 620 1792 nationes
636 1761 783 1792 silebant.
800 1760 906 1792 subita
920 1769 976 1801 per
988 1763 1127 1791 Pontum
1141 1770 1229 1793 arma
1241 1762 1414 1797 barbarum

82 1807 287 1847 ¹mancipium
301 1832 308 1846 ,
327 1807 424 1847 regiae
434 1807 606 1847 quondam
625 1808 736 1839 classis
757 1808 948 1848 preelectus,
964 1810 1120 1839 moverat.
1138 1808 1164 1839 is
1183 1808 1244 1840 suit
1260 1810 1414 1844 Anicetus

86 1853 291 1885 Polemonis¹
320 1854 477 1893 libertus,
496 1857 679 1895 praepotens
699 1854 794 1893 olim,
817 1856 850 1886 et
873 1855 1044 1894 postquam
1068 1863 1201 1893 regnum
1219 1855 1254 1886 in
1268 1857 1413 1891 sormam

70 1901 266 1942 sprovinciae
281 1901 464 1941 verterat2,
480 1901 675 1933 mutationis
692 1901 877 1941 impatiens.
900 1900 998 1940 igitur
1013 1900 1133 1932 vitellii
1152 1902 1286 1935 nomine
1304 1904 1414 1938 ascitis

80 1949 238 1989 'gentibus
251 1958 324 1989 quae
342 1950 482 1980 Pontum
495 1948 665 1988 accolunt,
680 1950 833 1988 corrupto
850 1948 885 1979 in
899 1956 992 1988 spem
1005 1947 1194 1988 rapinarum
1207 1950 1412 1988 egentissimo

88 2005 220 2037 quoque
233 2021 241 2036 ‚
259 1996 346 2028 baud
363 1996 547 2028 temnendae
562 2005 680 2028 manus
694 1995 810 2027 ductor
821 2019 829 2035 ,
846 1997 1078 2036 Trapezuntem
1090 2019 1098 2034 ‚
1115 1997 1245 2027 vetusta
1259 1996 1344 2029 fama
1365 1999 1412 2030 ci-

87 2043 221 2076 vitatem
234 2068 243 2083 ,
269 2052 288 2075 a
303 2044 421 2076 Graecis
435 2044 469 2076 in
487 2045 633 2076 extremo
650 2043 790 2075 Ponticae
803 2042 814 2061 ³
839 2052 905 2074 orae
928 2041 1094 2074 conditam
1106 2065 1116 2082 ,
1132 2043 1261 2075 subitus
1282 2043 1410 2085 irrupit.

87 2098 172 2123 caesa
188 2090 230 2122 ibi
253 2090 393 2131 cohors,
410 2090 535 2131 regium
559 2089 719 2122 auxilium
748 2089 824 2121 olim
837 2100 846 2129 ;
874 2098 950 2121 mox
973 2089 1084 2120 donati
1112 2090 1243 2122 civitate
1267 2094 1412 2124 Romana

78 2137 180 2178 'signa
196 2146 351 2178 armaque
373 2138 409 2169 in
430 2139 580 2170 nostrum
606 2137 742 2169 modum
755 2161 763 2177 ,
787 2136 945 2168 desidiam
970 2136 1202 2177 licentiamque
1226 2141 1411 2170 Graecorum

87 2185 284 2217 retinebant.
306 2185 408 2217 classi
431 2194 561 2226 quoque
580 2184 589 2203 ⁴
608 2185 695 2216 faces
709 2184 836 2224 intulit,
848 2192 953 2216 vacuo
964 2183 1054 2216 ‚mari
1070 2183 1210 2216 eludens
1226 2184 1249 2219 ⁵,
1271 2185 1348 2225 quia
1363 2185 1411 2217 le·

118 2272 195 2296 XLV.
212 2277 234 2296 ¹.
244 2271 372 2297 Ornasse.
383 2273 422 2297 De
436 2278 469 2297 ea
481 2278 512 2297 re
524 2278 548 2297 v.
559 2272 659 2302 Ayric.
677 2277 702 2296 c.
715 2276 750 2300 iz,
763 2271 878 2295 Sueton-
897 2270 1001 2296 Claud.
1015 2275 1090 2296 απ.

99 2307 211 2331 ..XLVL
224 2312 249 2331 ι.
264 2307 337 2332 Intra
353 2309 396 2337 lv,
407 2312 581 2338 ἀκρῳ-φα.
597 2308 664 2332 Rem
678 2306 858 2331 conieoimus.

103 2342 219 2367 ‘XLVIL
235 2348 256 2367 ι.
280 2343 377 2368 Ultimi,
387 2343 566 2374 oeegisPonti,
578 2343 626 2373 qui
641 2349 665 2367 a.
682 2348 711 2372 p.
727 2342 792 2367 Chr.
805 2346 965 2372 ‹rs-regnum
989 2347 1070 2366 suum
1082 2341 1211 2365 cesserat.
1225 2340 1368 2370 Romanis,
1381 2347 1407 2366 v.

88 2379 200 2403 sueton.
211 2377 280 2402 Ner.
295 2383 318 2402 c.
339 2383 426 2402 ιιι-2.
444 2378 683 2403 mummium-⁵.
699 2378 779 2402 Ponti
791 2377 878 2407 regni,
891 2382 946 2401 non
962 2377 1045 2401 maris
1059 2376 1223 2401 Effluit—⁴.
1246 2375 1367 2400 Navibus
1379 2376 1408 2401 ln

49 2415 172 2444 ...portu
187 2413 374 2444 Trapezuntio
386 2413 790 2443 zemma-mucianqcequo
804 2411 877 2437 conf.
890 2412 1034 2442 11,.nz.-s.
1057 2413 1205 2441 progressu
1217 2410 1247 2435 in
1263 2416 1351 2440 mare,
1361 2409 1408 2436 ubl
