1539 2668
108 206 169 256 4'3'21
560 219 595 248 c.
620 219 804 247 com-em
825 219 958 249 mem

105 293 266 329 Biitannis
295 289 489 323 fortissimos
513 288 546 320 et
569 287 664 327 longa
688 295 768 327 pace
794 289 981 328 exploratos
1002 288 1195 327 addiderat,
1221 287 1263 319 ad
1286 288 1446 319 montem-

104 340 293 381 crampium
309 337 456 379 pervenit
469 361 477 376 ‚
492 344 589 376 quem
601 335 665 374 jam
684 334 785 366 hostis
800 334 970 367 insederat.
988 344 1063 367 nam
1078 336 1231 374 Britanni,
1246 334 1326 366 nihil
1341 333 1431 365 fracti

103 397 221 432 pugnae
237 385 352 427 prioris
368 385 504 422 eventu,
519 385 551 414 et
562 382 719 413 ultionem
733 384 790 413 aut
803 383 969 414 servitium
982 384 1219 423 exspectantes,
1234 382 1430 421 tandemque

103 437 212 475 docti,
229 440 402 466 commune
419 430 598 471 periculum
616 429 787 460 concordia
803 431 1057 470 propulsandum
1071 455 1079 470 ,
1097 430 1309 470 legationibus
1326 431 1358 460 et
1375 429 1431 459 foe-

103 484 236 517 deribus
252 481 398 513 omnium
412 477 583 508 civitatum
598 476 683 508 vires
700 477 900 508 exciverunt.
918 478 1050 518 jamque
1069 487 1167 517 super
1182 477 1313 517 triginta
1332 475 1433 507 millia

102 533 303 564 armatorum
329 523 587 566 adspiciebantur
598 548 606 563 ,
623 526 655 555 et
671 524 777 555 adhuc
792 524 946 556 affluebat
971 525 1078 556 omnis
1091 526 1246 566 juventus
1268 526 1300 555 et
1316 523 1435 564 quibus

102 577 203 611 cruda
226 585 263 607 ac
282 573 394 604 viridis
413 569 600 610 senectus²‚
617 571 694 602 clari
710 571 795 603 bello
811 580 849 602 ac
869 581 928 603 sua
945 573 1084 612 quisque
1103 573 1220 604 decora
1240 572 1403 611 gestantes
1425 581 1432 602 z

101 635 204 668 quum
224 624 307 655 inter
322 622 430 661 plures
446 619 545 650 duces
567 619 690 650 virtute
709 620 742 650 et
758 628 871 659 genere
893 622 1072 660 praestans,
1091 621 1224 652 nomine
1241 620 1395 659 Calgacus
1407 619 1434 654 ὅ,

100 673 187 714 apud
210 671 410 701 contractam
430 666 675 698 multitudinem
695 667 844 706 prffllium
864 668 1053 707 poscentem
1075 668 1108 698 in
1129 668 1216 699 hunc
1234 667 1367 698 modum
1389 667 1434 698 lo-

103 723 200 752 cutus
221 719 322 748 fertur
342 725 349 745 ε

143 769 234 798 xxx.
263 776 277 789 ι(
292 761 428 802 Quoties
451 768 564 791 causas
587 759 660 790 belli
682 761 714 791 et
735 760 960 792 necessitatem
981 762 1125 792 nostram
1142 761 1282 798 intueor,
1298 768 1436 799 magnus

103 827 123 843 α
139 811 220 844 mihi
234 810 363 841 animus
376 810 436 845 est,
454 807 648 838 hodiernum
663 806 750 838 diem
767 816 1025 848 consensumque
1039 810 1185 840 vestrum
1199 808 1329 839 initium
1343 806 1437 837 liber-

103 874 121 890 «
138 860 214 892 tatis
232 858 330 888 totius
346 855 520 887 Britanniae
535 855 613 885 fore.
628 863 703 885 nam
717 857 750 886 et
768 855 910 886 universi
924 856 1092 887 servitutis
1111 857 1277 896 expertes,
1292 857 1324 886 et
1337 853 1436 885 nullae

104 923 121 938 a<
139 910 224 941 ultra
243 909 356 943 terrm,
374 913 412 934 ac
428 912 468 934 ne
485 911 574 934 mare
588 903 719 943 quidem
740 911 892 934 securum
905 928 914 943 ‚
931 904 1126 936 imminente
1142 903 1237 935 nobis
1256 903 1358 934 classe
1375 906 1438 933 Ro-

102 970 120 986 «
138 964 244 988 mana.
270 953 314 983 ila
330 951 477 992 proelium
497 951 597 990 atque
615 959 724 990 arma,
746 959 820 990 quae
839 951 977 982 fortibus
999 951 1135 982 honesta
1147 975 1155 991 ,
1179 951 1291 982 eadem
1307 950 1314 967 ¹
1337 949 1436 981 etiam

106 1017 123 1032 «
139 1002 262 1043 ignavis
274 999 436 1031 tutissima
449 999 538 1029 sunt.
557 997 682 1029 Priores
696 1006 812 1038 pugnae
825 1022 833 1037 ‚
855 998 973 1038 quibus
995 998 1151 1030 adversus
1171 1002 1335 1029 Romanos
1347 996 1436 1028 varia

104 1065 121 1080 ιι
137 1051 268 1082 forrata
286 1041 444 1078 certatum
459 1046 523 1084 est,
539 1052 630 1083 spem
645 1053 683 1076 ac
698 1045 881 1076 subsidium
899 1046 932 1076 in
949 1047 1068 1077 nostris
1084 1046 1235 1077 manibus
1250 1044 1410 1075 habebant
1426 1053 1434 1073 ι

101 1113 120 1124 «ι
138 1098 214 1138 quia
234 1094 425 1126 nobilissimi
444 1092 546 1124 totius
567 1092 739 1123 Britanniae
755 1101 858 1132 eoque
879 1093 912 1123 in
932 1093 1012 1133 ipsis
1029 1092 1249 1133 penetralibus
1265 1092 1319 1123 siti
1331 1091 1358 1130 ²,
1375 1098 1437 1121 nec

104 1159 124 1173 «v
138 1143 349 1176 servientium
367 1141 477 1172 littora
491 1138 715 1178 adspicientes,
731 1141 841 1170 oculos
854 1149 983 1180 quoque
1004 1149 1022 1171 a
1042 1142 1193 1171 contactu
1207 1137 1438 1170 dominationis

103 1206 120 1220 a
137 1191 310 1223 inviolatos
326 1188 534 1219 habebamus.
553 1193 612 1216 nos
625 1189 782 1217 terrarum
800 1195 838 1217 ac
855 1187 1014 1218 libertatis
1030 1189 1193 1219 extremos
1207 1194 1352 1218 recessus
1366 1185 1437 1225 ipse

104 1252 120 1266 «
138 1247 176 1269 ac
189 1238 279 1268 sinus
292 1236 385 1266 famae
398 1235 409 1252 ³
432 1234 464 1264 in
486 1235 571 1266 bunc
585 1236 671 1266 diem
687 1234 844 1266 defendit.
864 1243 950 1266 nunc
962 1235 1122 1266 terminus
1135 1233 1309 1265 Britanniae
1327 1232 1437 1273 patet,

104 1298 120 1313 «c
139 1286 239 1325 atque
254 1291 349 1314 omne
365 1282 512 1321 ignotum
526 1291 584 1321 pro
601 1282 772 1322 magnifico
789 1285 848 1313 est.
868 1282 923 1313 sed
937 1282 1024 1313 nulla
1039 1281 1107 1321 jam
1124 1282 1207 1312 ultra
1220 1289 1297 1321 gens
1308 1304 1317 1319 ,
1334 1277 1433 1318 nihil,

104 1346 121 1360 «
138 1332 199 1364 nisi
221 1331 340 1362 fluctus
360 1330 392 1360 et
415 1337 493 1360 saxa
509 1338 516 1358 z
539 1331 571 1360 et
591 1329 771 1360 infestiores
786 1329 941 1368 Romani,
957 1338 1098 1369 quorum
1114 1329 1297 1369 superbiam
1314 1328 1435 1358 frustra

102 1393 120 1408 «ι
137 1389 194 1421 per
208 1376 401 1417 obsequium
416 1378 448 1406 et
463 1375 653 1407 modestiam
669 1377 832 1417 effugeris.
850 1379 996 1416 raptores
1009 1376 1096 1407 orbis
1109 1401 1117 1416 ,
1132 1378 1305 1417 postquam
1319 1375 1436 1406 cuncta

101 1441 120 1457 κ
137 1425 344 1458 vastantibus
367 1424 498 1455 defuere
521 1425 617 1455 terrae
629 1448 637 1463 ‚
658 1427 690 1456 et
705 1433 792 1455 mare
811 1428 996 1456 scrutantur
1018 1434 1025 1454 :
1042 1424 1069 1455 si
1089 1424 1234 1464 locuples
1250 1423 1352 1454 hostis
1368 1425 1434 1461 est,

102 1488 120 1504 a
138 1473 245 1512 avari3
267 1472 293 1503 si
314 1479 446 1512 pauper,
473 1471 636 1503 ambitiosi
653 1481 660 1502 :
679 1481 761 1511 quos
783 1482 847 1502 non
863 1472 988 1509 oriens,
1003 1480 1067 1502 non
1088 1471 1239 1503 occidens
1255 1469 1433 1502 satiaverit.

102 1534 121 1550 κ
138 1521 197 1553 soli
215 1520 358 1551 omnium
373 1527 450 1558 opes
467 1521 564 1559 atque
578 1518 719 1558 inopiam
737 1519 804 1559 pari
820 1520 937 1550 affectu
953 1520 1200 1559 concupiscunt.
1216 1518 1356 1555 auferre,
1370 1517 1438 1547 tru-

103 1581 121 1597 «ι
138 1568 246 1599 cidare
259 1592 267 1605 ‚
294 1574 405 1606 rapere
428 1566 518 1596 falsis
543 1565 731 1597 nominibus
756 1568 961 1606 imperium,
989 1568 1105 1606 atque,
1137 1565 1194 1596 ubi
1223 1564 1435 1596 solitudinem

103 1629 121 1644 «ι
138 1615 283 1653 faciunt,
294 1621 417 1654 pacem
433 1613 609 1652 appellant.

143 1666 249 1695 XXXI.
265 1674 280 1688 α
296 1661 427 1692 Liberos
436 1660 552 1699 cuique
566 1668 603 1691 ac
615 1660 814 1700 propinquos
827 1668 902 1691 suos
915 1661 1029 1691 natura
1043 1659 1224 1690 carissimos
1233 1667 1302 1690 esse
1316 1657 1432 1689 voluit.

103 1724 120 1738 ι(
137 1710 170 1741 hi
186 1718 241 1749 per
258 1707 400 1738 delectus
416 1707 493 1738 alibi
511 1707 661 1738 servituri
676 1708 868 1739 auferuntur
885 1717 893 1738 :
911 1707 1063 1747 conjuges
1081 1715 1292 1746 sororesque,
1309 1704 1434 1737 etiamsi

103 1769 120 1783 α
137 1756 288 1788 hostilem
313 1754 481 1786 libidinem
504 1754 681 1794 effugiant,
698 1754 831 1785 nomine
850 1758 1042 1786 amicorum
1059 1756 1158 1794 atque
1177 1754 1350 1793 hospitum
1365 1752 1435 1793 pol-

104 1813 125 1832 «ε
137 1804 283 1836 luuntur.
300 1803 384 1833 bona
397 1802 607 1842 fortunasque
621 1802 653 1832 in
668 1802 828 1833 tributum
842 1804 978 1841 egerunt
989 1825 998 1841 ,
1013 1810 1116 1832 annos
1130 1802 1137 1819 ¹
1158 1802 1191 1832 in
1207 1801 1409 1832 frumentum
1424 1809 1432 1830 ε

103 1865 118 1879 «
138 1859 276 1890 corpora
293 1851 361 1890 ipsa
378 1858 415 1880 ac
430 1858 545 1880 manus
559 1849 650 1880 silvis
664 1858 702 1880 ac
717 1849 889 1889 paludibus
903 1849 1108 1881 emuniendis
1121 1848 1132 1866 ²
1148 1849 1233 1880 inter
1246 1848 1382 1880 verbera
1397 1856 1436 1879 ac

104 1913 119 1927 α
138 1897 350 1930 contumelias
369 1898 550 1927 conterunt.
578 1899 654 1927 nata
676 1897 826 1928 servituti
848 1897 1009 1937 mancipia
1032 1897 1130 1928 semel
1155 1898 1318 1936 veneunt,
1336 1898 1436 1937 atque

103 1960 120 1974 «
138 1946 222 1977 ultro
236 1954 254 1975 a
267 1943 406 1976 dominis
421 1944 552 1975 aluntur
565 1954 574 1982 ;
588 1943 753 1975 Britannia
765 1945 956 1975 servitutem
969 1953 1062 1976 suam
1077 1943 1224 1984 quotidie
1237 1944 1337 1983 emit,
1352 1952 1434 1984 quo-

103 2007 120 2021 «
137 1993 215 2024 tidie
232 1991 334 2032 pascit
346 1991 358 2009 ³
378 2001 385 2021 :
405 1999 442 2022 ac
457 1990 541 2022 sicut
554 1991 587 2022 in
603 1992 724 2023 familia
742 1992 982 2023 recentissimus
998 1992 1135 2032 quisque
1152 2000 1321 2024 servorum
1337 1991 1434 2023 etiam

103 2053 119 2067 α
138 2039 303 2071 conservis
323 2038 461 2070 ludibrio
480 2041 550 2079 est,
567 2039 614 2070 sic
634 2039 667 2070 in
688 2040 751 2070 hoc
774 2040 862 2071 orbis
879 2043 1038 2071 terrarum
1056 2043 1164 2072 vetere
1181 2040 1338 2071 famulatu
1356 2039 1434 2070 novi

105 2099 127 2114 «-
139 2096 199 2118 nos
215 2088 247 2118 et
260 2087 341 2117 viles
354 2086 386 2117 in
400 2087 564 2118 excidium
578 2087 732 2127 petimur.
749 2096 853 2128 neque
870 2089 955 2119 enim
969 2096 1046 2118 arva
1059 2087 1154 2119 nobis
1166 2090 1224 2118 aut
1237 2086 1364 2118 metalla
1378 2088 1434 2116 aut

102 2182 130 2187 —-
140 2175 163 2194 2.
181 2170 374 2200 Virgilianum;
393 2171 461 2195 AEn.
477 2171 526 2199 Vl,
546 2175 609 2195 soz:
625 2171 691 2196 Jam
710 2172 815 2199 senior,
828 2172 877 2196 sed
890 2172 985 2196 cruda
1001 2173 1053 2197 deo
1066 2171 1225 2201 viridisque
1240 2171 1376 2196 senectus,
1400 2175 1431 2193 ex

103 2206 253 2229 Homericis
267 2202 351 2240 ὠμὸν
371 2205 478 2243 γῆρας,
499 2202 739 2243 ὠμογέρων,-5.
757 2207 896 2237 cazlau-q,
911 2207 1032 2236 Tmen-ry,
1048 2207 1064 2230 l.
1080 2213 1102 2230 c.
1117 2212 1142 2236 p.
1156 2211 1179 2229 9.

132 2242 215 2265 XXX.
232 2246 251 2264 i.
268 2243 308 2265 Sc.
331 2243 426 2270 praeter
440 2241 541 2265 fortes:
564 2248 618 2266 non
632 2243 747 2268 fortibus
764 2244 888 2271 tantum,
912 2243 961 2266 sed
983 2243 1065 2266 etiam
1086 2243 1190 2271 ignavis
1212 2241 1358 2265 tutissima.
1370 2254 1398 2257 —
1409 2247 1431 2265 ε.

101 2277 200 2304 caesar,
216 2277 286 2300 Bell.
308 2277 397 2305 (;c1ll.,
415 2277 449 2305 V,
464 2282 509 2301 ¹2:
528 2279 689 2304 Britannice
702 2284 771 2309 pars
784 2279 911 2303 interior
929 2278 964 2302 ab
979 2278 1015 2303 iis
1028 2278 1146 2306 colitur,
1159 2282 1228 2307 quos
1245 2278 1328 2301 natos
1345 2276 1378 2300 in
1390 2276 1432 2300 in-

140 2313 169 2336 la
190 2312 251 2341 ipsa
272 2307 485 2347 (αὐτόχθονας)
504 2315 644 2339 memoria
661 2316 811 2345 proditum
830 2315 940 2339 dicunt.
952 2327 979 2330 —
996 2320 1017 2337 5.
1038 2314 1089 2337 Pro
1101 2332 1107 2341 ,
1126 2319 1142 2336 a
1164 2313 1252 2341 fama,
1270 2312 1394 2342 pendens
1415 2317 1431 2335 a

101 2347 233 2377 defendit
242 2355 251 2370 .·
266 2353 315 2370 nos
332 2347 365 2371 ab
379 2354 411 2371 eo
424 2348 546 2373 defendit
557 2351 587 2373 ut
600 2350 671 2374 fama
681 2351 768 2375 nostri
783 2350 817 2374 ad
829 2351 963 2374 Romanos
976 2349 1153 2378 perferretur.
1169 2347 1278 2372 insolita
1295 2347 1353 2371 haec
1363 2351 1431 2371 con-

104 2383 221 2408 structio
236 2382 311 2406 verbi
325 2383 478 2412 defendere
495 2390 556 2408 eum
571 2386 663 2410 dativo
676 2386 808 2410 similibus
820 2385 935 2410 aliorum
951 2384 1097 2409 verborum
1112 2384 1202 2408 evinci
1215 2384 1315 2414 potest.

133 2417 232 2442 XXXI.
249 2423 269 2441 ι.
283 2418 312 2441 ld
327 2420 376 2447 est,
394 2425 497 2443 annuos
510 2423 674 2449 proventus:
688 2423 719 2445 ut
739 2423 829 2445 Germ.
845 2427 868 2445 c.
887 2426 921 2449 u,
936 2421 1100 2450 exspectare
1115 2425 1173 2443 ann
1180 2425 1237 2446 um.
1256 2418 1290 2442 de
1303 2416 1430 2447 agricolis

103 2458 168 2477 -ει,
183 2453 236 2476 Viis
253 2459 301 2483 per
317 2454 398 2478 silvas
412 2456 439 2478 et
453 2455 564 2484 paludes
579 2458 738 2481 muniendis.
750 2471 777 2475 -
789 2463 814 2481 ⁵.
832 2457 923 2485 Emit,
939 2456 1047 2481 tributis
1065 2455 1229 2486 pendendis;
1248 2453 1359 2483 pascit,
1372 2452 1430 2476 fm-
