1539 2668
96 151 134 178 20
499 146 631 174 TACITI
654 144 862 173 ANNALIUM
886 144 958 172 LlB.
985 143 1008 171 1.

97 233 168 255 nem
181 223 208 262 ⁶,
226 221 375 263 patriam,
392 229 562 252 numerum
585 218 836 260 stipendiorum,
853 227 926 258 qnae
943 218 1074 249 strenue
1090 216 1122 247 in
1139 215 1262 256 proeliis
1277 215 1416 256 fecisset,

95 274 127 303 et
141 270 193 302 cui
210 271 300 301 erant
315 268 399 299 dona
416 267 565 299 militaria
581 267 606 305 ⁷,
624 266 750 298 edebat.
774 265 799 296 si
815 265 946 302 tribuni,
968 264 995 296 si
1018 263 1099 303 legio
1117 262 1308 294 industriam
1325 263 1416 294 inno-

95 320 298 360 centiamque
323 318 598 358 approbaverant,
618 315 776 347 retinebat
790 315 936 346 ordinem
959 324 966 344 :
983 313 1038 344 ubi
1055 312 1221 344 avaritiam
1236 313 1292 343 aut
1305 312 1418 344 crude·

94 369 215 400 litatem
236 374 391 398 consensu
405 364 652 405 obJ'eetavissent
663 387 671 401 ‚
685 362 869 394 solvebatur
885 361 1000 393 militia
1015 361 1041 392 ⁸.

135 417 225 445 XLV.
249 413 300 446 Sic
316 412 501 453 compositis
517 410 740 451 praesentibus,
755 409 840 440 haud
857 409 963 440 minor
977 408 1075 439 moles
1092 408 1256 447 supererat
1272 406 1314 438 ob
1335 407 1417 438 fero·

94 459 175 492 ciam
204 460 326 500 quintae
351 461 383 490 et
410 457 669 490 unaetvicesimae
695 457 857 496 legionum
883 455 1118 496 sexagesimum
1143 454 1229 495 apud
1246 455 1384 494 lapidem
1404 457 1412 474 ¹

94 507 177 547 (loco
198 509 318 539 Velcra
335 507 346 524 2
366 515 481 537 nomen
498 508 555 540 est)
575 504 823 535 liibernantium.
841 513 915 534 narn
934 503 1030 543 primi
1049 503 1239 534 seditionem
1262 504 1420 543 coeptave-

93 556 185 592 rant;
200 554 437 585 atrocissimum
452 553 601 592 qnodque
615 551 738 582 facinus
752 551 866 582 horum
884 550 1033 581 manibus
1049 552 1210 590 patratum
1225 561 1233 589 ;
1251 558 1309 581 nec
1323 558 1417 590 poena

93 602 351 632 commilitonum
371 600 513 632 exterriti
537 608 594 630 nec
618 599 806 638 poenitentia
827 597 975 629 conversi
1002 598 1066 628 iras
1097 596 1288 628 retinebant.
1320 597 1417 636 igitur

92 652 197 680 Caesar
208 657 308 687 arma,
326 648 469 685 classem,
488 646 593 677 socios
608 645 777 677 demittere
790 646 900 677 Rheno
917 647 1019 685 parat,
1041 643 1065 676 si
1079 644 1250 684 imperium
1264 643 1417 675 detrecte-

92 698 156 732 tur,
174 694 257 725 bello
275 696 466 725 certaturus.

134 745 236 772 XLVI.
263 744 302 772 At
324 745 435 772 Romae
451 766 459 780 ,
482 739 625 772 nondum
644 740 772 779 cognito
787 739 842 780 qui
858 739 968 770 suisset
993 739 1101 770 exitus
1127 740 1159 768 in
1182 737 1310 777 Illyrico
1325 737 1332 754 ¹
1347 761 1356 776 ,
1385 739 1417 769 et

92 785 253 827 legionum
272 788 532 820 Germanicarum
550 788 639 818 motu
658 786 787 825 audite,
807 786 934 827 trepida
946 786 1061 817 civitas
1074 785 1222 816 incusare
1238 783 1417 824 Tiberium,

95 847 109 860 u
122 834 220 874 quod,
236 835 313 866 dum
328 837 439 866 Patres
453 837 484 865 et
498 834 623 874 plebem
635 858 643 873 ,
662 833 800 864 invalida
814 835 845 864 et
860 833 995 864 inermia
1006 857 1014 871 ‚
1028 833 1232 863 cunctatione
1250 830 1323 862 ficta
1336 830 1416 861 ludi-

93 894 107 909 «
123 882 255 921 ficetur,
273 882 426 913 dissideat
442 881 571 913 interim
599 881 690 912 miles
708 890 810 920 neque
840 880 978 911 duorum
997 881 1249 911 adolescentium
1271 878 1417 910 nondum

94 942 109 956 «ι
125 929 231 960 adulta
248 930 438 960 auctoritate
456 928 625 969 comprimi
652 931 768 968 queat:
790 928 836 959 ire
857 928 964 967 ipsum
985 929 1016 959 et
1033 936 1193 968 opponere
1217 926 1416 965 majestatem

94 988 108 1002 ι(
124 976 363 1016 imperatoriam
383 976 541 1014 debuisse,
559 975 697 1006 cessuris
710 999 718 1014 ,
736 975 792 1005 ubi
807 975 986 1015 Principem
1008 975 1100 1014 longa
1120 973 1317 1014 experientia
1336 982 1417 1004 eun-

93 1023 260 1063 «demque
281 1023 461 1054 severitatis
485 1026 515 1053 et
538 1022 765 1053 munificentiae
793 1031 957 1053 summum
986 1022 1148 1053 vidissent.
1175 1030 1213 1051 an
1238 1022 1415 1059 Augustum

92 1081 108 1097 κ
124 1070 205 1102 sessa
220 1073 313 1101 aetate
326 1070 423 1101 toties
442 1070 474 1100 in
490 1070 673 1100 Germanias
690 1078 869 1100 commeare
895 1069 1037 1109 potuisse
1049 1092 1058 1107 ,
1073 1068 1237 1099 Tiberium
1256 1068 1416 1106 vigentem

94 1130 109 1143 α
125 1117 216 1148 annis
234 1117 343 1147 sedere
361 1116 392 1147 in
410 1119 521 1148 senatu
543 1115 640 1146 verba
655 1117 785 1146 Patr-um
803 1115 1006 1146 cavillantem
1020 1118 1032 1146 ?
1045 1115 1127 1146 Satis
1146 1117 1348 1154 prospectum
1363 1122 1416 1144 ur-

91 1176 107 1189 «
123 1163 214 1195 banae
228 1163 377 1195 servituti
391 1173 397 1194 :
415 1163 607 1194 militaribus
621 1162 735 1192 animis
748 1161 932 1192 adhibenda
949 1162 1095 1193 fomenta
1111 1161 1137 1201 ²,
1153 1163 1190 1191 ut
1209 1161 1290 1191 serre
1304 1168 1415 1200 pacem

91 1221 105 1235 n
123 1211 231 1242 velint.
250 1225 263 1237 n

131 1261 250 1288 XLVII.
276 1258 449 1288 Immotum
468 1256 622 1287 adversus
643 1264 697 1287 eos
715 1263 880 1286 sermones
903 1255 1090 1295 fixumque¹
1120 1255 1245 1286 Tiberio
1268 1254 1328 1285 fuit
1350 1263 1416 1286 non

89 1305 236 1335 omittere
251 1307 347 1343 capnt
360 1312 466 1334 rerum
484 1302 494 1319 ²
512 1312 616 1342 neque
630 1312 664 1334 se
681 1311 812 1342 remque
829 1302 990 1342 publicam
1013 1304 1045 1333 in
1069 1311 1181 1334 casum
1199 1302 1286 1333 dare.
1312 1302 1415 1334 multa

90 1352 207 1392 quippe
221 1352 252 1381 et
266 1351 393 1381 diversa
407 1350 565 1389 angebant
581 1359 587 1380 :
611 1362 625 1376 «
641 1349 777 1380 validior
794 1358 850 1389 per
863 1349 1064 1380 Germaniam
1078 1350 1239 1381 exercitus
1256 1373 1264 1388 ,
1286 1349 1414 1389 propior

91 1411 107 1425 «ι
125 1398 207 1438 apud
226 1397 421 1428 Pannoniam
440 1406 446 1426 :
463 1396 513 1427 ille
531 1396 704 1427 Galliarum
719 1396 835 1436 opibus
855 1396 1025 1435 subnixus,
1041 1397 1092 1428 hic
1106 1396 1389 1428 Italioeimminens
1404 1406 1413 1427 ε

91 1457 107 1472 α
125 1453 206 1484 qnos
230 1445 325 1483 igitur
348 1444 539 1475 anteferret?
562 1452 598 1474 ac
612 1443 623 1461 ³
637 1468 646 1483 ‚
669 1452 708 1475 ne
733 1443 903 1483 postpositi
929 1444 1126 1475 contumelia
1152 1443 1410 1475 incenderentur.

92 1505 106 1519 ι(
126 1494 158 1523 at
172 1500 226 1531 per
240 1491 320 1521 filios
335 1491 451 1530 pariter
466 1490 556 1528 adiri,
572 1491 739 1530 majestate
756 1490 857 1529 salva,
872 1490 924 1521 cui
939 1491 1041 1530 major
1054 1500 1071 1522 e
1087 1491 1259 1531 longinquo
1270 1499 1414 1522 reveren—

91 1538 179 1569 «tia.
199 1538 294 1569 simul
315 1537 573 1568 adolescentibus
589 1540 778 1568 excusatum
801 1537 952 1577 quaedam
977 1538 1016 1569 ad
1044 1540 1167 1578 patrem
1191 1538 1339 1577 rejicere,
1363 1546 1412 1569 re-

90 1598 106 1612 «
125 1585 339 1624 sistentesque
356 1584 544 1615 Germanico
560 1588 615 1615 aut
632 1589 734 1615 Druso
746 1593 838 1624 posse
854 1593 872 1615 a
889 1593 923 1616 se
940 1585 1078 1624 mitigari
1090 1586 1139 1615 vel
1150 1584 1279 1623 infringi
1299 1595 1306 1614 z
1325 1585 1413 1624 qnod

92 1643 108 1658 (ι
125 1631 212 1663 aliud
226 1631 418 1670 subsidium,
434 1631 461 1662 si
476 1635 703 1672 Imperatorem
720 1631 937 1672 sprevissent?
956 1645 970 1659 »
989 1635 1137 1664 Ceterum
1155 1635 1191 1663 ut
1204 1633 1270 1672 jam
1282 1633 1413 1672 Jamque

88 1678 206 1716 iturus,
222 1678 296 1718 legit
315 1679 450 1710 comites
462 1703 470 1718 ,
493 1679 687 1719 conquisivit
703 1679 932 1719 impedimenta
944 1678 954 1696 ⁴
971 1704 980 1719 ,
1004 1679 1171 1710 adornavit
1192 1688 1289 1710 naves
1305 1690 1315 1719 ;
1334 1688 1411 1710 mox

88 1725 226 1757 hiemem
243 1727 298 1757 aut
312 1726 438 1765 negotia
454 1726 539 1757 varie
556 1728 725 1766 causatus,
742 1726 847 1767 primo
864 1726 1056 1767 prudentes,
1081 1726 1154 1758 dein
1171 1726 1307 1766 vulgum
1318 1751 1327 1766 ,
1344 1726 1412 1758 diu-

87 1772 210 1804 tissime
230 1773 413 1813 provincias
437 1773 556 1804 fefellit.

128 1823 264 1851 XLVIII.
288 1821 329 1850 At
348 1820 567 1860 Germanicus,
582 1829 777 1861 quamquam
795 1822 961 1853 contracto
975 1822 1116 1853 exercitu
1134 1823 1165 1853 et
1181 1821 1292 1861 parata
1309 1821 1341 1851 in
1360 1820 1411 1851 de—

86 1868 223 1898 fectores
246 1866 385 1906 ultione,
410 1866 553 1898 dandum
581 1867 687 1899 adbuc
703 1869 843 1909 spatium
861 1871 967 1908 ratus,
992 1869 1019 1900 si
1037 1868 1156 1900 recenti
1182 1867 1329 1908 exemplo
1349 1866 1410 1898 sibi

85 1914 146 1954 ipsi
165 1913 386 1951 consulerent,
404 1914 570 1954 praemittit
584 1914 705 1947 litteras
722 1915 762 1946 ad
779 1916 938 1947 Caecinam
950 1940 958 1955 ,
975 1917 1092 1947 ventre
1109 1924 1143 1946 se
1160 1914 1279 1946 valida
1302 1922 1410 1945 manu

86 1970 139 1995 ac,
157 1961 190 1991 m'
209 1960 419 2000 supplicimn
436 1962 471 1991 in
488 1962 597 1993 malos
610 1965 842 2002 proesmnant,
860 1971 1007 1994 usurum
1018 1965 1220 2003 promiscua
1237 1961 1339 1993 ccede.
1358 1968 1411 1991 eas

86 2008 210 2038 Caecina
224 2006 399 2046 aquiliferis
413 2007 645 2048 signiferisque,
663 2011 695 2041 et
707 2009 791 2049 quod
811 2009 950 2040 maxime
964 2012 1143 2040 castrorum
1157 2009 1316 2040 sincerum
1329 2008 1410 2045 erat,

88 2053 213 2084 occulte
230 2053 358 2092 recitat,
376 2056 480 2094 utque
500 2057 638 2086 cunctos
657 2056 838 2096 infamiae,
856 2065 890 2087 se
908 2058 998 2096 ipsos
1013 2057 1117 2087 morti
1140 2056 1319 2093 eximant,
1338 2053 1408 2084 hor-

89 2147 286 2173 senturionum.
300 2158 328 2162 -
340 2151 360 2169 6.
379 2147 463 2176 Quam
477 2150 625 2173 centuriam
639 2150 766 2179 duceret,
781 2152 904 2180 primam,
919 2156 952 2174 an
966 2150 1112 2173 secundam
1127 2151 1179 2174 etc.
1191 2163 1219 2167 —
1231 2155 1256 2173 7.
1271 2150 1304 2174 Et
1316 2150 1337 2173 is
1347 2168 1354 2179 ,
1366 2152 1409 2175 cui

88 2183 166 2208 erant
179 2181 203 2205 d.
220 2188 262 2210 nr,
277 2182 332 2206 haec
347 2189 452 2212 quoqne
464 2184 570 2211 edebat.
585 2185 730 2210 indicabat.
743 2199 769 2204 —-
781 2193 803 2210 s.
817 2187 879 2215 Quae
890 2187 929 2209 est
944 2185 1086 2209 inhonesta
1101 2186 1198 2209 missio.

116 2218 189 2242 XLV.
212 2223 229 2240 ι.
253 2218 395 2246 sexaginta
410 2218 526 2242 millibus
536 2220 680 2250 (passuum)
695 2228 710 2245 a
724 2221 907 2252 superioribus
920 2220 1016 2244 castris
1035 2221 1068 2244 ad
1081 2220 1208 2244 Ubiorum
1224 2220 1350 2250 oppidum
1364 2227 1410 2251 po-

86 2252 153 2277 sitis.
164 2265 191 2267 —
202 2256 222 2275 2.
239 2252 329 2281 Suppl.
348 2252 458 2281 Castra.
477 2254 521 2277 ubi
535 2255 614 2278 hodie
630 2256 752 2281 Xanten.

114 2287 203 2312 XLVI.
223 2292 241 2310 ι.
256 2288 401 2311 SedItionis
415 2288 550 2318 legionum
562 2290 588 2313 in
602 2291 738 2316 Pannonia
753 2292 861 2321 Illyrico
872 2292 992 2316 finitima.
1009 2305 1032 2308 —
1044 2297 1066 2315 ἰ-
1079 2292 1243 2316 Lenimenta.

115 2322 214 2347 XLVII.
240 2327 258 2345 ι.
288 2323 460 2352 vtrgnianum
483 2325 597 2353 (AEneid.
619 2327 660 2353 IV,
679 2328 713 2356 is)
749 2328 779 2351 Si
802 2327 871 2351 mihi
889 2333 944 2351 non
965 2327 1062 2350 animo
1084 2327 1177 2356 fixum
1206 2328 1408 2357 immotumque

85 2357 202 2381 sederet.
219 2362 278 2380 -2.
299 2359 407 2381 Romam
427 2359 538 2388 urhem;
553 2360 623 2384 Urbe
641 2367 695 2385 non
715 2363 796 2386 exire.
814 2377 841 2379 —
860 2369 881 2386 τ».
896 2364 954 2387 Hoc
967 2363 1048 2386 etiam
1063 2363 1180 2392 angebat
1199 2368 1268 2386 cum.
1280 2375 1310 2379 —
1321 2366 1344 2386 ⁴.
1358 2363 1407 2387 Ve—

95 2392 192 2419 incula,
206 2392 334 2422 iumenta,
349 2395 400 2417 etc.
