1539 2668
124 154 187 187 250
500 148 632 177 TAcrrl
655 148 867 177 ANNALmM.
883 149 957 177 Lm.
982 149 1046 178 XV.

125 236 251 269 urqcns
265 225 482 267 periculum,
509 231 631 264 qraves
648 221 918 261 conjurationes,
938 224 971 254 et
984 225 1089 254 cetera
1102 231 1176 264 quae
1189 223 1332 256 audierat
1347 225 1452 266 conje-

123 276 346 314 ctaveratque,
360 273 463 304 (locet.
478 271 578 302 telum
592 278 720 310 quoque
735 269 764 300 in
776 279 886 302 necem
900 270 969 310 ejus
983 271 1131 311 paratum
1141 271 1281 303 ostendit
1296 272 1453 314 accirique

122 322 329 361 reumjiissit.
341 325 370 352 ls
388 318 520 360 raptus²
537 327 592 358 per
607 317 722 349 milites
733 320 765 349 et
778 317 996 358 defensionem
1012 327 1115 357 orsus,
1135 331 1149 345 a
1161 319 1293 360 ferrum,
1305 320 1396 360 cujus
1408 330 1455 352 ra-

125 383 142 398 «
159 372 322 410 gnei-etur,
341 368 417 400 olim
433 366 582 407 religione
605 365 705 405 patria
728 365 850 397 cultum
861 367 893 397 et
902 363 942 396 in
958 365 1108 397 cubiculo
1131 366 1276 397 habitum
1292 375 1328 398 ac
1344 367 1455 399 fraude

125 431 142 446 «ι
160 417 261 449 liberti
275 418 459 456 surreptum
474 427 489 442 »
505 413 679 454 respondit.
693 426 708 440 «
722 413 847 446 tabulas
859 413 1040 445 testamenti
1056 413 1174 454 saepins
1187 423 1205 445 a
1218 423 1252 446 se
1263 424 1295 446 ez
1309 414 1455 447 incusto-

125 476 141 492 «ι
156 464 223 496 dita
240 465 366 495 dierum
386 462 547 494 observati
566 470 627 493 one
646 462 793 502 signatas.
811 461 963 502 pecunias
978 463 1008 492 et
1023 461 1187 493 libertates
1206 462 1307 494 servis
1328 463 1360 494 et
1381 464 1456 495 ante

126 524 142 540 a
159 511 243 543 dono
255 513 358 550 datas,
372 511 425 541 sed
441 510 511 541 ideo
528 512 606 541 tunc
623 509 753 549 largius,
771 509 845 550 quia
861 509 950 541 tenui
965 510 1031 550 Jam
1052 518 1084 540 re
1101 509 1248 541 familiari
1263 511 1294 541 et
1314 510 1458 542 instanti·

126 570 142 587 «
160 559 222 590 lius
233 558 445 590 creditoribus
462 558 657 589 testamento
668 556 827 588 diffideret
840 557 865 588 ³.
879 556 1042 587 enimvero
1054 557 1197 588 liberales
1210 566 1334 598 semper
1349 557 1458 598 epulas

125 619 140 634 «
161 607 317 638 struxisse
330 608 363 637 et
378 606 476 636 vitam
490 614 650 636 amoenam
665 606 697 636 et
710 604 798 635 (luris
809 604 974 643 judicibus
988 613 1100 644 parum
1120 604 1297 644 probatam.
1316 605 1458 637 fomenta

127 666 141 681 «ι
159 654 347 684 vulneribus
361 653 445 684 nulla
461 652 552 692 jussu
571 661 643 692 suo,
658 652 713 683 sed
727 651 802 692 quia
816 653 921 682 cetera
937 651 1042 691 palam
1057 660 1138 682 vana
1155 651 1333 692 objecisset,
1347 652 1458 692 adJun-

126 714 140 728 «
159 710 230 739 gere
254 700 395 739 crimen,
413 703 449 731 ut
464 708 533 731 sese
561 699 680 740 pariter
697 698 834 730 indicem
856 700 887 729 et
908 698 1026 729 testem
1050 698 1207 729 faceret.»
1233 699 1341 738 adJicit
1366 698 1459 730 dictis

124 749 360 787 constantiam3
383 748 510 779 incusat
540 747 624 778 ultro
650 745 881 778 intestabilem
907 746 941 777 et
963 745 1236 777 consceleratum
1255 747 1344 778 tanta
1370 747 1458 778 vocis

124 804 162 826 ac
180 796 289 826 vultus
305 795 491 834 securitate,
509 795 546 825 ut
564 794 685 825 labaret
703 793 869 832 indicium,
892 792 950 823 nisi
966 792 1132 824 Milichum
1146 802 1229 824 uxor
1240 793 1459 825 admonuisset

125 844 312 874 Antonium
328 843 493 873 Natalem
507 842 623 873 multa
637 849 715 872 cum
731 842 880 872 Sccem'no
896 848 937 871 ac
952 842 1084 872 secreta
1102 841 1322 881 collocutum,
1341 842 1373 873 et
1390 849 1459 873 esse

127 891 293 930 utrosque
313 891 348 921 C.
364 890 499 920 Pisonis
515 890 659 920 inlimos.

166 940 243 968 LVI.
269 941 348 976 Ergo
365 936 489 967 accitur
502 935 621 967 Natalis
637 959 645 974 ,
666 936 699 966 et
716 934 834 966 diversi
852 934 1085 973 interrogantur
1105 936 1266 975 quisnam
1284 937 1313 967 is
1329 943 1458 977 sermo,

125 993 192 1025 qua
212 984 252 1016 de.
267 984 447 1023 refulsset
460 986 476 1014 Ρ
499 984 568 1015 tum
586 985 698 1015 exorta
717 982 854 1022 suspicio
867 1007 875 1021 ,
893 982 1044 1022 quianon
1063 982 1273 1022 congruentia
1289 984 1460 1024 responde·

124 1035 218 1071 rant,
240 1031 407 1071 inditaque
424 1031 542 1062 vincla.
569 1032 601 1061 et
627 1032 861 1062 tormentorum
890 1030 1057 1069 aspectum
1081 1038 1118 1060 ac
1136 1029 1239 1061 minas
1262 1039 1326 1061 non
1346 1031 1457 1064 tulere.

124 1080 212 1119 prior
228 1082 336 1110 tamen
354 1078 490 1118 Natalis,
515 1073 617 1109 totius
633 1077 883 1118 conspirationis
899 1076 1001 1116 magis
1017 1085 1135 1115 gnarus
1147 1101 1155 1116 ,
1171 1077 1266 1108 simul
1281 1078 1434 1117 arguendi
1448 1080 1455 1097 ¹

124 1121 270 1167 peritior,
286 1127 327 1158 cle.
345 1128 467 1157 Pisone
496 1125 635 1165 primum
660 1125 787 1156 fatetur.
815 1124 931 1155 deinde
957 1123 1067 1163 adjicit
1086 1125 1253 1155 Annoeum
1279 1126 1458 1167 Senecam,

124 1174 192 1206 sive
215 1173 432 1204 internuntius
461 1173 544 1203 inter
575 1180 649 1203 eum
678 1173 894 1211 Pisonemque
920 1170 1000 1210 suit,
1024 1170 1092 1202 sive
1112 1172 1148 1202 ut
1166 1171 1302 1202 Neronis
1323 1173 1460 1212 gratiam

124 1223 251 1262 pararet
267 1245 275 1260 ,
296 1221 350 1260 qui
369 1220 514 1250 infensus
532 1222 659 1251 Senecae
675 1228 788 1250 omnes
802 1218 842 1250 ad
861 1227 935 1250 eum
961 1217 1207 1258 opprimendum
1226 1219 1309 1250 artes
1331 1221 1460 1260 conqui-

124 1268 226 1300 rebat.
248 1271 314 1298 tum
330 1267 458 1307 cognito
471 1267 592 1298 Natalis
611 1266 730 1297 indicio
744 1266 909 1298 Scaevinus
923 1274 1052 1306 quoque
1066 1265 1133 1305 pari
1152 1265 1372 1298 imbecillitate
1384 1291 1393 1307 ,
1419 1275 1459 1298 an

125 1317 242 1346 cuncta
259 1314 325 1354 jam
356 1314 514 1355 patefacta
542 1313 674 1345 credens
698 1323 755 1345 nec
780 1314 881 1345 ullum
914 1312 1034 1344 silentii
1054 1313 1327 1353 emolumentum,
1360 1313 1461 1346 edidit

126 1364 258 1394 eeteros.
276 1371 315 1393 ex
339 1362 456 1402 quilius
484 1366 630 1392 Lucanus
654 1361 915 1401 Quintianusque
932 1361 962 1391 et
976 1360 1109 1392 Senecio
1123 1360 1176 1391 diu
1199 1361 1360 1392 abnuere:
1387 1364 1460 1401 post

125 1410 284 1449 promissa
298 1409 491 1449 impunitate
508 1409 672 1449 corrupti,
687 1418 751 1449 quo
769 1408 955 1439 tarditatem
973 1410 1179 1447 excusarent,
1204 1412 1351 1439 Lucanus
1370 1410 1459 1440 Atta·-

128 1457 201 1488 lam
222 1458 372 1488 matrem
402 1465 522 1496 suam,
555 1456 750 1496 Quintianus
780 1456 927 1488 Glitium
959 1455 1121 1494 Gallum,
1148 1455 1279 1487 Senecio
1309 1457 1459 1488 Annium

125 1504 339 1544 Pollionem,
364 1504 541 1535 amicorum
568 1503 770 1544 praecipuos,
793 1502 1013 1533 nominavere.

167 1555 260 1582 LVII.
285 1553 388 1591 Atque
404 1550 535 1582 interim
551 1555 634 1582 Nero
651 1550 838 1582 recordatus
851 1548 972 1581 Volusii
989 1549 1117 1581 Proculi
1140 1548 1261 1580 indicio
1284 1549 1457 1590 Epicharin

125 1599 257 1630 attineri
283 1600 437 1638 ratusque
464 1597 619 1629 muliebre
648 1606 764 1637 eorpus
794 1597 897 1637 impar
919 1595 1021 1626 dolori
1032 1619 1041 1634 ‚
1063 1597 1239 1627 tormentis
1267 1595 1459 1629 dilacerari

123 1646 226 1685 jubet.
244 1646 278 1676 at
298 1646 384 1676 illam
403 1654 467 1675 non
481 1645 613 1676 verbera
625 1668 634 1683 ,
659 1653 722 1675 non
746 1644 834 1684 ignes
847 1668 856 1684 ,
881 1652 945 1674 non
968 1642 1014 1672 ira
1031 1651 1068 1674 eo
1086 1643 1190 1674 acrius
1213 1643 1434 1683 torquentium
1447 1668 1457 1684 ,

127 1703 166 1724 ne
185 1702 203 1724 a
217 1692 334 1723 femina
349 1693 589 1732 spernerentur,
605 1691 785 1732 pervicere,
810 1691 887 1731 quin
911 1689 1037 1730 objecta
1060 1689 1242 1730 denegaret.
1268 1691 1318 1722 Sic
1335 1691 1458 1731 primus

126 1739 316 1781 quaestionis
330 1738 398 1770 dies
416 1740 632 1779 contemptus.
645 1742 772 1779 postero
790 1747 889 1778 quum
907 1738 944 1769 ad
962 1737 1088 1769 eosdem
1102 1737 1264 1768 cruciatus
1280 1738 1458 1770 retrahere·

126 1791 179 1820 tur
195 1786 373 1827 gestamine
399 1787 485 1818 sellae
502 1789 587 1824 (nam
612 1786 776 1818 dissolutis
801 1785 958 1817 membris
974 1786 1122 1818 insistere
1138 1784 1324 1826 nequibat),
1351 1785 1458 1816 vinclo

127 1834 270 1874 fasciae',
287 1843 383 1874 quain
405 1834 527 1874 pectori
545 1833 749 1873 detraxerat,
774 1833 807 1864 in
829 1833 962 1864 modum
986 1833 1089 1874 laquei
1111 1832 1151 1864 ad
1174 1841 1284 1863 arcum
1306 1832 1392 1864 sellae
1410 1840 1458 1865 re-

127 1882 238 1914 stricto
255 1881 370 1912 indidit
384 1881 543 1913 cervicem
559 1883 591 1913 et
607 1881 750 1921 corporis
765 1880 906 1922 pondere
922 1881 1059 1913 connixa
1081 1881 1213 1913 tenuem
1227 1880 1293 1919 jan]
1308 1879 1457 1920 spiritum

127 1929 309 1969 expressit,
326 1928 459 1960 clariore
481 1928 628 1966 exemplo
649 1928 801 1960 libertina
817 1928 946 1969 mulier,
964 1928 996 1960 in
1016 1930 1105 1960 tanta
1125 1927 1315 1959 necessitate
1339 1926 1458 1959 alienos

127 1985 164 2008 ae
190 1985 288 2016 prope
314 1976 438 2016 ignotos
457 1976 672 2016 protegendo,
696 1986 797 2016 quum
825 1977 956 2016 ingenui
982 1977 1014 2008 et
1034 1975 1095 2007 viri
1115 1976 1147 2007 et
1168 1974 1298 2015 Equites
1320 1974 1456 2006 Romani

128 2027 357 2063 senatoresque
371 2023 484 2055 intacti
500 2023 669 2055 tormentis
685 2023 854 2055 carissima
866 2032 1000 2055 suorum
1023 2022 1161 2063 quisque
1184 2022 1354 2062 pignorum
1380 2029 1456 2061 pro·

128 2069 251 2102 dei-ent.
268 2079 332 2101 non
358 2070 444 2102 enim
469 2070 663 2102 omittebant
680 2074 828 2102 Lucanus
851 2079 979 2111 quoque
993 2070 1026 2102 et
1052 2068 1182 2102 senecio
1206 2070 1238 2100 et
1263 2067 1456 2108 Quintianus

128 2117 247 2156 passim
265 2118 408 2149 conscios
428 2117 522 2150 edere
534 2142 542 2157 ,
562 2118 664 2158 magis
679 2118 845 2160 magisque
861 2117 978 2160 pavido
996 2121 1140 2156 Nerone,
1155 2123 1355 2156 quamquam
1371 2114 1455 2147 mul-

141 2164 279 2205 iplicatis
297 2165 441 2197 excubiis
456 2166 557 2198 semet
572 2166 736 2207 sepsisset.

130 2278 194 2298 —2.
207 2273 354 2298 Celerrime
376 2275 517 2300 adductus.
531 2287 560 2293 —
573 2281 595 2300 ³.
620 2276 752 2301 Nimirum
773 2276 896 2300 metuens
916 2279 952 2299 ne
985 2273 1134 2299 creditores
1155 2272 1343 2298 rescinderent
1367 2271 1452 2298 llber-

130 2310 201 2334 tates
213 2311 376 2333 testamento
391 2310 477 2334 datas.

161 2345 221 2368 LVI.
237 2350 256 2368 ι.
273 2346 432 2370 Accusandi.
445 2347 540 2371 Melius
557 2349 670 2374 noverat
691 2348 788 2378 quibus
800 2347 954 2372 hominibus
976 2346 1077 2371 indicio
1099 2350 1149 2370 suo
1176 2343 1333 2370 deferendis
1349 2343 1450 2369 Neroni

131 2380 239 2409 gratum
252 2379 342 2404 facere
354 2382 453 2411 posset.

161 2415 239 2439 Lvn.
257 2420 277 2439 ι.
293 2415 356 2445 Quae
369 2416 433 2442 alibi
444 2418 616 2448 strophium.
640 2415 750 2447 ταινία.
