<?xml version="1.0" encoding="UTF-8"?>
<!DOCTYPE html PUBLIC "-//W3C//DTD XHTML 1.0 Transitional//EN"
    "http://www.w3.org/TR/xhtml1/DTD/xhtml1-transitional.dtd">
<html xmlns="http://www.w3.org/1999/xhtml" xml:lang="en" lang="en">
 <head>
  <title>
</title>
<meta http-equiv="Content-Type" content="text/html;charset=utf-8" />
  <meta name='ocr-system' content='tesseract 3.04.00' />
  <meta name='ocr-capabilities' content='ocr_page ocr_carea ocr_par ocr_line ocrx_word'/>
</head>
<body>
  <div class='ocr_page' id='page_1' title='image "./operaquaesupersu00taciuoft_0294.png"; bbox 0 0 1539 2668; ppageno 0'>
   <div class='ocr_carea' id='block_1_1' title="bbox 147 103 1089 136">
    <p class='ocr_par' dir='ltr' id='par_1_1' title="bbox 147 103 1089 136">
     <span class='ocr_line' id='line_1_1' title="bbox 147 103 1089 136; baseline -0.003 0"><span class='ocrx_word' id='word_1_1' title='bbox 147 107 205 136; x_wconf 84' lang='lat'>262</span> <span class='ocrx_word' id='word_1_2' title='bbox 522 106 656 136; x_wconf 80' lang='lat' dir='ltr'>TACITI</span> <span class='ocrx_word' id='word_1_3' title='bbox 680 104 889 135; x_wconf 81' lang='lat' dir='ltr'>ANNALIUM</span> <span class='ocrx_word' id='word_1_4' title='bbox 906 103 983 134; x_wconf 91' lang='lat' dir='ltr'>LIB.</span> <span class='ocrx_word' id='word_1_5' title='bbox 1008 105 1089 134; x_wconf 87' lang='lat' dir='ltr'>XVI.</span> 
     </span>
    </p>
   </div>
   <div class='ocr_carea' id='block_1_2' title="bbox 139 178 1494 2067">
    <p class='ocr_par' dir='ltr' id='par_1_2' title="bbox 142 178 1494 506">
     <span class='ocr_line' id='line_1_2' title="bbox 144 178 1469 220; baseline 0.002 -8"><span class='ocrx_word' id='word_1_6' title='bbox 144 180 341 213; x_wconf 81' lang='lat' dir='ltr'>Britanniam</span> <span class='ocrx_word' id='word_1_7' title='bbox 357 180 491 212; x_wconf 90' lang='lat' dir='ltr'>meritus</span> <span class='ocrx_word' id='word_1_8' title='bbox 507 181 512 198; x_wconf 89' lang='lat'>¹</span> <span class='ocrx_word' id='word_1_9' title='bbox 536 179 657 220; x_wconf 83' lang='lat' dir='ltr'>ingenti</span> <span class='ocrx_word' id='word_1_10' title='bbox 674 180 817 220; x_wconf 90' lang='lat' dir='ltr'>corporis</span> <span class='ocrx_word' id='word_1_11' title='bbox 833 179 946 211; x_wconf 82' lang='lat' dir='ltr'>robore</span> <span class='ocrx_word' id='word_1_12' title='bbox 959 187 1188 218; x_wconf 86' lang='lat' dir='ltr'>armorumque</span> <span class='ocrx_word' id='word_1_13' title='bbox 1201 178 1332 210; x_wconf 75' lang='lat' dir='ltr'>scient-a</span> <span class='ocrx_word' id='word_1_14' title='bbox 1345 180 1469 214; x_wconf 84' lang='lat' dir='ltr'>metum</span> 
     </span>
     <span class='ocr_line' id='line_1_3' title="bbox 144 227 1466 268; baseline -0.001 -7"><span class='ocrx_word' id='word_1_15' title='bbox 144 228 263 261; x_wconf 83' lang='lat' dir='ltr'>Neroni</span> <span class='ocrx_word' id='word_1_16' title='bbox 287 227 406 259; x_wconf 78' lang='lat' dir='ltr'>fecerat</span> <span class='ocrx_word' id='word_1_17' title='bbox 418 252 428 268; x_wconf 91' lang='lat'>,</span> <span class='ocrx_word' id='word_1_18' title='bbox 445 237 484 260; x_wconf 89' lang='lat' dir='ltr'>ne</span> <span class='ocrx_word' id='word_1_19' title='bbox 508 227 676 259; x_wconf 87' lang='lat' dir='ltr'>invaderet</span> <span class='ocrx_word' id='word_1_20' title='bbox 692 227 847 267; x_wconf 90' lang='lat' dir='ltr'>pavidum</span> <span class='ocrx_word' id='word_1_21' title='bbox 869 235 995 267; x_wconf 85' lang='lat' dir='ltr'><strong>semper</strong></span> <span class='ocrx_word' id='word_1_22' title='bbox 1008 228 1038 257; x_wconf 86' lang='lat' dir='ltr'>et</span> <span class='ocrx_word' id='word_1_23' title='bbox 1056 228 1180 266; x_wconf 82' lang='lat' dir='ltr'>reperta</span> <span class='ocrx_word' id='word_1_24' title='bbox 1203 234 1307 266; x_wconf 83' lang='lat' dir='ltr'><strong>nuper</strong></span> <span class='ocrx_word' id='word_1_25' title='bbox 1323 228 1466 268; x_wconf 84' lang='lat' dir='ltr'>conjura-</span> 
     </span>
     <span class='ocr_line' id='line_1_4' title="bbox 144 273 1469 316; baseline 0 -9"><span class='ocrx_word' id='word_1_26' title='bbox 144 276 233 309; x_wconf 83' lang='lat' dir='ltr'>tione</span> <span class='ocrx_word' id='word_1_27' title='bbox 253 275 355 316; x_wconf 80' lang='lat' dir='ltr'>magis</span> <span class='ocrx_word' id='word_1_28' title='bbox 370 277 574 307; x_wconf 74' lang='lat' dir='ltr'>exterritum.</span> <span class='ocrx_word' id='word_1_29' title='bbox 592 275 688 314; x_wconf 85' lang='lat' dir='ltr'>igitur</span> <span class='ocrx_word' id='word_1_30' title='bbox 705 275 850 306; x_wconf 86' lang='lat' dir='ltr'>centurio</span> <span class='ocrx_word' id='word_1_31' title='bbox 863 299 872 315; x_wconf 87' lang='lat'>,</span> <span class='ocrx_word' id='word_1_32' title='bbox 890 274 944 305; x_wconf 93' lang='lat' dir='ltr'>ubi</span> <span class='ocrx_word' id='word_1_33' title='bbox 970 274 1088 314; x_wconf 87' lang='lat' dir='ltr'>effugia</span> <span class='ocrx_word' id='word_1_34' title='bbox 1109 273 1196 305; x_wconf 80' lang='lat' dir='ltr'>villae</span> <span class='ocrx_word' id='word_1_35' title='bbox 1221 274 1356 314; x_wconf 85' lang='lat' dir='ltr'>clausit,</span> <span class='ocrx_word' id='word_1_36' title='bbox 1381 275 1469 315; x_wconf 88' lang='lat' dir='ltr'>jussa</span> 
     </span>
     <span class='ocr_line' id='line_1_5' title="bbox 145 321 1469 363; baseline -0.001 -8"><span class='ocrx_word' id='word_1_37' title='bbox 145 322 351 363; x_wconf 85' lang='lat' dir='ltr'>Imperatoris</span> <span class='ocrx_word' id='word_1_38' title='bbox 364 323 490 354; x_wconf 75' lang='lat' dir='ltr'>OstorIO</span> <span class='ocrx_word' id='word_1_39' title='bbox 504 323 615 363; x_wconf 88' lang='lat' dir='ltr'>aperit.</span> <span class='ocrx_word' id='word_1_40' title='bbox 643 322 668 353; x_wconf 90' lang='lat' dir='ltr'>is</span> <span class='ocrx_word' id='word_1_41' title='bbox 695 322 915 353; x_wconf 90' lang='lat' dir='ltr'>fortitudinem</span> <span class='ocrx_word' id='word_1_42' title='bbox 930 322 1099 354; x_wconf 76' lang='lat' dir='ltr'>adversum</span> <span class='ocrx_word' id='word_1_43' title='bbox 1116 321 1224 352; x_wconf 87' lang='lat' dir='ltr'>hostes</span> <span class='ocrx_word' id='word_1_44' title='bbox 1241 330 1326 362; x_wconf 84' lang='lat' dir='ltr'>saepe</span> <span class='ocrx_word' id='word_1_45' title='bbox 1343 325 1469 362; x_wconf 88' lang='lat' dir='ltr'>specta-</span> 
     </span>
     <span class='ocr_line' id='line_1_6' title="bbox 143 369 1470 411; baseline 0 -10"><span class='ocrx_word' id='word_1_46' title='bbox 143 370 211 401; x_wconf 79' lang='lat' dir='ltr'>tam</span> <span class='ocrx_word' id='word_1_47' title='bbox 236 369 269 401; x_wconf 91' lang='lat' dir='ltr'>in</span> <span class='ocrx_word' id='word_1_48' title='bbox 296 379 329 402; x_wconf 88' lang='lat' dir='ltr'>se</span> <span class='ocrx_word' id='word_1_49' title='bbox 345 370 453 402; x_wconf 88' lang='lat' dir='ltr'>vertit.</span> <span class='ocrx_word' id='word_1_50' title='bbox 479 372 510 401; x_wconf 90' lang='lat' dir='ltr'>et</span> <span class='ocrx_word' id='word_1_51' title='bbox 525 370 599 410; x_wconf 87' lang='lat' dir='ltr'>quia</span> <span class='ocrx_word' id='word_1_52' title='bbox 624 378 716 401; x_wconf 87' lang='lat' dir='ltr'>venae</span> <span class='ocrx_word' id='word_1_53' title='bbox 732 379 929 411; x_wconf 85' lang='lat' dir='ltr'>quamquam</span> <span class='ocrx_word' id='word_1_54' title='bbox 955 370 1145 410; x_wconf 84' lang='lat' dir='ltr'>interruptae</span> <span class='ocrx_word' id='word_1_55' title='bbox 1165 377 1279 410; x_wconf 88' lang='lat' dir='ltr'>parum</span> <span class='ocrx_word' id='word_1_56' title='bbox 1306 370 1470 410; x_wconf 75' lang='lat' dir='ltr'>sanguinis</span> 
     </span>
     <span class='ocr_line' id='line_1_7' title="bbox 143 417 1494 458; baseline 0.001 -10"><span class='ocrx_word' id='word_1_57' title='bbox 143 417 372 456; x_wconf 72' lang='lat' dir='ltr'>effundebant,</span> <span class='ocrx_word' id='word_1_58' title='bbox 398 419 555 449; x_wconf 83' lang='lat' dir='ltr'>hactenus</span> <span class='ocrx_word' id='word_1_59' title='bbox 572 426 669 448; x_wconf 90' lang='lat' dir='ltr'>manu</span> <span class='ocrx_word' id='word_1_60' title='bbox 690 418 774 449; x_wconf 89' lang='lat' dir='ltr'>servi</span> <span class='ocrx_word' id='word_1_61' title='bbox 789 427 885 458; x_wconf 90' lang='lat' dir='ltr'>usus,</span> <span class='ocrx_word' id='word_1_62' title='bbox 909 419 945 449; x_wconf 90' lang='lat' dir='ltr'>ut</span> <span class='ocrx_word' id='word_1_63' title='bbox 961 418 1133 448; x_wconf 86' lang='lat' dir='ltr'>immotum</span> <span class='ocrx_word' id='word_1_64' title='bbox 1153 417 1324 457; x_wconf 84' lang='lat' dir='ltr'>pugionem</span> <span class='ocrx_word' id='word_1_65' title='bbox 1343 417 1472 449; x_wconf 84' lang='lat' dir='ltr'>extolle·</span> <span class='ocrx_word' id='word_1_66' title='bbox 1492 432 1494 434; x_wconf 97' lang='lat'>·</span> 
     </span>
     <span class='ocr_line' id='line_1_8' title="bbox 142 465 1011 506; baseline -0.001 -10"><span class='ocrx_word' id='word_1_67' title='bbox 142 467 209 503; x_wconf 87' lang='lat' dir='ltr'>ret,</span> <span class='ocrx_word' id='word_1_68' title='bbox 225 466 381 505; x_wconf 84' lang='lat' dir='ltr'>appressit</span> <span class='ocrx_word' id='word_1_69' title='bbox 398 465 545 496; x_wconf 80' lang='lat' dir='ltr'>dextram</span> <span class='ocrx_word' id='word_1_70' title='bbox 561 465 628 504; x_wconf 78' lang='lat' dir='ltr'>eius</span> <span class='ocrx_word' id='word_1_71' title='bbox 642 465 817 506; x_wconf 85' lang='lat' dir='ltr'>juguloque</span> <span class='ocrx_word' id='word_1_72' title='bbox 833 465 974 498; x_wconf 85' lang='lat' dir='ltr'>occurrit</span> <span class='ocrx_word' id='word_1_73' title='bbox 987 465 1011 495; x_wconf 80' lang='lat'>².</span> 
     </span>
    </p>

    <p class='ocr_par' dir='ltr' id='par_1_3' title="bbox 140 513 1473 1025">
     <span class='ocr_line' id='line_1_9' title="bbox 183 513 1470 554; baseline 0.001 -12"><span class='ocrx_word' id='word_1_74' title='bbox 183 515 264 543; x_wconf 88' lang='lat' dir='ltr'>XVI.</span> <span class='ocrx_word' id='word_1_75' title='bbox 280 513 381 544; x_wconf 83' lang='lat' dir='ltr'>Etiam</span> <span class='ocrx_word' id='word_1_76' title='bbox 397 513 423 543; x_wconf 88' lang='lat' dir='ltr'>si</span> <span class='ocrx_word' id='word_1_77' title='bbox 440 513 522 544; x_wconf 90' lang='lat' dir='ltr'>bella</span> <span class='ocrx_word' id='word_1_78' title='bbox 536 515 666 544; x_wconf 78' lang='lat' dir='ltr'>externa</span> <span class='ocrx_word' id='word_1_79' title='bbox 683 515 714 544; x_wconf 89' lang='lat' dir='ltr'>et</span> <span class='ocrx_word' id='word_1_80' title='bbox 731 513 834 546; x_wconf 89' lang='lat' dir='ltr'>obitas</span> <span class='ocrx_word' id='word_1_81' title='bbox 850 523 908 554; x_wconf 91' lang='lat' dir='ltr'>pro</span> <span class='ocrx_word' id='word_1_82' title='bbox 925 513 1088 553; x_wconf 82' lang='lat' dir='ltr'>republica</span> <span class='ocrx_word' id='word_1_83' title='bbox 1098 514 1217 544; x_wconf 83' lang='lat' dir='ltr'>mortes</span> <span class='ocrx_word' id='word_1_84' title='bbox 1232 513 1317 543; x_wconf 88' lang='lat' dir='ltr'>tanta</span> <span class='ocrx_word' id='word_1_85' title='bbox 1337 520 1470 543; x_wconf 81' lang='lat' dir='ltr'>casuum</span> 
     </span>
     <span class='ocr_line' id='line_1_10' title="bbox 142 558 1470 601; baseline 0.002 -12"><span class='ocrx_word' id='word_1_86' title='bbox 142 558 356 591; x_wconf 82' lang='lat' dir='ltr'>similitudine</span> <span class='ocrx_word' id='word_1_87' title='bbox 375 569 601 600; x_wconf 79' lang='lat' dir='ltr'>memorarem,</span> <span class='ocrx_word' id='word_1_88' title='bbox 620 569 736 601; x_wconf 87' lang='lat' dir='ltr'>meque</span> <span class='ocrx_word' id='word_1_89' title='bbox 749 561 853 601; x_wconf 85' lang='lat' dir='ltr'>ipsum</span> <span class='ocrx_word' id='word_1_90' title='bbox 869 562 965 593; x_wconf 86' lang='lat' dir='ltr'>satias</span> <span class='ocrx_word' id='word_1_91' title='bbox 976 561 1109 601; x_wconf 80' lang='lat' dir='ltr'>cepisset</span> <span class='ocrx_word' id='word_1_92' title='bbox 1121 560 1320 600; x_wconf 77' lang='lat' dir='ltr'>aliorumque</span> <span class='ocrx_word' id='word_1_93' title='bbox 1339 559 1470 591; x_wconf 61' lang='lat' dir='ltr'>taedium</span> 
     </span>
     <span class='ocr_line' id='line_1_11' title="bbox 142 608 1471 648; baseline 0.001 -11"><span class='ocrx_word' id='word_1_94' title='bbox 142 609 364 646; x_wconf 73' lang='lat' dir='ltr'>exspectarem</span> <span class='ocrx_word' id='word_1_95' title='bbox 382 609 531 648; x_wconf 87' lang='lat' dir='ltr'>quamvis</span> <span class='ocrx_word' id='word_1_96' title='bbox 548 608 698 639; x_wconf 86' lang='lat' dir='ltr'>honestos</span> <span class='ocrx_word' id='word_1_97' title='bbox 715 608 835 639; x_wconf 89' lang='lat' dir='ltr'>civium</span> <span class='ocrx_word' id='word_1_98' title='bbox 855 608 960 640; x_wconf 79' lang='lat' dir='ltr'>exitus</span> <span class='ocrx_word' id='word_1_99' title='bbox 973 633 981 648; x_wconf 93' lang='lat'>,</span> <span class='ocrx_word' id='word_1_100' title='bbox 1007 609 1115 639; x_wconf 80' lang='lat' dir='ltr'>tristes</span> <span class='ocrx_word' id='word_1_101' title='bbox 1132 612 1237 639; x_wconf 81' lang='lat' dir='ltr'>tamen</span> <span class='ocrx_word' id='word_1_102' title='bbox 1256 611 1287 639; x_wconf 87' lang='lat' dir='ltr'>et</span> <span class='ocrx_word' id='word_1_103' title='bbox 1301 608 1471 638; x_wconf 54' lang='lat' dir='ltr'>‹vxztinuos</span> 
     </span>
     <span class='ocr_line' id='line_1_12' title="bbox 141 655 1470 696; baseline 0.002 -13"><span class='ocrx_word' id='word_1_104' title='bbox 141 655 395 693; x_wconf 82' lang='lat' dir='ltr'>aspernantium.</span> <span class='ocrx_word' id='word_1_105' title='bbox 412 657 444 686; x_wconf 88' lang='lat' dir='ltr'>at</span> <span class='ocrx_word' id='word_1_106' title='bbox 457 664 545 687; x_wconf 91' lang='lat' dir='ltr'>nunc</span> <span class='ocrx_word' id='word_1_107' title='bbox 564 655 718 696; x_wconf 86' lang='lat' dir='ltr'>patientia</span> <span class='ocrx_word' id='word_1_108' title='bbox 735 656 860 687; x_wconf 79' lang='lat' dir='ltr'>servilis</span> <span class='ocrx_word' id='word_1_109' title='bbox 875 658 1065 695; x_wconf 84' lang='lat' dir='ltr'>tantumque</span> <span class='ocrx_word' id='word_1_110' title='bbox 1081 655 1243 695; x_wconf 81' lang='lat' dir='ltr'>sanguinis</span> <span class='ocrx_word' id='word_1_111' title='bbox 1262 655 1349 685; x_wconf 79' lang='lat' dir='ltr'>dorni</span> <span class='ocrx_word' id='word_1_112' title='bbox 1364 655 1470 695; x_wconf 89' lang='lat' dir='ltr'>perdi-</span> 
     </span>
     <span class='ocr_line' id='line_1_13' title="bbox 140 698 1470 743; baseline 0.004 -14"><span class='ocrx_word' id='word_1_113' title='bbox 140 698 211 730; x_wconf 82' lang='lat' dir='ltr'>tum</span> <span class='ocrx_word' id='word_1_114' title='bbox 233 701 364 741; x_wconf 82' lang='lat' dir='ltr'>fatigant</span> <span class='ocrx_word' id='word_1_115' title='bbox 380 703 524 735; x_wconf 83' lang='lat' dir='ltr'>animum</span> <span class='ocrx_word' id='word_1_116' title='bbox 548 704 579 734; x_wconf 86' lang='lat' dir='ltr'>et</span> <span class='ocrx_word' id='word_1_117' title='bbox 604 703 757 734; x_wconf 81' lang='lat' dir='ltr'>moestitia</span> <span class='ocrx_word' id='word_1_118' title='bbox 786 703 990 743; x_wconf 84' lang='lat' dir='ltr'>restringunt.</span> <span class='ocrx_word' id='word_1_119' title='bbox 1016 711 1119 743; x_wconf 85' lang='lat' dir='ltr'>neque</span> <span class='ocrx_word' id='word_1_120' title='bbox 1143 703 1237 733; x_wconf 85' lang='lat' dir='ltr'>aliam</span> <span class='ocrx_word' id='word_1_121' title='bbox 1253 702 1470 734; x_wconf 78' lang='lat' dir='ltr'>defensionem</span> 
     </span>
     <span class='ocr_line' id='line_1_14' title="bbox 140 745 1472 790; baseline 0.002 -13"><span class='ocrx_word' id='word_1_122' title='bbox 140 745 181 778; x_wconf 88' lang='lat' dir='ltr'>ab</span> <span class='ocrx_word' id='word_1_123' title='bbox 194 747 232 779; x_wconf 93' lang='lat' dir='ltr'>iis</span> <span class='ocrx_word' id='word_1_124' title='bbox 245 749 364 789; x_wconf 88' lang='lat' dir='ltr'>quibus</span> <span class='ocrx_word' id='word_1_125' title='bbox 379 750 439 782; x_wconf 87' lang='lat' dir='ltr'>ista</span> <span class='ocrx_word' id='word_1_126' title='bbox 452 751 638 789; x_wconf 87' lang='lat' dir='ltr'>noscentur,</span> <span class='ocrx_word' id='word_1_127' title='bbox 650 751 823 790; x_wconf 79' lang='lat' dir='ltr'>exegerim,</span> <span class='ocrx_word' id='word_1_128' title='bbox 843 759 940 790; x_wconf 87' lang='lat' dir='ltr'>quam</span> <span class='ocrx_word' id='word_1_129' title='bbox 956 758 996 781; x_wconf 86' lang='lat' dir='ltr'>ne</span> <span class='ocrx_word' id='word_1_130' title='bbox 1010 749 1145 780; x_wconf 86' lang='lat' dir='ltr'>oderim¹</span> <span class='ocrx_word' id='word_1_131' title='bbox 1168 751 1233 781; x_wconf 89' lang='lat' dir='ltr'>tarn</span> <span class='ocrx_word' id='word_1_132' title='bbox 1249 750 1387 789; x_wconf 75' lang='lat' dir='ltr'>segniter</span> <span class='ocrx_word' id='word_1_133' title='bbox 1399 757 1472 789; x_wconf 89' lang='lat' dir='ltr'>per-</span> 
     </span>
     <span class='ocr_line' id='line_1_15' title="bbox 140 796 1473 838; baseline 0.002 -13"><span class='ocrx_word' id='word_1_134' title='bbox 140 798 267 827; x_wconf 82' lang='lat' dir='ltr'>euntes.</span> <span class='ocrx_word' id='word_1_135' title='bbox 285 797 332 828; x_wconf 90' lang='lat' dir='ltr'>ira</span> <span class='ocrx_word' id='word_1_136' title='bbox 353 798 407 829; x_wconf 87' lang='lat' dir='ltr'>illa</span> <span class='ocrx_word' id='word_1_137' title='bbox 421 798 591 829; x_wconf 84' lang='lat' dir='ltr'>numinum</span> <span class='ocrx_word' id='word_1_138' title='bbox 606 797 639 829; x_wconf 91' lang='lat' dir='ltr'>in</span> <span class='ocrx_word' id='word_1_139' title='bbox 656 806 705 829; x_wconf 86' lang='lat' dir='ltr'>res</span> <span class='ocrx_word' id='word_1_140' title='bbox 719 801 878 829; x_wconf 84' lang='lat' dir='ltr'>Romanas</span> <span class='ocrx_word' id='word_1_141' title='bbox 896 797 975 837; x_wconf 89' lang='lat' dir='ltr'>fuit,</span> <span class='ocrx_word' id='word_1_142' title='bbox 993 806 1089 837; x_wconf 89' lang='lat' dir='ltr'>quam</span> <span class='ocrx_word' id='word_1_143' title='bbox 1106 806 1170 828; x_wconf 89' lang='lat' dir='ltr'>non</span> <span class='ocrx_word' id='word_1_144' title='bbox 1184 822 1193 838; x_wconf 90' lang='lat'>,</span> <span class='ocrx_word' id='word_1_145' title='bbox 1219 800 1256 828; x_wconf 89' lang='lat' dir='ltr'>ut</span> <span class='ocrx_word' id='word_1_146' title='bbox 1270 797 1303 828; x_wconf 93' lang='lat' dir='ltr'>in</span> <span class='ocrx_word' id='word_1_147' title='bbox 1330 796 1473 828; x_wconf 77' lang='lat' dir='ltr'>cladibus</span> 
     </span>
     <span class='ocr_line' id='line_1_16' title="bbox 141 844 1473 887; baseline 0.001 -14"><span class='ocrx_word' id='word_1_148' title='bbox 141 844 343 876; x_wconf 78' lang='lat' dir='ltr'>exercituum</span> <span class='ocrx_word' id='word_1_149' title='bbox 360 846 417 878; x_wconf 86' lang='lat' dir='ltr'>aut</span> <span class='ocrx_word' id='word_1_150' title='bbox 432 846 620 887; x_wconf 81' lang='lat' dir='ltr'>captivitate</span> <span class='ocrx_word' id='word_1_151' title='bbox 636 845 777 886; x_wconf 82' lang='lat' dir='ltr'>urbium,</span> <span class='ocrx_word' id='word_1_152' title='bbox 794 847 892 878; x_wconf 88' lang='lat' dir='ltr'>semel</span> <span class='ocrx_word' id='word_1_153' title='bbox 904 846 991 878; x_wconf 86' lang='lat' dir='ltr'>edito</span> <span class='ocrx_word' id='word_1_154' title='bbox 1007 845 1018 863; x_wconf 78' lang='lat'><em>²</em></span> <span class='ocrx_word' id='word_1_155' title='bbox 1039 846 1175 876; x_wconf 88' lang='lat' dir='ltr'>transire</span> <span class='ocrx_word' id='word_1_156' title='bbox 1192 845 1279 877; x_wconf 86' lang='lat' dir='ltr'>licet.</span> <span class='ocrx_word' id='word_1_157' title='bbox 1298 844 1393 876; x_wconf 85' lang='lat' dir='ltr'>detur</span> <span class='ocrx_word' id='word_1_158' title='bbox 1411 844 1473 875; x_wconf 89' lang='lat' dir='ltr'>hoc</span> 
     </span>
     <span class='ocr_line' id='line_1_17' title="bbox 140 888 1472 934; baseline 0.002 -14"><span class='ocrx_word' id='word_1_159' title='bbox 140 888 313 923; x_wconf 89' lang='lat' dir='ltr'>illustrium</span> <span class='ocrx_word' id='word_1_160' title='bbox 332 893 476 925; x_wconf 87' lang='lat' dir='ltr'>virorum</span> <span class='ocrx_word' id='word_1_161' title='bbox 503 894 706 934; x_wconf 87' lang='lat' dir='ltr'>posteritati,</span> <span class='ocrx_word' id='word_1_162' title='bbox 731 896 784 932; x_wconf 84' lang='lat' dir='ltr'>ut,</span> <span class='ocrx_word' id='word_1_163' title='bbox 804 893 969 934; x_wconf 88' lang='lat' dir='ltr'>quomodo</span> <span class='ocrx_word' id='word_1_164' title='bbox 984 893 1146 932; x_wconf 83' lang='lat' dir='ltr'>exsequiis</span> <span class='ocrx_word' id='word_1_165' title='bbox 1174 901 1191 923; x_wconf 87' lang='lat' dir='ltr'>a</span> <span class='ocrx_word' id='word_1_166' title='bbox 1212 893 1397 933; x_wconf 89' lang='lat' dir='ltr'>promiscua</span> <span class='ocrx_word' id='word_1_167' title='bbox 1422 899 1472 922; x_wconf 90' lang='lat' dir='ltr'>se-</span> 
     </span>
     <span class='ocr_line' id='line_1_18' title="bbox 141 938 1473 981; baseline 0.001 -12"><span class='ocrx_word' id='word_1_168' title='bbox 141 938 271 977; x_wconf 81' lang='lat' dir='ltr'>pultura</span> <span class='ocrx_word' id='word_1_169' title='bbox 295 944 496 981; x_wconf 83' lang='lat' dir='ltr'>separantur,</span> <span class='ocrx_word' id='word_1_170' title='bbox 514 942 558 973; x_wconf 91' lang='lat' dir='ltr'>ita</span> <span class='ocrx_word' id='word_1_171' title='bbox 581 941 615 972; x_wconf 92' lang='lat' dir='ltr'>in</span> <span class='ocrx_word' id='word_1_172' title='bbox 642 941 815 973; x_wconf 83' lang='lat' dir='ltr'>traditione</span> <span class='ocrx_word' id='word_1_173' title='bbox 841 948 1065 979; x_wconf 87' lang='lat' dir='ltr'>supremorum</span> <span class='ocrx_word' id='word_1_174' title='bbox 1088 940 1250 980; x_wconf 88' lang='lat' dir='ltr'>accipiant</span> <span class='ocrx_word' id='word_1_175' title='bbox 1266 939 1473 978; x_wconf 51' lang='lat' dir='ltr'>*habeantque</span> 
     </span>
     <span class='ocr_line' id='line_1_19' title="bbox 140 987 526 1025; baseline 0.013 -10"><span class='ocrx_word' id='word_1_176' title='bbox 140 987 302 1025; x_wconf 85' lang='lat' dir='ltr'>propriam</span> <span class='ocrx_word' id='word_1_177' title='bbox 321 989 526 1020; x_wconf 83' lang='lat' dir='ltr'>memoriam.</span> 
     </span>
    </p>

    <p class='ocr_par' dir='ltr' id='par_1_4' title="bbox 139 1032 1474 2067">
     <span class='ocr_line' id='line_1_20' title="bbox 183 1032 1474 1077; baseline -0.002 -11"><span class='ocrx_word' id='word_1_178' title='bbox 183 1037 282 1066; x_wconf 86' lang='lat' dir='ltr'>xV11.</span> <span class='ocrx_word' id='word_1_179' title='bbox 307 1039 430 1068; x_wconf 88' lang='lat' dir='ltr'>Paucos</span> <span class='ocrx_word' id='word_1_180' title='bbox 451 1037 572 1077; x_wconf 86' lang='lat' dir='ltr'>quippe</span> <span class='ocrx_word' id='word_1_181' title='bbox 585 1036 670 1067; x_wconf 83' lang='lat' dir='ltr'>intra</span> <span class='ocrx_word' id='word_1_182' title='bbox 684 1036 753 1067; x_wconf 90' lang='lat' dir='ltr'>dies</span> <span class='ocrx_word' id='word_1_183' title='bbox 772 1035 885 1067; x_wconf 86' lang='lat' dir='ltr'>eodem</span> <span class='ocrx_word' id='word_1_184' title='bbox 903 1036 1030 1076; x_wconf 86' lang='lat' dir='ltr'>agmine</span> <span class='ocrx_word' id='word_1_185' title='bbox 1053 1039 1193 1068; x_wconf 84' lang='lat' dir='ltr'>Annaeus</span> <span class='ocrx_word' id='word_1_186' title='bbox 1213 1034 1306 1066; x_wconf 84' lang='lat' dir='ltr'>Mella</span> <span class='ocrx_word' id='word_1_187' title='bbox 1320 1058 1329 1075; x_wconf 94' lang='lat'>,</span> <span class='ocrx_word' id='word_1_188' title='bbox 1344 1032 1474 1065; x_wconf 84' lang='lat' dir='ltr'>Cerialis</span> 
     </span>
     <span class='ocr_line' id='line_1_21' title="bbox 139 1081 1472 1124; baseline -0.002 -9"><span class='ocrx_word' id='word_1_189' title='bbox 139 1082 293 1122; x_wconf 85' lang='lat' dir='ltr'>Anicius,</span> <span class='ocrx_word' id='word_1_190' title='bbox 311 1084 423 1115; x_wconf 83' lang='lat' dir='ltr'>Rufius</span> <span class='ocrx_word' id='word_1_191' title='bbox 452 1084 618 1124; x_wconf 87' lang='lat' dir='ltr'>Crispinus</span> <span class='ocrx_word' id='word_1_192' title='bbox 642 1092 679 1114; x_wconf 89' lang='lat' dir='ltr'>ac</span> <span class='ocrx_word' id='word_1_193' title='bbox 704 1087 738 1114; x_wconf 93' lang='lat' dir='ltr'>C.</span> <span class='ocrx_word' id='word_1_194' title='bbox 767 1083 938 1114; x_wconf 84' lang='lat' dir='ltr'>Petronius</span> <span class='ocrx_word' id='word_1_195' title='bbox 955 1083 1112 1115; x_wconf 86' lang='lat' dir='ltr'>cecidere.</span> <span class='ocrx_word' id='word_1_196' title='bbox 1142 1082 1235 1114; x_wconf 85' lang='lat' dir='ltr'>Mella</span> <span class='ocrx_word' id='word_1_197' title='bbox 1257 1083 1289 1113; x_wconf 90' lang='lat' dir='ltr'>et</span> <span class='ocrx_word' id='word_1_198' title='bbox 1306 1081 1472 1122; x_wconf 86' lang='lat' dir='ltr'>Crispinus</span> 
     </span>
     <span class='ocr_line' id='line_1_22' title="bbox 140 1118 1472 1171; baseline -0.001 -10"><span class='ocrx_word' id='word_1_199' title='bbox 140 1130 265 1169; x_wconf 85' lang='lat' dir='ltr'>equites</span> <span class='ocrx_word' id='word_1_200' title='bbox 281 1132 415 1162; x_wconf 84' lang='lat' dir='ltr'>Romani</span> <span class='ocrx_word' id='word_1_201' title='bbox 430 1156 438 1170; x_wconf 92' lang='lat'>,</span> <span class='ocrx_word' id='word_1_202' title='bbox 455 1118 611 1171; x_wconf 65' lang='lat' dir='ltr'>digniiate</span> <span class='ocrx_word' id='word_1_203' title='bbox 628 1130 786 1161; x_wconf 77' lang='lat' dir='ltr'>senatoria</span> <span class='ocrx_word' id='word_1_204' title='bbox 802 1132 825 1161; x_wconf 88' lang='lat'>¹.</span> <span class='ocrx_word' id='word_1_205' title='bbox 844 1139 919 1161; x_wconf 88' lang='lat' dir='ltr'>nam</span> <span class='ocrx_word' id='word_1_206' title='bbox 936 1130 988 1161; x_wconf 93' lang='lat' dir='ltr'>bic</span> <span class='ocrx_word' id='word_1_207' title='bbox 1001 1131 1165 1171; x_wconf 83' lang='lat' dir='ltr'>quondam</span> <span class='ocrx_word' id='word_1_208' title='bbox 1177 1128 1188 1147; x_wconf 87' lang='lat'><em>²</em></span> <span class='ocrx_word' id='word_1_209' title='bbox 1205 1129 1377 1169; x_wconf 72' lang='lat' dir='ltr'>praefectus</span> <span class='ocrx_word' id='word_1_210' title='bbox 1391 1137 1472 1169; x_wconf 81' lang='lat' dir='ltr'>prae-</span> 
     </span>
     <span class='ocr_line' id='line_1_23' title="bbox 142 1175 1471 1217; baseline -0.001 -10"><span class='ocrx_word' id='word_1_211' title='bbox 142 1176 216 1208; x_wconf 83' lang='lat' dir='ltr'>torii</span> <span class='ocrx_word' id='word_1_212' title='bbox 232 1177 263 1206; x_wconf 82' lang='lat' dir='ltr'>et</span> <span class='ocrx_word' id='word_1_213' title='bbox 280 1177 503 1208; x_wconf 74' lang='lat' dir='ltr'>consularibus</span> <span class='ocrx_word' id='word_1_214' title='bbox 522 1177 701 1217; x_wconf 84' lang='lat' dir='ltr'>insignibus</span> <span class='ocrx_word' id='word_1_215' title='bbox 719 1177 857 1208; x_wconf 88' lang='lat' dir='ltr'>donatus</span> <span class='ocrx_word' id='word_1_216' title='bbox 871 1186 908 1208; x_wconf 85' lang='lat' dir='ltr'>ac</span> <span class='ocrx_word' id='word_1_217' title='bbox 925 1186 1028 1217; x_wconf 90' lang='lat' dir='ltr'>nuper</span> <span class='ocrx_word' id='word_1_218' title='bbox 1044 1177 1179 1209; x_wconf 90' lang='lat' dir='ltr'>crimine</span> <span class='ocrx_word' id='word_1_219' title='bbox 1195 1175 1425 1216; x_wconf 87' lang='lat' dir='ltr'>conjurationis</span> <span class='ocrx_word' id='word_1_220' title='bbox 1438 1175 1471 1206; x_wconf 90' lang='lat' dir='ltr'>in</span> 
     </span>
     <span class='ocr_line' id='line_1_24' title="bbox 141 1222 1472 1265; baseline 0 -11"><span class='ocrx_word' id='word_1_221' title='bbox 141 1222 322 1254; x_wconf 73' lang='lat' dir='ltr'>Sardiniam</span> <span class='ocrx_word' id='word_1_222' title='bbox 341 1227 476 1255; x_wconf 69' lang='lat' dir='ltr'>exactus</span> <span class='ocrx_word' id='word_1_223' title='bbox 489 1224 515 1264; x_wconf 77' lang='lat'>³,</span> <span class='ocrx_word' id='word_1_224' title='bbox 531 1227 662 1265; x_wconf 88' lang='lat' dir='ltr'>accepto</span> <span class='ocrx_word' id='word_1_225' title='bbox 675 1224 774 1264; x_wconf 83' lang='lat' dir='ltr'>jussae</span> <span class='ocrx_word' id='word_1_226' title='bbox 792 1225 906 1256; x_wconf 88' lang='lat' dir='ltr'>mortis</span> <span class='ocrx_word' id='word_1_227' title='bbox 927 1225 1041 1256; x_wconf 88' lang='lat' dir='ltr'>nuntio</span> <span class='ocrx_word' id='word_1_228' title='bbox 1058 1225 1160 1256; x_wconf 90' lang='lat' dir='ltr'>semet</span> <span class='ocrx_word' id='word_1_229' title='bbox 1174 1223 1347 1255; x_wconf 86' lang='lat' dir='ltr'>interfecit.</span> <span class='ocrx_word' id='word_1_230' title='bbox 1365 1222 1472 1263; x_wconf 86' lang='lat' dir='ltr'>Mella,</span> 
     </span>
     <span class='ocr_line' id='line_1_25' title="bbox 141 1270 1473 1312; baseline 0.001 -12"><span class='ocrx_word' id='word_1_231' title='bbox 141 1270 260 1310; x_wconf 81' lang='lat' dir='ltr'>quibus</span> <span class='ocrx_word' id='word_1_232' title='bbox 280 1271 380 1302; x_wconf 78' lang='lat' dir='ltr'>Gallio</span> <span class='ocrx_word' id='word_1_233' title='bbox 396 1271 401 1289; x_wconf 74' lang='lat'><em>⁵</em></span> <span class='ocrx_word' id='word_1_234' title='bbox 423 1274 455 1303; x_wconf 89' lang='lat' dir='ltr'>et</span> <span class='ocrx_word' id='word_1_235' title='bbox 467 1275 596 1311; x_wconf 86' lang='lat' dir='ltr'>Seneca,</span> <span class='ocrx_word' id='word_1_236' title='bbox 616 1272 801 1312; x_wconf 85' lang='lat' dir='ltr'>parentibus</span> <span class='ocrx_word' id='word_1_237' title='bbox 817 1275 911 1303; x_wconf 87' lang='lat' dir='ltr'>natus</span> <span class='ocrx_word' id='word_1_238' title='bbox 929 1272 1085 1312; x_wconf 84' lang='lat' dir='ltr'>petitione</span> <span class='ocrx_word' id='word_1_239' title='bbox 1102 1272 1262 1303; x_wconf 87' lang='lat' dir='ltr'>bonorum</span> <span class='ocrx_word' id='word_1_240' title='bbox 1275 1270 1473 1302; x_wconf 80' lang='lat' dir='ltr'>abstinuerat</span> 
     </span>
     <span class='ocr_line' id='line_1_26' title="bbox 141 1315 1471 1360; baseline -0.001 -12"><span class='ocrx_word' id='word_1_241' title='bbox 141 1326 196 1358; x_wconf 89' lang='lat' dir='ltr'>per</span> <span class='ocrx_word' id='word_1_242' title='bbox 208 1318 418 1349; x_wconf 83' lang='lat' dir='ltr'>ambitionem</span> <span class='ocrx_word' id='word_1_243' title='bbox 437 1322 667 1360; x_wconf 69' lang='lat' dir='ltr'>praeposteram</span> <span class='ocrx_word' id='word_1_244' title='bbox 686 1319 710 1357; x_wconf 73' lang='lat'>⁵,</span> <span class='ocrx_word' id='word_1_245' title='bbox 730 1321 767 1350; x_wconf 95' lang='lat' dir='ltr'>ut</span> <span class='ocrx_word' id='word_1_246' title='bbox 782 1328 880 1359; x_wconf 80' lang='lat' dir='ltr'>eques</span> <span class='ocrx_word' id='word_1_247' title='bbox 904 1323 1068 1351; x_wconf 87' lang='lat' dir='ltr'>Romanus</span> <span class='ocrx_word' id='word_1_248' title='bbox 1085 1318 1311 1351; x_wconf 84' lang='lat' dir='ltr'>consularibus</span> <span class='ocrx_word' id='word_1_249' title='bbox 1327 1315 1471 1359; x_wconf 87' lang='lat' dir='ltr'>potentia</span> 
     </span>
     <span class='ocr_line' id='line_1_27' title="bbox 140 1366 1471 1407; baseline 0 -12"><span class='ocrx_word' id='word_1_250' title='bbox 140 1368 341 1404; x_wconf 76' lang='lat' dir='ltr'>aequaretur3</span> <span class='ocrx_word' id='word_1_251' title='bbox 363 1367 457 1397; x_wconf 87' lang='lat' dir='ltr'>simul</span> <span class='ocrx_word' id='word_1_252' title='bbox 476 1367 681 1407; x_wconf 80' lang='lat' dir='ltr'>acquirendae</span> <span class='ocrx_word' id='word_1_253' title='bbox 709 1367 854 1406; x_wconf 85' lang='lat' dir='ltr'>pecuniae</span> <span class='ocrx_word' id='word_1_254' title='bbox 879 1366 1012 1398; x_wconf 82' lang='lat' dir='ltr'>brevius</span> <span class='ocrx_word' id='word_1_255' title='bbox 1029 1367 1090 1398; x_wconf 90' lang='lat' dir='ltr'>iter</span> <span class='ocrx_word' id='word_1_256' title='bbox 1115 1366 1266 1398; x_wconf 89' lang='lat' dir='ltr'>credebat</span> <span class='ocrx_word' id='word_1_257' title='bbox 1282 1374 1338 1406; x_wconf 82' lang='lat' dir='ltr'>per</span> <span class='ocrx_word' id='word_1_258' title='bbox 1353 1372 1471 1405; x_wconf 87' lang='lat' dir='ltr'>procu·</span> 
     </span>
     <span class='ocr_line' id='line_1_28' title="bbox 141 1411 1471 1453; baseline 0.001 -11"><span class='ocrx_word' id='word_1_259' title='bbox 141 1411 281 1444; x_wconf 86' lang='lat' dir='ltr'>rationes</span> <span class='ocrx_word' id='word_1_260' title='bbox 300 1413 565 1445; x_wconf 87' lang='lat' dir='ltr'>administrandis</span> <span class='ocrx_word' id='word_1_261' title='bbox 588 1414 742 1453; x_wconf 86' lang='lat' dir='ltr'>Principis</span> <span class='ocrx_word' id='word_1_262' title='bbox 771 1414 918 1450; x_wconf 64' lang='lat' dir='ltr'>negotiis.</span> <span class='ocrx_word' id='word_1_263' title='bbox 947 1414 1033 1445; x_wconf 91' lang='lat' dir='ltr'>idem</span> <span class='ocrx_word' id='word_1_264' title='bbox 1052 1417 1210 1445; x_wconf 82' lang='lat' dir='ltr'>Annaeum</span> <span class='ocrx_word' id='word_1_265' title='bbox 1235 1417 1400 1444; x_wconf 89' lang='lat' dir='ltr'>Lucanum</span> <span class='ocrx_word' id='word_1_266' title='bbox 1417 1421 1471 1452; x_wconf 81' lang='lat' dir='ltr'>ge-</span> 
     </span>
     <span class='ocr_line' id='line_1_29' title="bbox 140 1459 1471 1502; baseline 0 -12"><span class='ocrx_word' id='word_1_267' title='bbox 140 1461 270 1499; x_wconf 88' lang='lat' dir='ltr'>nuerat,</span> <span class='ocrx_word' id='word_1_268' title='bbox 294 1461 413 1500; x_wconf 83' lang='lat' dir='ltr'>grande</span> <span class='ocrx_word' id='word_1_269' title='bbox 433 1461 656 1502; x_wconf 87' lang='lat' dir='ltr'>adjumentum</span> <span class='ocrx_word' id='word_1_270' title='bbox 679 1461 895 1492; x_wconf 84' lang='lat' dir='ltr'>claritudinis.</span> <span class='ocrx_word' id='word_1_271' title='bbox 913 1470 977 1501; x_wconf 85' lang='lat' dir='ltr'>quo</span> <span class='ocrx_word' id='word_1_272' title='bbox 997 1461 1165 1493; x_wconf 85' lang='lat' dir='ltr'>interfecto</span> <span class='ocrx_word' id='word_1_273' title='bbox 1182 1461 1259 1491; x_wconf 90' lang='lat' dir='ltr'>dum</span> <span class='ocrx_word' id='word_1_274' title='bbox 1284 1469 1350 1491; x_wconf 88' lang='lat' dir='ltr'>rem</span> <span class='ocrx_word' id='word_1_275' title='bbox 1376 1459 1471 1491; x_wconf 85' lang='lat' dir='ltr'>fami·</span> 
     </span>
     <span class='ocr_line' id='line_1_30' title="bbox 141 1504 1471 1549; baseline 0.002 -12"><span class='ocrx_word' id='word_1_276' title='bbox 141 1504 251 1538; x_wconf 87' lang='lat' dir='ltr'>liarem</span> <span class='ocrx_word' id='word_1_277' title='bbox 269 1508 335 1546; x_wconf 87' lang='lat' dir='ltr'>ejus</span> <span class='ocrx_word' id='word_1_278' title='bbox 353 1508 469 1540; x_wconf 87' lang='lat' dir='ltr'>acriter</span> <span class='ocrx_word' id='word_1_279' title='bbox 486 1508 639 1549; x_wconf 86' lang='lat' dir='ltr'>requirit,</span> <span class='ocrx_word' id='word_1_280' title='bbox 657 1511 876 1540; x_wconf 81' lang='lat' dir='ltr'>accusatorem</span> <span class='ocrx_word' id='word_1_281' title='bbox 897 1509 1038 1540; x_wconf 85' lang='lat' dir='ltr'>concivit</span> <span class='ocrx_word' id='word_1_282' title='bbox 1060 1508 1192 1540; x_wconf 88' lang='lat' dir='ltr'>Fabium</span> <span class='ocrx_word' id='word_1_283' title='bbox 1210 1512 1392 1539; x_wconf 86' lang='lat' dir='ltr'>Romanum</span> <span class='ocrx_word' id='word_1_284' title='bbox 1406 1531 1414 1546; x_wconf 90' lang='lat'>‚</span> <span class='ocrx_word' id='word_1_285' title='bbox 1432 1516 1471 1539; x_wconf 82' lang='lat' dir='ltr'>ex</span> 
     </span>
     <span class='ocr_line' id='line_1_31' title="bbox 141 1554 1471 1596; baseline 0.002 -12"><span class='ocrx_word' id='word_1_286' title='bbox 141 1554 264 1585; x_wconf 79' lang='lat' dir='ltr'>intimis</span> <span class='ocrx_word' id='word_1_287' title='bbox 295 1556 414 1586; x_wconf 87' lang='lat' dir='ltr'>Lucani</span> <span class='ocrx_word' id='word_1_288' title='bbox 443 1556 568 1587; x_wconf 88' lang='lat' dir='ltr'>amicis.</span> <span class='ocrx_word' id='word_1_289' title='bbox 595 1558 709 1587; x_wconf 67' lang='lat' dir='ltr'>mioeta</span> <span class='ocrx_word' id='word_1_290' title='bbox 736 1558 827 1586; x_wconf 73' lang='lat' dir='ltr'>inter</span> <span class='ocrx_word' id='word_1_291' title='bbox 848 1558 986 1595; x_wconf 79' lang='lat' dir='ltr'>patrem</span> <span class='ocrx_word' id='word_1_292' title='bbox 1004 1555 1192 1596; x_wconf 72' lang='lat' dir='ltr'>filiumque</span> <span class='ocrx_word' id='word_1_293' title='bbox 1221 1555 1471 1594; x_wconf 70' lang='lat' dir='ltr'>conjurationis</span> 
     </span>
     <span class='ocr_line' id='line_1_32' title="bbox 141 1601 1471 1642; baseline 0.002 -11"><span class='ocrx_word' id='word_1_294' title='bbox 141 1602 285 1633; x_wconf 73' lang='lat' dir='ltr'>scientia</span> <span class='ocrx_word' id='word_1_295' title='bbox 298 1601 441 1642; x_wconf 82' lang='lat' dir='ltr'>tingitur,</span> <span class='ocrx_word' id='word_1_296' title='bbox 457 1602 653 1634; x_wconf 85' lang='lat' dir='ltr'>assimulatis</span> <span class='ocrx_word' id='word_1_297' title='bbox 666 1603 677 1620; x_wconf 78' lang='lat'><strong>⁶</strong></span> <span class='ocrx_word' id='word_1_298' title='bbox 694 1603 812 1633; x_wconf 86' lang='lat' dir='ltr'>Lucani</span> <span class='ocrx_word' id='word_1_299' title='bbox 831 1603 954 1633; x_wconf 87' lang='lat' dir='ltr'>litteris.</span> <span class='ocrx_word' id='word_1_300' title='bbox 979 1611 1060 1642; x_wconf 88' lang='lat' dir='ltr'>quas</span> <span class='ocrx_word' id='word_1_301' title='bbox 1087 1602 1248 1641; x_wconf 79' lang='lat' dir='ltr'>inspectas</span> <span class='ocrx_word' id='word_1_302' title='bbox 1271 1605 1353 1632; x_wconf 86' lang='lat' dir='ltr'>Nero</span> <span class='ocrx_word' id='word_1_303' title='bbox 1368 1601 1471 1640; x_wconf 82' lang='lat' dir='ltr'>ferre</span> 
     </span>
     <span class='ocr_line' id='line_1_33' title="bbox 141 1647 1467 1689; baseline 0 -10"><span class='ocrx_word' id='word_1_304' title='bbox 141 1647 188 1679; x_wconf 83' lang='lat' dir='ltr'>ad</span> <span class='ocrx_word' id='word_1_305' title='bbox 207 1656 285 1679; x_wconf 81' lang='lat' dir='ltr'>eum</span> <span class='ocrx_word' id='word_1_306' title='bbox 304 1649 403 1688; x_wconf 84' lang='lat' dir='ltr'>jussit</span> <span class='ocrx_word' id='word_1_307' title='bbox 418 1649 445 1689; x_wconf 81' lang='lat'>⁷,</span> <span class='ocrx_word' id='word_1_308' title='bbox 462 1649 577 1689; x_wconf 91' lang='lat' dir='ltr'>opibus</span> <span class='ocrx_word' id='word_1_309' title='bbox 595 1650 662 1689; x_wconf 88' lang='lat' dir='ltr'>ejus</span> <span class='ocrx_word' id='word_1_310' title='bbox 684 1649 821 1679; x_wconf 84' lang='lat' dir='ltr'>inhians.</span> <span class='ocrx_word' id='word_1_311' title='bbox 847 1652 878 1679; x_wconf 89' lang='lat' dir='ltr'>at</span> <span class='ocrx_word' id='word_1_312' title='bbox 896 1649 1008 1688; x_wconf 84' lang='lat' dir='ltr'>Mella,</span> <span class='ocrx_word' id='word_1_313' title='bbox 1026 1651 1181 1688; x_wconf 80' lang='lat' dir='ltr'>quactum</span> <span class='ocrx_word' id='word_1_314' title='bbox 1198 1648 1440 1688; x_wconf 83' lang='lat' dir='ltr'>promptissima</span> <span class='ocrx_word' id='word_1_315' title='bbox 1456 1648 1467 1666; x_wconf 82' lang='lat'>¹⁵</span> 
     </span>
     <span class='ocr_line' id='line_1_34' title="bbox 141 1695 1469 1736; baseline 0.002 -11"><span class='ocrx_word' id='word_1_316' title='bbox 141 1695 253 1726; x_wconf 85' lang='lat' dir='ltr'>mortis</span> <span class='ocrx_word' id='word_1_317' title='bbox 267 1695 336 1735; x_wconf 91' lang='lat' dir='ltr'>via,</span> <span class='ocrx_word' id='word_1_318' title='bbox 355 1696 493 1728; x_wconf 86' lang='lat' dir='ltr'>exsolvit</span> <span class='ocrx_word' id='word_1_319' title='bbox 509 1705 624 1735; x_wconf 87' lang='lat' dir='ltr'>venas,</span> <span class='ocrx_word' id='word_1_320' title='bbox 646 1696 775 1736; x_wconf 86' lang='lat' dir='ltr'>scriptis</span> <span class='ocrx_word' id='word_1_321' title='bbox 797 1695 969 1736; x_wconf 84' lang='lat' dir='ltr'>codicillis,</span> <span class='ocrx_word' id='word_1_322' title='bbox 990 1696 1108 1735; x_wconf 89' lang='lat' dir='ltr'>quibus</span> <span class='ocrx_word' id='word_1_323' title='bbox 1130 1696 1283 1735; x_wconf 81' lang='lat' dir='ltr'>grandem</span> <span class='ocrx_word' id='word_1_324' title='bbox 1301 1696 1469 1735; x_wconf 86' lang='lat' dir='ltr'>pecuniam</span> 
     </span>
     <span class='ocr_line' id='line_1_35' title="bbox 141 1741 1470 1784; baseline 0.001 -11"><span class='ocrx_word' id='word_1_325' title='bbox 141 1741 173 1773; x_wconf 91' lang='lat' dir='ltr'>in</span> <span class='ocrx_word' id='word_1_326' title='bbox 199 1742 389 1782; x_wconf 89' lang='lat' dir='ltr'>Tigellinum</span> <span class='ocrx_word' id='word_1_327' title='bbox 408 1752 626 1784; x_wconf 87' lang='lat' dir='ltr'>generumque</span> <span class='ocrx_word' id='word_1_328' title='bbox 655 1744 724 1781; x_wconf 77' lang='lat' dir='ltr'>ejiis</span> <span class='ocrx_word' id='word_1_329' title='bbox 746 1743 974 1774; x_wconf 88' lang='lat' dir='ltr'>Cossutianum</span> <span class='ocrx_word' id='word_1_330' title='bbox 1000 1743 1186 1783; x_wconf 77' lang='lat' dir='ltr'>Capitonem</span> <span class='ocrx_word' id='word_1_331' title='bbox 1204 1742 1375 1782; x_wconf 82' lang='lat' dir='ltr'>erogabat,</span> <span class='ocrx_word' id='word_1_332' title='bbox 1405 1751 1470 1783; x_wconf 86' lang='lat' dir='ltr'>quo</span> 
     </span>
     <span class='ocr_line' id='line_1_36' title="bbox 141 1789 1471 1830; baseline -0.001 -8"><span class='ocrx_word' id='word_1_333' title='bbox 141 1791 247 1822; x_wconf 87' lang='lat' dir='ltr'>cetera</span> <span class='ocrx_word' id='word_1_334' title='bbox 264 1792 443 1822; x_wconf 88' lang='lat' dir='ltr'>manerent.</span> <span class='ocrx_word' id='word_1_335' title='bbox 473 1790 602 1822; x_wconf 80' lang='lat' dir='ltr'>additur</span> <span class='ocrx_word' id='word_1_336' title='bbox 618 1790 776 1821; x_wconf 87' lang='lat' dir='ltr'>codicillis</span> <span class='ocrx_word' id='word_1_337' title='bbox 798 1792 952 1830; x_wconf 85' lang='lat' dir='ltr'>tanquam</span> <span class='ocrx_word' id='word_1_338' title='bbox 974 1790 1013 1821; x_wconf 92' lang='lat' dir='ltr'>de</span> <span class='ocrx_word' id='word_1_339' title='bbox 1030 1789 1201 1830; x_wconf 85' lang='lat' dir='ltr'>iniquitate</span> <span class='ocrx_word' id='word_1_340' title='bbox 1226 1789 1315 1821; x_wconf 81' lang='lat' dir='ltr'>exitii</span> <span class='ocrx_word' id='word_1_341' title='bbox 1333 1797 1471 1830; x_wconf 86' lang='lat' dir='ltr'>querens</span> 
     </span>
     <span class='ocr_line' id='line_1_37' title="bbox 142 1836 1470 1878; baseline 0 -10"><span class='ocrx_word' id='word_1_342' title='bbox 142 1836 184 1868; x_wconf 90' lang='lat' dir='ltr'>ita</span> <span class='ocrx_word' id='word_1_343' title='bbox 201 1837 380 1877; x_wconf 85' lang='lat' dir='ltr'>scripsisse,</span> <span class='ocrx_word' id='word_1_344' title='bbox 405 1846 439 1869; x_wconf 84' lang='lat' dir='ltr'>se</span> <span class='ocrx_word' id='word_1_345' title='bbox 460 1837 597 1878; x_wconf 77' lang='lat' dir='ltr'>quidem</span> <span class='ocrx_word' id='word_1_346' title='bbox 618 1839 705 1868; x_wconf 74' lang='lat' dir='ltr'>mori</span> <span class='ocrx_word' id='word_1_347' title='bbox 728 1837 834 1868; x_wconf 70' lang='lat' dir='ltr'>nullis</span> <span class='ocrx_word' id='word_1_348' title='bbox 855 1838 1016 1877; x_wconf 70' lang='lat' dir='ltr'>supplicii</span> <span class='ocrx_word' id='word_1_349' title='bbox 1031 1839 1144 1868; x_wconf 71' lang='lat' dir='ltr'>causis</span> <span class='ocrx_word' id='word_1_350' title='bbox 1157 1861 1165 1876; x_wconf 91' lang='lat'>,</span> <span class='ocrx_word' id='word_1_351' title='bbox 1187 1836 1326 1877; x_wconf 70' lang='lat' dir='ltr'>thfium</span> <span class='ocrx_word' id='word_1_352' title='bbox 1351 1838 1470 1868; x_wconf 79' lang='lat' dir='ltr'>autem</span> 
     </span>
     <span class='ocr_line' id='line_1_38' title="bbox 142 1883 1469 1924; baseline -0.001 -8"><span class='ocrx_word' id='word_1_353' title='bbox 142 1886 342 1924; x_wconf 71' lang='lat' dir='ltr'>Crispinum</span> <span class='ocrx_word' id='word_1_354' title='bbox 359 1887 391 1916; x_wconf 78' lang='lat' dir='ltr'>et</span> <span class='ocrx_word' id='word_1_355' title='bbox 405 1886 561 1916; x_wconf 73' lang='lat' dir='ltr'>Anicium</span> <span class='ocrx_word' id='word_1_356' title='bbox 583 1885 751 1917; x_wconf 72' lang='lat' dir='ltr'>Cerialem</span> <span class='ocrx_word' id='word_1_357' title='bbox 766 1886 841 1916; x_wconf 74' lang='lat' dir='ltr'>vita</span> <span class='ocrx_word' id='word_1_358' title='bbox 849 1884 932 1923; x_wconf 70' lang='lat' dir='ltr'>frui</span> <span class='ocrx_word' id='word_1_359' title='bbox 946 1883 1098 1924; x_wconf 75' lang='lat' dir='ltr'>infensos</span> <span class='ocrx_word' id='word_1_360' title='bbox 1111 1885 1279 1924; x_wconf 68' lang='lat' dir='ltr'>principi.</span> <span class='ocrx_word' id='word_1_361' title='bbox 1297 1892 1370 1924; x_wconf 83' lang='lat' dir='ltr'>quae</span> <span class='ocrx_word' id='word_1_362' title='bbox 1384 1892 1469 1915; x_wconf 87' lang='lat' dir='ltr'>corn-</span> 
     </span>
     <span class='ocr_line' id='line_1_39' title="bbox 142 1930 1469 1972; baseline -0.002 -9"><span class='ocrx_word' id='word_1_363' title='bbox 142 1933 246 1971; x_wconf 79' lang='lat' dir='ltr'>posita</span> <span class='ocrx_word' id='word_1_364' title='bbox 263 1931 477 1963; x_wconf 87' lang='lat' dir='ltr'>credebantur</span> <span class='ocrx_word' id='word_1_365' title='bbox 490 1931 530 1963; x_wconf 88' lang='lat' dir='ltr'>de</span> <span class='ocrx_word' id='word_1_366' title='bbox 544 1932 709 1972; x_wconf 89' lang='lat' dir='ltr'>Crispino,</span> <span class='ocrx_word' id='word_1_367' title='bbox 731 1931 807 1972; x_wconf 87' lang='lat' dir='ltr'>quia</span> <span class='ocrx_word' id='word_1_368' title='bbox 823 1932 1011 1963; x_wconf 88' lang='lat' dir='ltr'>interfectus</span> <span class='ocrx_word' id='word_1_369' title='bbox 1024 1933 1114 1970; x_wconf 89' lang='lat' dir='ltr'>erat,</span> <span class='ocrx_word' id='word_1_370' title='bbox 1137 1930 1175 1962; x_wconf 91' lang='lat' dir='ltr'>de</span> <span class='ocrx_word' id='word_1_371' title='bbox 1192 1931 1329 1970; x_wconf 89' lang='lat' dir='ltr'>Ceriale,</span> <span class='ocrx_word' id='word_1_372' title='bbox 1358 1933 1393 1962; x_wconf 91' lang='lat' dir='ltr'>ut</span> <span class='ocrx_word' id='word_1_373' title='bbox 1418 1930 1469 1961; x_wconf 87' lang='lat' dir='ltr'>in-</span> 
     </span>
     <span class='ocr_line' id='line_1_40' title="bbox 144 1978 1467 2020; baseline -0.001 -11"><span class='ocrx_word' id='word_1_374' title='bbox 144 1978 350 2011; x_wconf 82' lang='lat' dir='ltr'>terficeretur.</span> <span class='ocrx_word' id='word_1_375' title='bbox 367 1988 473 2020; x_wconf 88' lang='lat' dir='ltr'>neque</span> <span class='ocrx_word' id='word_1_376' title='bbox 488 1979 573 2011; x_wconf 91' lang='lat' dir='ltr'>enim</span> <span class='ocrx_word' id='word_1_377' title='bbox 589 1979 693 2010; x_wconf 86' lang='lat' dir='ltr'>multo</span> <span class='ocrx_word' id='word_1_378' title='bbox 708 1980 780 2019; x_wconf 88' lang='lat' dir='ltr'>post</span> <span class='ocrx_word' id='word_1_379' title='bbox 796 1979 862 2010; x_wconf 91' lang='lat' dir='ltr'>vim</span> <span class='ocrx_word' id='word_1_380' title='bbox 880 1979 939 2010; x_wconf 91' lang='lat' dir='ltr'>sibi</span> <span class='ocrx_word' id='word_1_381' title='bbox 957 1979 1087 2018; x_wconf 88' lang='lat' dir='ltr'>attulit,</span> <span class='ocrx_word' id='word_1_382' title='bbox 1106 1979 1230 2010; x_wconf 87' lang='lat' dir='ltr'>minore</span> <span class='ocrx_word' id='word_1_383' title='bbox 1247 1987 1347 2018; x_wconf 90' lang='lat' dir='ltr'>quam</span> <span class='ocrx_word' id='word_1_384' title='bbox 1370 1978 1467 2010; x_wconf 86' lang='lat' dir='ltr'>ceteri</span> 
     </span>
     <span class='ocr_line' id='line_1_41' title="bbox 143 2025 1467 2067; baseline 0.001 -12"><span class='ocrx_word' id='word_1_385' title='bbox 143 2025 440 2067; x_wconf 88' lang='lat' dir='ltr'>miseratione,quia</span> <span class='ocrx_word' id='word_1_386' title='bbox 457 2026 616 2067; x_wconf 87' lang='lat' dir='ltr'>proditam</span> <span class='ocrx_word' id='word_1_387' title='bbox 634 2029 666 2058; x_wconf 90' lang='lat' dir='ltr'>C.</span> <span class='ocrx_word' id='word_1_388' title='bbox 683 2026 801 2057; x_wconf 85' lang='lat' dir='ltr'>Caesari</span> <span class='ocrx_word' id='word_1_389' title='bbox 814 2026 1068 2067; x_wconf 88' lang='lat' dir='ltr'>conjurationem</span> <span class='ocrx_word' id='word_1_390' title='bbox 1086 2027 1097 2044; x_wconf 77' lang='lat'><strong>³</strong></span> <span class='ocrx_word' id='word_1_391' title='bbox 1121 2025 1161 2057; x_wconf 91' lang='lat' dir='ltr'>ab</span> <span class='ocrx_word' id='word_1_392' title='bbox 1178 2034 1215 2057; x_wconf 91' lang='lat' dir='ltr'>eo</span> <span class='ocrx_word' id='word_1_393' title='bbox 1240 2025 1467 2057; x_wconf 84' lang='lat' dir='ltr'>meminerant.</span> 
     </span>
    </p>
   </div>
   <div class='ocr_carea' id='block_1_3' title="bbox 141 2098 1468 2413">
    <p class='ocr_par' dir='ltr' id='par_1_5' title="bbox 172 2098 1169 2128">
     <span class='ocr_line' id='line_1_42' title="bbox 172 2098 1169 2128; baseline -0.001 -7"><span class='ocrx_word' id='word_1_394' title='bbox 172 2099 225 2121; x_wconf 81' lang='lat' dir='ltr'>XV.</span> <span class='ocrx_word' id='word_1_395' title='bbox 242 2104 262 2122; x_wconf 84' lang='grc' dir='ltr'>ι.</span> <span class='ocrx_word' id='word_1_396' title='bbox 277 2099 336 2123; x_wconf 91' lang='lat' dir='ltr'>Vid.</span> <span class='ocrx_word' id='word_1_397' title='bbox 350 2098 410 2128; x_wconf 83' lang='lat' dir='ltr'>XII,</span> <span class='ocrx_word' id='word_1_398' title='bbox 428 2103 529 2123; x_wconf 66' lang='lat'>51.—2.</span> <span class='ocrx_word' id='word_1_399' title='bbox 550 2098 812 2128; x_wconf 74' lang='lat' dir='ltr'>AdmovitJugulum</span> <span class='ocrx_word' id='word_1_400' title='bbox 828 2098 930 2122; x_wconf 85' lang='lat' dir='ltr'>dextrae</span> <span class='ocrx_word' id='word_1_401' title='bbox 942 2098 1014 2122; x_wconf 87' lang='lat' dir='ltr'>servi</span> <span class='ocrx_word' id='word_1_402' title='bbox 1027 2103 1169 2128; x_wconf 85' lang='lat' dir='ltr'>appressae.</span> 
     </span>
    </p>

    <p class='ocr_par' dir='ltr' id='par_1_6' title="bbox 172 2133 1331 2163">
     <span class='ocr_line' id='line_1_43' title="bbox 172 2133 1331 2163; baseline -0.001 -7"><span class='ocrx_word' id='word_1_403' title='bbox 172 2133 240 2157; x_wconf 79' lang='lat' dir='ltr'>XVI.</span> <span class='ocrx_word' id='word_1_404' title='bbox 258 2140 280 2159; x_wconf 81' lang='grc' dir='ltr'>ι.</span> <span class='ocrx_word' id='word_1_405' title='bbox 295 2135 388 2159; x_wconf 79' lang='lat' dir='ltr'>Odisse</span> <span class='ocrx_word' id='word_1_406' title='bbox 405 2134 562 2158; x_wconf 58' lang='lat' dir='ltr'>videare-2.</span> <span class='ocrx_word' id='word_1_407' title='bbox 575 2135 720 2163; x_wconf 87' lang='lat' dir='ltr'>Postquam</span> <span class='ocrx_word' id='word_1_408' title='bbox 734 2134 818 2158; x_wconf 87' lang='lat' dir='ltr'>semel</span> <span class='ocrx_word' id='word_1_409' title='bbox 832 2134 865 2158; x_wconf 88' lang='lat' dir='ltr'>de</span> <span class='ocrx_word' id='word_1_410' title='bbox 879 2140 910 2158; x_wconf 89' lang='lat' dir='ltr'>ea</span> <span class='ocrx_word' id='word_1_411' title='bbox 919 2140 948 2157; x_wconf 86' lang='lat' dir='ltr'>re</span> <span class='ocrx_word' id='word_1_412' title='bbox 961 2133 1108 2163; x_wconf 84' lang='lat' dir='ltr'>proditum,</span> <span class='ocrx_word' id='word_1_413' title='bbox 1123 2134 1263 2156; x_wconf 88' lang='lat' dir='ltr'>narratum</span> <span class='ocrx_word' id='word_1_414' title='bbox 1280 2133 1331 2156; x_wconf 81' lang='lat' dir='ltr'>est.</span> 
     </span>
    </p>

    <p class='ocr_par' dir='ltr' id='par_1_7' title="bbox 141 2168 1468 2413">
     <span class='ocr_line' id='line_1_44' title="bbox 171 2168 1467 2200; baseline 0 -9"><span class='ocrx_word' id='word_1_415' title='bbox 171 2169 249 2192; x_wconf 80' lang='lat' dir='ltr'>XVII.</span> <span class='ocrx_word' id='word_1_416' title='bbox 264 2175 282 2193; x_wconf 81' lang='grc' dir='ltr'>ι.</span> <span class='ocrx_word' id='word_1_417' title='bbox 295 2170 355 2194; x_wconf 85' lang='lat' dir='ltr'>Sive</span> <span class='ocrx_word' id='word_1_418' title='bbox 370 2170 509 2198; x_wconf 78' lang='lat' dir='ltr'>illustres,</span> <span class='ocrx_word' id='word_1_419' title='bbox 531 2175 643 2193; x_wconf 89' lang='lat' dir='ltr'>censum</span> <span class='ocrx_word' id='word_1_420' title='bbox 657 2171 822 2193; x_wconf 89' lang='lat' dir='ltr'>senatorium</span> <span class='ocrx_word' id='word_1_421' title='bbox 842 2169 1012 2200; x_wconf 86' lang='lat' dir='ltr'>possidentes</span> <span class='ocrx_word' id='word_1_422' title='bbox 1027 2169 1054 2193; x_wconf 85' lang='lat' dir='ltr'>et</span> <span class='ocrx_word' id='word_1_423' title='bbox 1064 2169 1118 2192; x_wconf 87' lang='lat' dir='ltr'>lato</span> <span class='ocrx_word' id='word_1_424' title='bbox 1133 2168 1219 2197; x_wconf 82' lang='lat' dir='ltr'>clav0,</span> <span class='ocrx_word' id='word_1_425' title='bbox 1231 2168 1365 2197; x_wconf 88' lang='lat' dir='ltr'>permissu</span> <span class='ocrx_word' id='word_1_426' title='bbox 1378 2168 1467 2197; x_wconf 86' lang='lat' dir='ltr'>Impe-</span> 
     </span>
     <span class='ocr_line' id='line_1_45' title="bbox 143 2201 1468 2234; baseline -0.001 -7"><span class='ocrx_word' id='word_1_427' title='bbox 143 2205 251 2234; x_wconf 83' lang='lat' dir='ltr'>ratoris,</span> <span class='ocrx_word' id='word_1_428' title='bbox 267 2206 439 2230; x_wconf 66' lang='lat' dir='ltr'>utentes—2.</span> <span class='ocrx_word' id='word_1_429' title='bbox 455 2205 509 2229; x_wconf 89' lang='lat' dir='ltr'>Sub</span> <span class='ocrx_word' id='word_1_430' title='bbox 517 2205 692 2233; x_wconf 81' lang='lat' dir='ltr'>Claudio‚Xl‚</span> <span class='ocrx_word' id='word_1_431' title='bbox 704 2211 776 2229; x_wconf 75' lang='lat' dir='ltr'>t--3.</span> <span class='ocrx_word' id='word_1_432' title='bbox 788 2206 941 2232; x_wconf 53' lang='lat' dir='ltr'>xvsti-⁶4.</span> <span class='ocrx_word' id='word_1_433' title='bbox 955 2205 992 2228; x_wconf 88' lang='lat' dir='ltr'>De</span> <span class='ocrx_word' id='word_1_434' title='bbox 1000 2210 1053 2234; x_wconf 83' lang='lat' dir='ltr'>quo</span> <span class='ocrx_word' id='word_1_435' title='bbox 1068 2204 1129 2227; x_wconf 86' lang='lat' dir='ltr'>vide</span> <span class='ocrx_word' id='word_1_436' title='bbox 1140 2204 1193 2232; x_wconf 79' lang='lat' dir='ltr'>XV,</span> <span class='ocrx_word' id='word_1_437' title='bbox 1208 2201 1299 2227; x_wconf 45' lang='lat' dir='ltr'>‘rs—5.</span> <span class='ocrx_word' id='word_1_438' title='bbox 1315 2203 1468 2232; x_wconf 79' lang='lat' dir='ltr'>inversam,</span> 
     </span>
     <span class='ocr_line' id='line_1_46' title="bbox 142 2238 1468 2270; baseline -0.001 -8"><span class='ocrx_word' id='word_1_439' title='bbox 142 2240 240 2263; x_wconf 84' lang='lat' dir='ltr'>ceteris</span> <span class='ocrx_word' id='word_1_440' title='bbox 253 2241 422 2265; x_wconf 86' lang='lat' dir='ltr'>contrarium</span> <span class='ocrx_word' id='word_1_441' title='bbox 435 2241 568 2265; x_wconf 80' lang='lat' dir='ltr'>faciendo.</span> <span class='ocrx_word' id='word_1_442' title='bbox 587 2254 611 2257; x_wconf 91' lang='lat'>—</span> <span class='ocrx_word' id='word_1_443' title='bbox 623 2246 648 2265; x_wconf 77' lang='lat' dir='ltr'>a.</span> <span class='ocrx_word' id='word_1_444' title='bbox 663 2241 754 2270; x_wconf 86' lang='lat' dir='ltr'>Fictis,</span> <span class='ocrx_word' id='word_1_445' title='bbox 768 2241 891 2265; x_wconf 86' lang='lat' dir='ltr'>subditis.</span> <span class='ocrx_word' id='word_1_446' title='bbox 910 2252 931 2257; x_wconf 95' lang='lat'>-</span> <span class='ocrx_word' id='word_1_447' title='bbox 944 2245 966 2264; x_wconf 89' lang='lat'>7.</span> <span class='ocrx_word' id='word_1_448' title='bbox 980 2240 1018 2264; x_wconf 83' lang='lat' dir='ltr'>Ad</span> <span class='ocrx_word' id='word_1_449' title='bbox 1033 2239 1259 2264; x_wconf 88' lang='lat' dir='ltr'>convincendum.</span> <span class='ocrx_word' id='word_1_450' title='bbox 1271 2251 1301 2256; x_wconf 91' lang='lat'>—</span> <span class='ocrx_word' id='word_1_451' title='bbox 1312 2243 1333 2262; x_wconf 74' lang='lat' dir='ltr'>a.</span> <span class='ocrx_word' id='word_1_452' title='bbox 1351 2238 1468 2262; x_wconf 84' lang='lat' dir='ltr'>Maxime</span> 
     </span>
     <span class='ocr_line' id='line_1_47' title="bbox 142 2272 1466 2306; baseline -0.001 -9"><span class='ocrx_word' id='word_1_453' title='bbox 142 2277 272 2299; x_wconf 79' lang='lat' dir='ltr'>consueta</span> <span class='ocrx_word' id='word_1_454' title='bbox 287 2277 314 2300; x_wconf 87' lang='lat' dir='ltr'>et</span> <span class='ocrx_word' id='word_1_455' title='bbox 335 2282 394 2306; x_wconf 82' lang='lat' dir='ltr'>quae</span> <span class='ocrx_word' id='word_1_456' title='bbox 410 2282 439 2300; x_wconf 87' lang='lat' dir='ltr'>se</span> <span class='ocrx_word' id='word_1_457' title='bbox 455 2276 541 2306; x_wconf 89' lang='lat' dir='ltr'>prima</span> <span class='ocrx_word' id='word_1_458' title='bbox 555 2276 735 2300; x_wconf 80' lang='lat' dir='ltr'>offerret.-9.</span> <span class='ocrx_word' id='word_1_459' title='bbox 752 2277 865 2300; x_wconf 77' lang='lat' dir='ltr'>Putatur</span> <span class='ocrx_word' id='word_1_460' title='bbox 879 2281 938 2300; x_wconf 83' lang='lat' dir='ltr'>esse</span> <span class='ocrx_word' id='word_1_461' title='bbox 957 2275 1056 2300; x_wconf 82' lang='lat' dir='ltr'>AEmilii</span> <span class='ocrx_word' id='word_1_462' title='bbox 1070 2275 1163 2304; x_wconf 75' lang='lat' dir='ltr'>Lepidi</span> <span class='ocrx_word' id='word_1_463' title='bbox 1177 2274 1331 2303; x_wconf 87' lang='lat' dir='ltr'>conjuratio</span> <span class='ocrx_word' id='word_1_464' title='bbox 1351 2274 1380 2298; x_wconf 92' lang='lat' dir='ltr'>in</span> <span class='ocrx_word' id='word_1_465' title='bbox 1394 2272 1466 2297; x_wconf 89' lang='lat' dir='ltr'>Cali-</span> 
     </span>
     <span class='ocr_line' id='line_1_48' title="bbox 141 2307 1466 2342; baseline -0.002 -9"><span class='ocrx_word' id='word_1_466' title='bbox 141 2310 241 2339; x_wconf 80' lang='lat' dir='ltr'>gulam,</span> <span class='ocrx_word' id='word_1_467' title='bbox 257 2311 289 2335; x_wconf 86' lang='lat' dir='ltr'>de</span> <span class='ocrx_word' id='word_1_468' title='bbox 302 2317 355 2341; x_wconf 84' lang='lat' dir='ltr'>qua</span> <span class='ocrx_word' id='word_1_469' title='bbox 370 2313 465 2342; x_wconf 84' lang='lat' dir='ltr'>paucis</span> <span class='ocrx_word' id='word_1_470' title='bbox 479 2313 589 2336; x_wconf 86' lang='lat' dir='ltr'>sueton.</span> <span class='ocrx_word' id='word_1_471' title='bbox 603 2317 626 2336; x_wconf 81' lang='lat' dir='ltr'>c.</span> <span class='ocrx_word' id='word_1_472' title='bbox 648 2317 683 2336; x_wconf 74' lang='lat'>24.</span> <span class='ocrx_word' id='word_1_473' title='bbox 701 2313 735 2336; x_wconf 80' lang='lat' dir='ltr'>At</span> <span class='ocrx_word' id='word_1_474' title='bbox 748 2312 800 2336; x_wconf 85' lang='lat' dir='ltr'>alia</span> <span class='ocrx_word' id='word_1_475' title='bbox 814 2311 980 2342; x_wconf 85' lang='lat' dir='ltr'>conspiratio</span> <span class='ocrx_word' id='word_1_476' title='bbox 1003 2317 1063 2335; x_wconf 91' lang='lat' dir='ltr'>cum</span> <span class='ocrx_word' id='word_1_477' title='bbox 1084 2312 1141 2340; x_wconf 82' lang='lat' dir='ltr'>ipso</span> <span class='ocrx_word' id='word_1_478' title='bbox 1165 2311 1275 2334; x_wconf 82' lang='lat' dir='ltr'>nomine</span> <span class='ocrx_word' id='word_1_479' title='bbox 1292 2309 1389 2333; x_wconf 82' lang='lat' dir='ltr'>indicis</span> <span class='ocrx_word' id='word_1_480' title='bbox 1403 2307 1466 2334; x_wconf 81' lang='lat' dir='ltr'>Ani-</span> 
     </span>
     <span class='ocr_line' id='line_1_49' title="bbox 142 2344 1466 2378; baseline 0 -9"><span class='ocrx_word' id='word_1_481' title='bbox 142 2345 177 2369; x_wconf 87' lang='lat' dir='ltr'>cii</span> <span class='ocrx_word' id='word_1_482' title='bbox 187 2346 305 2370; x_wconf 86' lang='lat' dir='ltr'>Cerealis</span> <span class='ocrx_word' id='word_1_483' title='bbox 325 2349 453 2372; x_wconf 84' lang='lat' dir='ltr'>narratur</span> <span class='ocrx_word' id='word_1_484' title='bbox 465 2354 480 2372; x_wconf 88' lang='lat' dir='ltr'>a</span> <span class='ocrx_word' id='word_1_485' title='bbox 493 2349 597 2372; x_wconf 86' lang='lat' dir='ltr'>zonara</span> <span class='ocrx_word' id='word_1_486' title='bbox 611 2354 635 2377; x_wconf 90' lang='lat' dir='ltr'>p.</span> <span class='ocrx_word' id='word_1_487' title='bbox 650 2353 702 2377; x_wconf 67' lang='lat'>557,</span> <span class='ocrx_word' id='word_1_488' title='bbox 715 2348 748 2372; x_wconf 85' lang='lat' dir='ltr'>ad</span> <span class='ocrx_word' id='word_1_489' title='bbox 762 2354 842 2378; x_wconf 86' lang='lat' dir='ltr'>quam</span> <span class='ocrx_word' id='word_1_490' title='bbox 865 2348 921 2371; x_wconf 84' lang='lat' dir='ltr'>haec</span> <span class='ocrx_word' id='word_1_491' title='bbox 935 2347 1079 2371; x_wconf 80' lang='lat' dir='ltr'>referenda</span> <span class='ocrx_word' id='word_1_492' title='bbox 1093 2352 1161 2375; x_wconf 83' lang='lat' dir='ltr'>csse,</span> <span class='ocrx_word' id='word_1_493' title='bbox 1181 2345 1315 2371; x_wconf 82' lang='lat' dir='ltr'>correctis</span> <span class='ocrx_word' id='word_1_494' title='bbox 1328 2344 1466 2370; x_wconf 79' lang='lat' dir='ltr'>erroribus</span> 
     </span>
     <span class='ocr_line' id='line_1_50' title="bbox 142 2380 1020 2413; baseline 0.003 -10"><span class='ocrx_word' id='word_1_495' title='bbox 142 2380 292 2406; x_wconf 84' lang='lat' dir='ltr'>manifestis</span> <span class='ocrx_word' id='word_1_496' title='bbox 302 2383 419 2411; x_wconf 66' lang='lat' dir='ltr'>zonarae,</span> <span class='ocrx_word' id='word_1_497' title='bbox 433 2383 525 2407; x_wconf 85' lang='lat' dir='ltr'>docuit</span> <span class='ocrx_word' id='word_1_498' title='bbox 536 2383 674 2407; x_wconf 77' lang='lat' dir='ltr'>Reimarus</span> <span class='ocrx_word' id='word_1_499' title='bbox 686 2384 713 2407; x_wconf 89' lang='lat' dir='ltr'>in</span> <span class='ocrx_word' id='word_1_500' title='bbox 728 2384 804 2407; x_wconf 85' lang='lat' dir='ltr'>Dion.</span> <span class='ocrx_word' id='word_1_501' title='bbox 814 2384 888 2407; x_wconf 80' lang='lat' dir='ltr'>Cass·</span> <span class='ocrx_word' id='word_1_502' title='bbox 904 2383 969 2413; x_wconf 83' lang='lat' dir='ltr'>LIX,</span> <span class='ocrx_word' id='word_1_503' title='bbox 983 2388 1020 2406; x_wconf 65' lang='lat'>2⁴5.</span> 
     </span>
    </p>
   </div>
  </div>
 </body>
</html>
