1539 2668
126 168 182 199 106
515 169 648 199 TACITI
670 167 881 198 ANNALIUM
902 170 975 198 LIB.
999 170 1051 199 lv.

126 253 142 268 «
159 241 289 282 plurimi
316 243 556 283 composuerint
568 267 577 282 ,
603 250 698 273 nemo
726 242 794 274 sine
818 242 940 275 honore
965 241 1168 275 memoravit.
1196 241 1289 274 Titus
1309 240 1418 274 Livius
1429 265 1439 282 ,

126 302 141 315 α
159 289 350 329 eloquentiae
367 298 405 320 ac
423 289 497 320 fidei
511 289 682 330 praeclarus
696 288 729 320 in
743 289 854 330 primis
867 313 877 329 ‚
899 294 956 322 Cn.
976 290 1165 331 Pompeium
1177 289 1276 320 tantis
1290 288 1441 320 laudibus

126 336 248 375 «tulit,
279 337 314 367 ut
342 336 572 376 Pompeianum
596 345 671 367 eum
698 339 858 376 Augustus
889 337 1084 378 appellaret:
1104 344 1208 376 neque
1229 335 1263 367 id
1287 334 1440 367 amicitiae

125 395 139 409 n
158 391 271 414 eorum
302 383 421 414 offecit.
456 383 635 423 Scipionem
657 382 684 422 ³,
708 383 891 423 Afranium,
917 384 1004 415 hunc
1027 384 1132 424 ipsum
1158 383 1323 423 Cassium,
1353 382 1441 413 hunc

125 440 141 456 «
158 431 291 461 Brutum
307 438 468 470 nusquam
484 430 636 461 latrones
650 431 683 461 ct
690 430 899 471 parricidas,
915 439 988 470 quae
1001 439 1088 462 nunc
1103 430 1258 462 vocabula
1271 429 1441 470 imponun-

123 489 140 504 «
158 478 222 515 tur,
239 485 324 516 saepe
339 480 374 507 ut
390 477 528 516 insignes
552 476 638 507 viros
654 477 810 509 nominat.
836 477 937 509 Asinii
952 477 1108 509 Pollionis
1134 477 1253 518 scripta
1279 475 1440 517 egregiam

124 535 141 550 ιι
157 524 330 555 eorundem
357 523 544 555 memoriam
566 523 700 555 tradunt
710 534 720 563 ;
750 524 882 555 Messala
907 524 1064 555 Corvinus
1090 524 1314 564 imperatorem
1342 530 1441 554 suum

124 580 140 596 α
157 570 300 601 Cassium
314 570 528 611 praedicabat:
543 570 575 602 et
587 571 722 610 uterque
733 571 912 611 opibusque
924 573 1021 611 atque
1035 570 1226 602 honoribus⁴⁵
1240 569 1438 610 perviguere.

124 629 140 644 ε(
157 618 254 648 Marci
269 617 431 648 Ciceronis
444 617 545 657 libro,
563 626 628 657 quo
654 618 809 650 Catonem
823 618 900 649 caelo
916 617 1079 657 aequavit,
1098 618 1178 658 quid
1199 616 1287 649 aliud
1303 616 1442 647 dictator

124 675 141 690 «ι
156 667 261 695 Caesar
274 673 371 704 quam
385 664 541 704 rescripta
556 665 699 696 oratione
714 664 725 682 ⁵
751 664 839 696 velut
852 665 938 705 apud
960 663 1087 704 judices
1107 664 1294 704 respondit?
1312 660 1442 694 Antonii

124 721 141 737 «
158 710 320 750 epistolae,
337 710 425 742 Bruti
441 711 611 743 conciones
625 711 703 742 falsa
717 710 847 751 quidem
862 712 894 742 in
915 714 1092 751 Augustum
1107 710 1242 751 probra,
1262 709 1319 741 sed
1337 707 1440 740 multa

123 768 138 782 «
157 765 230 787 cum
246 757 419 789 acerbitate
437 757 572 797 liabent3
591 757 733 789 carmina
751 757 893 789 Bibaculi
918 759 951 789 et
971 757 1085 789 Catulli
1109 757 1225 788 referta
1238 754 1441 788 contumeliis

123 817 138 830 «
157 807 320 835 Caesarum
335 804 484 844 leguntur
500 813 508 834 :
527 804 583 836 sed
599 805 669 845 ipse
683 804 778 835 divus
795 805 915 844 Julius,
930 805 995 844 ipse
1011 805 1105 836 divus
1118 805 1281 843 Augustus
1293 802 1326 834 et
1339 801 1441 834 tulere

123 862 137 875 «
158 850 220 882 ista
233 851 265 882 et
278 852 460 892 reliquere,
477 850 563 883 haud
580 851 673 883 facile
685 850 841 892 dixerim,
858 852 1077 884 moderatione
1093 852 1195 891 magis
1211 859 1252 882 an
1271 848 1439 890 sapientia.

123 909 138 924 α
157 907 297 938 namque
315 901 423 938 spreta
443 898 649 939 exolescunt3
665 898 692 930 si
707 898 842 931 irascare
854 923 863 939 ‚
887 899 994 939 agnita
1010 898 1172 930 videntur.

162 948 280 976 XXXV.
310 958 325 972 «
339 949 410 976 Non
425 946 551 985 attingo
567 949 693 978 Graecos
704 967 713 983 ‚
727 953 863 984 quorum
877 955 943 977 non
955 945 1052 977 modo
1067 945 1217 985 libertas,
1231 944 1327 976 etiam
1343 941 1441 974 libido

123 1005 138 1018 «
156 992 315 1032 impunita
331 1001 338 1022 ε
356 995 411 1023 aut
426 992 454 1023 si
470 994 542 1033 quis
558 994 719 1035 advertit,
733 994 830 1025 dictis
845 994 932 1025 dicta
949 994 1036 1025 ultus
1053 994 1112 1025 est.
1129 992 1187 1024 sed
1203 992 1343 1023 maxime
1358 988 1442 1020 solu-

124 1051 139 1064 «
156 1039 246 1069 tum¹
265 1042 297 1070 et
310 1040 379 1070 sine
391 1039 604 1073 obtrectatore
628 1041 689 1072 suit
704 1041 839 1081 prodere
857 1039 868 1058 ²
886 1040 926 1072 de
940 1041 978 1071 iis
994 1065 1003 1080 ,
1023 1049 1104 1080 quos
1121 1048 1207 1071 mors
1223 1039 1296 1069 odio
1310 1039 1365 1068 aut
1378 1043 1443 1075 gra-

121 1096 137 1111 «
155 1085 210 1116 tiae
227 1086 409 1117 exemisset.
424 1096 501 1118 num
515 1096 589 1119 cum
603 1088 733 1119 armatis
749 1087 860 1119 Cassio
873 1088 904 1119 et
918 1089 1016 1118 Bruto
1029 1096 1066 1118 ac
1078 1087 1298 1126 Philippenses
1312 1088 1443 1122 campos

123 1144 138 1158 τι
156 1132 376 1163 obtinentibus
392 1133 465 1164 belli
481 1134 586 1166 civilis
601 1143 696 1166 causa
710 1134 869 1174 populum
895 1143 951 1174 per
976 1134 1147 1165 conciones
1162 1132 1319 1163 incendo?
1338 1138 1379 1160 an
1395 1128 1443 1159 illi

123 1192 138 1206 (ι
156 1179 287 1219 quidem
304 1181 575 1219 septuagesimum
589 1182 664 1212 ante
680 1190 799 1212 annum
813 1181 983 1220 perempti,
994 1179 1157 1220 quomodo
1170 1177 1363 1219 imaginibus
1376 1174 1443 1207 suis

123 1240 138 1254 κ
156 1229 346 1265 noscuntur,
367 1236 446 1266 quas
462 1236 502 1258 ne
516 1228 621 1258 victor
634 1227 764 1268 quidem
779 1227 920 1258 abolevit
934 1251 943 1266 ‚
965 1227 1012 1258 sic
1028 1229 1150 1267 partem
1172 1225 1338 1258 memoriae
1356 1222 1442 1264 apud

123 1287 139 1301 «
156 1274 326 1313 scriptores
336 1274 496 1305 retinent?
509 1276 610 1305 Suum
621 1274 737 1315 cuique
747 1274 845 1306 decus
859 1275 1027 1314 posteritas
1041 1274 1203 1314 rependit3
1225 1281 1283 1305 nec
1295 1272 1441 1308 deerunt,

123 1332 138 1347 «
156 1321 181 1351 si
198 1320 361 1351 damnatio
374 1321 513 1361 ingruit,
531 1321 586 1361 qui
602 1330 666 1352 non
684 1321 780 1352 modo
794 1321 896 1353 Cassii
913 1322 944 1352 et
957 1321 1063 1360 Bruti,
1077 1321 1132 1352 sed
1148 1320 1243 1351 etiam
1256 1319 1320 1351 mei
1333 1317 1442 1350 memi-

122 1380 136 1393 «
156 1367 304 1398 nerint.»
326 1371 477 1407 Egressus
503 1368 577 1399 dein
600 1369 715 1399 senatu
740 1368 843 1399 vitam
871 1367 1066 1399 abstinentia
1092 1367 1199 1398 finivit
1218 1367 1243 1396 ³.
1265 1366 1365 1397 libros
1387 1373 1443 1405 per

120 1414 227 1445 aediles
242 1414 431 1445 cremandos
446 1422 600 1446 censuere
614 1416 742 1453 Patres;
759 1414 817 1445 sed
828 1416 1017 1445 manserunt
1028 1413 1180 1445 occultati
1197 1415 1230 1445 et
1244 1412 1322 1444 editi
1336 1411 1362 1442 ⁴.
1377 1419 1441 1451 quo

120 1463 222 1501 magis
236 1460 416 1491 socordiam
433 1469 544 1492 eorum
558 1461 690 1493 irridere
705 1461 804 1501 libet,
824 1461 880 1501 qui
896 1461 1045 1501 praesenti
1068 1460 1213 1501 potentia
1230 1459 1365 1492 credunt
1384 1467 1441 1490 ex-

121 1508 239 1546 stingui
262 1515 356 1547 posse
376 1507 474 1538 etiam
489 1507 655 1548 sequentis
674 1508 737 1539 aevi
762 1508 962 1539 memoriam.
983 1516 1058 1539 nam
1077 1510 1190 1539 contra
1205 1506 1331 1548 punitis
1354 1506 1441 1546 inge-

121 1555 181 1586 niis
197 1554 301 1594 gliscit
314 1555 510 1595 auctoritas;
536 1563 641 1595 neque
656 1554 744 1586 aliud
762 1555 887 1586 externi
913 1563 1000 1594 reges
1012 1577 1021 1593 ,
1046 1557 1101 1586 aut
1117 1554 1174 1595 qui
1189 1554 1301 1586 eadem
1315 1553 1441 1586 saevitia

122 1602 170 1633 asi
183 1602 273 1640 sunt,
293 1601 354 1633 nisi
371 1601 511 1633 dedecus
527 1601 588 1633 sibi
604 1603 701 1642 atque
715 1602 776 1633 illis
792 1602 923 1642 gloriam
941 1610 1103 1642 peperere.

160 1650 294 1680 XXXVI.
320 1651 468 1680 Ceterum
493 1649 691 1689 postulandis
707 1650 769 1680 reis
783 1650 850 1680 tam
867 1649 1041 1680 continuus
1055 1656 1158 1679 annus
1179 1647 1260 1688 ruit,
1286 1647 1324 1679 ut
1347 1647 1442 1679 feria-

120 1704 192 1727 rum
205 1695 388 1726 Latinarum
403 1696 409 1713 ¹
428 1695 542 1727 diebus
557 1696 744 1736 praefectum
769 1696 865 1728 Urbis
883 1699 1040 1734 Drusum,
1058 1694 1249 1735 auspicandi
1263 1695 1366 1734 gratia
1380 1695 1441 1726 tri-

121 1742 217 1775 bunal
232 1742 429 1782 ingressum,
446 1742 562 1774 adierit
577 1743 768 1783 Calpurnius
786 1742 953 1773 Salvianus
976 1743 1008 1773 in
1028 1744 1103 1773 Sex.
1120 1741 1259 1772 Marium
1275 1741 1302 1781 ²,
1318 1741 1405 1781 quod
1422 1750 1441 1772 a

120 1794 243 1822 Csesare
271 1789 376 1829 palam
401 1790 619 1830 increpitum,
641 1798 737 1821 causa
760 1789 864 1821 exsilii
889 1790 1037 1821 Salviano
1055 1788 1127 1820 ruit.
1153 1788 1287 1827 ObJecta
1312 1787 1441 1828 publice

120 1835 283 1877 Cyzicenis
298 1835 309 1854 ³
327 1837 466 1867 incuria
479 1838 763 1868 coerz'mom'arum
781 1836 853 1868 divi
872 1837 1017 1876 Auqustz'
1029 1860 1039 1875 ,
1060 1835 1176 1867 additis
1189 1835 1360 1867 violentia»
1379 1837 1441 1867 cri-

120 1883 268 1915 minibus
293 1882 479 1914 adversum
505 1884 591 1914 cives
613 1885 793 1915 Romanos.
820 1884 853 1915 et
876 1884 1008 1914 amisere
1030 1881 1210 1914 libertatem
1236 1890 1332 1922 quam
1356 1881 1440 1914 bello

120 1929 313 1961 Mithridatis
327 1932 531 1969 meruerant,
547 1930 755 1962 circumsessi
777 1938 837 1962 nec
852 1929 960 1961 minus
982 1938 1041 1961 sua
1055 1928 1233 1961 constantia
1249 1936 1345 1969 quam
1360 1937 1441 1969 prae·

121 1976 203 2008 sidio
217 1977 336 2008 Luculli
349 1976 442 2017 pulso
454 1985 538 2017 rege.
554 1978 595 2009 At
607 1977 759 2010 Fonteius
772 1977 884 2017 Capito
893 2001 902 2018 ,
925 1976 982 2017 qui
994 1976 1177 2017 proconsul*
1188 1975 1296 2008 Asiam
1309 1983 1441 2007 curave-

121 2088 238 2113 cassium
260 2087 459 2117 appellaverat.
469 2093 531 2112 —3.
552 2088 706 2118 scipionem
722 2088 870 2118 Metellum,
893 2088 939 2118 qui
954 2088 1089 2112 exstincto
1111 2087 1237 2117 Pompeio
1259 2087 1292 2111 Μ.
1312 2087 1439 2117 reliquias

121 2129 214 2147 earum
228 2123 345 2151 partium
356 2128 416 2146 cum
430 2124 540 2152 Catone,
555 2124 666 2149 Afranio
683 2125 711 2148 et
727 2124 786 2148 aliis
795 2125 822 2148 in
834 2123 925 2148 Africa
936 2123 1103 2152 collegerat:
1118 2122 1189 2146 unde
1202 2121 1307 2146 bellum
1319 2122 1438 2152 Africa-

121 2163 191 2181 num
205 2158 323 2180 Caesaris.
338 2170 365 2173 —
379 2162 400 2180 ιι.
423 2158 455 2181 Et
477 2158 573 2187 opibus
586 2159 615 2183 et.
629 2158 787 2184 honoribus.
810 2157 924 2182 Messala
943 2158 1092 2187 scripserat
1109 2158 1144 2181 de
1166 2156 1246 2181 bellis
1267 2157 1398 2182 civilibus.
1410 2172 1436 2175 —

122 2198 144 2216 5.
162 2192 334 2216 Anticatone
346 2197 403 2216 suo.

151 2227 257 2251 XXXV.
274 2232 296 2250 r.
313 2226 446 2250 Liberum.
456 2239 485 2244 —
497 2232 519 2251 a.
532 2228 664 2253 scribere.
675 2241 704 2246 -υ
713 2234 736 2253 s.
749 2228 859 2258 magula
881 2227 915 2252 de
931 2227 1005 2252 exitu
1019 2228 1077 2257 ejus
1089 2228 1183 2252 narrat
1194 2226 1295 2251 Seneca
1307 2226 1438 2252 consola-

121 2263 196 2287 tione
212 2262 246 2285 ad
262 2262 389 2285 Marciam
406 2267 432 2285 c.
450 2267 490 2287 22.
504 2275 532 2280 ·—-
543 2267 563 2287 4.
575 2263 656 2288 Edita·
672 2269 687 2288 a
703 2264 813 2292 Marcla,
829 2263 883 2287 filia
894 2263 1032 2292 cremum,
1046 2263 1210 2287 auctoritate
1223 2262 1357 2293 Caligulae.

150 2298 270 2321 XXXVI.
289 2303 308 2321 ι.
324 2297 425 2326 Quibus
438 2298 506 2322 Latli
518 2298 611 2328 populi
623 2304 651 2323 ⁴⁷
662 2299 823 2329 oppidorum
836 2299 863 2323 ln
877 2299 981 2323 Albano
992 2300 1084 2323 monte
1096 2298 1296 2322 conveniebant
1308 2298 1341 2322 ad
1352 2299 1437 2322 saeri-

121 2333 211 2357 ticium
226 2334 252 2356 et
274 2333 371 2357 testum
384 2334 445 2357 Jovl
458 2335 556 2358 Latiari
573 2340 621 2363 per
639 2336 770 2364 quattuor
782 2335 840 2359 dies
856 2335 998 2363 agendum.
1018 2335 1139 2359 Aderant
1157 2334 1329 2363 magistratus
1343 2339 1436 2357 omnes

122 2368 213 2398 populi
230 2368 355 2392 Romani:
366 2368 464 2392 Urbem
481 2368 591 2393 tenebat
603 2370 758 2398 proefcctus
771 2369 837 2394 urbi
851 2370 1002 2398 seriarum
1016 2370 1190 2394 Latinarum
1211 2375 1309 2397 causa,
1321 2375 1352 2393 ex
1364 2370 1436 2398 Juve-

122 2404 200 2428 nibus
213 2403 347 2428 nobilibus
356 2404 475 2428 nondum
490 2405 632 2429 senatoria>
642 2406 727 2429 aetatis
741 2407 909 2430 creatus—2.
929 2405 968 2429 Ad
983 2406 1095 2430 Marium
1111 2404 1329 2430 accusandum.-
1344 2410 1365 2428 3.
1376 2405 1435 2429 Pu-
