1539 2668
140 199 200 229 274
487 196 621 226 TAcm
643 197 917 228 HISTORIARUM
937 199 1011 228 Lm.
1036 200 1060 228 Ι.

135 273 289 313 vacaret3
307 271 435 312 quoties
448 271 637 312 expedierat
650 271 677 311 ⁴,
692 271 977 312 magnae-virtutes.
992 272 1098 313 palam
1118 271 1129 291 ⁵
1147 272 1317 314 laudares;
1337 280 1459 310 secreta

137 321 220 352 male
251 319 434 351 audiebant.
467 318 523 350 sed
544 319 629 359 apud
655 318 838 359 subiectos,
865 319 949 360 apud
977 320 1143 360 proximos
1158 343 1167 359 ‚
1192 320 1276 361 apud
1300 322 1457 364 collegas,

139 368 234 400 variis
251 366 408 398 illecebris
422 367 556 406 potens;
571 368 603 398 et
622 367 675 398 cui
696 365 878 408 expeditius
904 367 1001 399 fuerit
1018 367 1148 399 tradere
1167 368 1337 408 imperium
1361 379 1458 411 quam

136 416 291 448 obtinere.
312 414 433 445 Bellum
453 413 624 444 Iudaicum
638 413 767 445 Flavius
781 413 992 454 Vespasianus
1016 414 1145 454 (ducem
1168 423 1241 446 eum
1269 419 1353 447 Nero
1375 417 1457 449 delc-

135 462 235 505 gerat)
253 462 358 493 tribus
373 461 554 500 legionibus
568 461 829 493 administrabat.
848 470 906 492 nec
924 463 1126 502 Vespasiano
1148 461 1303 495 adversus
1327 463 1457 496 Galbam

134 515 248 542 votum
262 510 318 539 aut
331 508 477 539 animus:
493 508 614 548 quippe
632 508 744 540 Titum
761 507 862 539 filium
877 507 917 539 ad
931 509 1171 540 venerationem
1186 509 1375 550 cultumque
1391 510 1459 550 ejus

134 559 282 595 miserat,
299 557 334 586 ut
347 564 406 586 suo
419 555 490 586 loco
504 556 766 587 memorabimus.
785 555 797 574 ‘³
820 556 946 587 occulta
969 556 1027 587 fati
1049 558 1080 587 et
1099 557 1244 588 ostentis
1265 566 1302 589 ac
1324 566 1457 599 respon-

134 605 177 637 sis
192 604 201 622 7
220 603 418 634 destinatum
436 603 631 643 Vespasiano
649 603 821 643 liberisque
841 602 909 642 ejus
922 603 1093 643 imperium
1113 606 1185 644 post
1204 605 1367 637 fortunam
1391 613 1456 636 cre-

134 651 285 684 didimus.

175 702 227 730 XI.
255 700 421 737 AEgyptum
436 696 631 737 copiasque,
645 697 764 737 quibus
779 699 994 735 coerceretur,
1007 697 1072 736 jam
1095 698 1168 729 inde
1181 707 1199 729 a
1217 697 1293 729 divo
1315 698 1456 740 Augusto

134 745 261 785 Equites
278 744 414 775 Romani
446 743 594 775 obtinent
620 744 694 775 loco
717 753 828 783 regum
845 753 853 774 :
884 744 929 775 ita
946 744 1050 775 visum
1067 745 1215 784 expedire
1228 769 1236 784 ,
1255 745 1454 785 provinciam

132 792 220 823 aditu
236 792 399 823 difficilem
411 815 419 830 ‚
432 799 570 822 annonae
585 791 781 830 foecundam,
795 790 1022 830 superstitione
1035 800 1071 822 ac
1085 791 1214 822 lascivia
1229 791 1410 823 discordem
1425 794 1457 824 et

132 839 285 870 mobilem
302 862 310 877 ‚
325 839 458 869 insciam
475 839 581 877 legum
599 862 607 877 ‚
623 838 766 878 ignaram
785 838 1030 877 magistratuum
1053 839 1076 878 ¹,
1088 839 1174 869 «lonii
1202 838 1339 870 retinere
1354 837 1379 870 ².
1407 848 1456 871 re-

133 886 228 926 gebat
242 889 312 917 tum
330 885 479 917 Tiberius
496 885 676 916 Alexander
694 884 706 902 ³
725 884 868 924 ejusdem
893 886 1043 916 nationis.
1062 886 1166 916 Afric-a
1193 885 1243 926 [ac
1265 886 1405 925 legiones
1423 885 1455 916 in

132 933 180 974 ea]
197 934 367 964 interfecto
384 931 495 963 Clodio
520 937 626 963 Macro
645 934 797 963 contenta
824 932 1041 971 qualicunque
1064 933 1211 972 Principe
1237 935 1309 972 post
1330 933 1456 973 experi-

131 984 276 1011 mentum
294 980 415 1011 domini
433 979 567 1010 minoris
585 979 609 1009 ⁴.
631 983 709 1010 Duae
726 978 929 1010 Mauritaniae
945 1003 953 1017 ,
974 981 1093 1017 Raetia,
1119 979 1275 1010 Noricum
1289 1003 1298 1018 ,
1320 979 1456 1012 Thracia

132 1031 163 1059 et
180 1036 257 1067 quae.
274 1028 345 1058 aliae
360 1026 628 1067 procuratoribus
650 1026 855 1063 cohibentur,
880 1028 916 1056 ut
935 1026 1051 1065 cuique
1069 1027 1224 1057 exercitui
1248 1026 1385 1066 vicinae,
1410 1026 1456 1057 ita

132 1073 165 1104 in
185 1075 327 1105 savorem
346 1077 402 1105 aut
424 1074 534 1104 od.um
564 1075 716 1104 contactu
738 1073 950 1104 valentiorum
981 1073 1168 1103 auehautur.
1193 1077 1333 1104 Inermes
1348 1073 1358 1091 ⁵
1384 1081 1456 1114 pro-

130 1122 248 1153 vinciae
265 1124 361 1161 atque
374 1123 444 1161 ipsa
462 1120 494 1151 in
513 1121 628 1160 primis
651 1120 745 1151 Italia
760 1144 768 1159 ,
784 1119 968 1158 cuicunque
985 1118 1119 1150 servitio
1139 1120 1304 1159 exposita,
1328 1120 1361 1150 in
1383 1127 1455 1160 pre-

135 1168 213 1200 tium
234 1169 307 1199 belli
324 1177 461 1199 cessurae
479 1170 584 1198 erant.
604 1167 662 1198 Hic
679 1167 740 1198 suit
761 1175 872 1197 rerum
887 1170 1105 1197 Romanarum
1124 1169 1228 1198 status
1242 1190 1250 1205 ‚
1269 1175 1370 1207 quum
1389 1170 1454 1199 Ser.

134 1216 232 1248 Galba
248 1216 368 1246 iterum
385 1240 393 1255 ,
411 1219 447 1246 T.
477 1214 591 1246 Vinius
614 1215 766 1246 consules
792 1214 988 1245 inchoavere
1003 1222 1123 1244 annum
1140 1214 1202 1245 sibi
1219 1214 1387 1254 ultimum,
1401 1214 1457 1246 rei-

133 1263 271 1303 publicae
290 1271 391 1303 prope
407 1270 607 1302 supremum.

172 1314 241 1343 ΧΠ.
252 1310 364 1341 Paucis
385 1312 457 1350 post
477 1309 628 1340 kalendas
641 1308 806 1339 Januarias
820 1307 933 1339 diebus
948 1308 1091 1347 Pompeii
1107 1308 1282 1348 Propinqui
1298 1316 1452 1348 proc-ura-

133 1359 211 1390 toris
226 1367 244 1389 e
263 1358 388 1397 Belgica
405 1357 521 1388 litterae
538 1357 718 1387 afferuntur
731 1380 739 1395 ,
753 1357 940 1395 superioris
964 1357 1158 1386 Ger-mamae
1181 1356 1328 1395 temones
1348 1356 1454 1395 rupta

132 1406 344 1438 sam-amem
369 1405 563 1435 ‘reverentia
590 1405 842 1443 Imperatorem
869 1403 981 1433 alium
999 1402 1183 1442 flayitare,
1203 1406 1237 1434 et
1256 1404 1393 1434 senatui
1412 1410 1454 1434 ac

130 1453 260 1493 populo
277 1455 429 1483 Romano
454 1450 641 1482 arbitrium
669 1449 817 1489 elioendz'
840 1451 1063 1489 permittere,
1093 1459 1157 1490 quo
1185 1449 1301 1481 seditio
1325 1449 1453 1481 mollius

132 1503 345 1542 acciperetur.
363 1499 542 1532 maturavit
558 1509 594 1531 ea
611 1508 662 1530 res
678 1499 852 1530 consilium
879 1498 985 1531 Galbae
999 1498 1065 1537 jam
1088 1499 1210 1540 pridem
1225 1498 1264 1529 de
1282 1498 1454 1539 adoptione

133 1559 244 1582 secum
259 1552 378 1580 etcum
395 1548 551 1588 proximis
565 1547 730 1587 agitantis.
749 1555 812 1577 non
832 1555 907 1577 sane
932 1545 1075 1577 crebrior
1098 1550 1165 1578 tota
1191 1546 1324 1578 civitate
1348 1554 1453 1577 sermo

132 1607 191 1639 per
216 1598 287 1628 illos
318 1605 447 1628 menses
471 1597 574 1628 suerat
589 1619 597 1634 ,
622 1595 766 1634 primum
790 1594 922 1624 licentia
951 1603 990 1624 ac
1017 1594 1155 1625 libidine
1180 1593 1255 1624 talia
1277 1592 1454 1632 loquendi,

133 1646 207 1676 dein
226 1645 307 1675 sessa
320 1647 386 1683 jam
407 1646 504 1674 aetate
517 1642 634 1673 Galbae.
651 1641 764 1681 paucis
779 1640 939 1680 judicium
957 1642 1012 1671 aut
1029 1640 1210 1679 reipublicae
1229 1648 1340 1671 amor:
1361 1639 1454 1670 multi

135 1692 235 1723 stulta
250 1700 306 1730 spe
321 1713 329 1727 ‚
351 1692 448 1729 prout
470 1689 542 1730 quis
556 1688 681 1719 amicus
697 1688 748 1719 vel
770 1687 891 1725 cliens,
913 1687 1000 1717 hunc
1018 1688 1065 1718 vel
1087 1688 1177 1717 illum
1202 1686 1379 1718 ambitiosis
1403 1696 1453 1717 ru-

132 1738 277 1769 moribus
294 1737 496 1767 destinabant
509 1761 517 1776 ,
543 1736 639 1767 etiam
665 1735 698 1766 in
715 1739 750 1766 T.
770 1734 855 1765 Vinii
872 1733 983 1765 odium
1000 1758 1008 1772 ‚
1031 1735 1085 1773 qui
1110 1735 1140 1764 in
1167 1733 1237 1765 dies
1260 1736 1381 1773 quanto
1399 1742 1455 1773 po-

132 1786 265 1822 tentior,
282 1784 394 1815 eodem
411 1786 509 1814 auctu
524 1783 660 1814 invisior
673 1783 753 1814 erat.
782 1781 902 1821 quippe
917 1781 1041 1812 hiantes
1056 1782 1086 1812 in
1106 1790 1221 1820 magna
1234 1780 1362 1812 fortuna
1374 1781 1452 1812 ami-

132 1841 245 1864 corum
259 1830 453 1871 cupiditates
473 1831 541 1870 ipsa
557 1830 664 1862 Galbae
680 1829 819 1861 facilitas
837 1829 1024 1859 intendebat
1040 1853 1048 1868 ,
1071 1837 1171 1868 quum
1188 1827 1274 1870 apud
1289 1827 1453 1859 infirmum

133 1882 163 1912 et
179 1879 344 1911 credulum
362 1877 487 1908 minore
503 1879 592 1908 metu
606 1880 639 1908 et
653 1877 772 1916 majore
790 1876 923 1917 praemio
937 1878 1132 1916 peccaretur.

174 1930 256 1958 XIII.
276 1925 425 1956 Potentia
440 1924 648 1964 principatus
664 1924 770 1955 divisa
787 1924 820 1955 in
837 1927 873 1956 T.
893 1923 1020 1954 Vinium
1042 1922 1205 1954 consulem
1222 1926 1253 1954 et
1267 1921 1451 1955 Cornelium

133 1980 289 2006 Laconem
305 1972 448 2012 praetorii
465 1972 666 2012 praesectum.
682 1980 740 2002 nec
752 1971 856 2002 minor
869 1971 969 2011 gratia
983 1973 1070 2002 Iceto
1083 1971 1190 2003 Galbae
1205 1970 1338 2010 liberto,
1356 1977 1450 2010 quem

132 2021 258 2053 annulis
276 2020 432 2050 donatum
446 2021 589 2059 equestri
602 2019 730 2050 nomine
743 2019 962 2050 Martianum
977 2018 1163 2049 vocitabant
1179 2019 1202 2049 ¹.
1227 2018 1259 2049 hi
1273 2016 1452 2055 discordes,

134 2071 166 2098 et
184 2067 279 2097 rebus
297 2067 482 2098 minoribus
496 2066 562 2098 sibi
574 2065 585 2084 ²
602 2067 739 2107 quisque
753 2065 933 2104 tendentes,
948 2065 1033 2096 circa
1046 2066 1216 2096 consilium
1229 2063 1363 2103 eligendi
1380 2071 1450 2094 suce

133 2114 269 2144 cessoris
285 2115 318 2145 in
337 2114 417 2145 duas
441 2114 596 2145 {actiones
618 2113 859 2145 scindebantur.
878 2112 991 2143 Vinius
1014 2122 1071 2152 pro
1091 2117 1132 2143 M.
1147 2112 1291 2143 Othone:
1309 2115 1394 2142 Laco
1409 2112 1451 2142 at·

135 2169 198 2200 que
212 2161 314 2192 Icelus
332 2170 491 2193 consensu
505 2170 571 2193 non
584 2163 649 2192 tam
663 2169 764 2192 unum
778 2159 916 2200 aliquem
935 2159 1090 2190 fovebant
1102 2168 1200 2200 quam
1217 2158 1326 2191 alium.
1345 2165 1451 2199 neque

138 2240 165 2263 in
178 2238 195 2262 I.
208 2239 306 2263 Il.-4.
325 2241 529 2270 Expeditionem
550 2242 772 2270 susceperat-⁵.
789 2239 870 2269 Quasi
887 2234 926 2265 τὰ
938 2233 1122 2273 ἀναφάνδην,
1139 2245 1166 2268 in
1180 2244 1261 2269 rebus
1274 2249 1342 2275 quas
1359 2243 1449 2275 palam

137 2280 307 2309 agebat—e.
332 2282 363 2310 II,
382 2287 402 2305 1.
419 2282 550 2312 Occulta,
566 2278 604 2308 τὰ
617 2277 843 2319 ἀπὸῤῥητα.-7.
858 2281 896 2305 De
906 2280 1003 2310 quibu-“-
1019 2280 1049 2308 ΙΙ,
1067 2285 1108 2305 7“3;
1119 2280 1159 2307 ¹V·
1174 2285 1211 2304 ⁸¹-

168 2315 213 2338 XI.
231 2321 238 2336 1
261 2319 304 2339 hc.
330 2318 520 2341 Romanorum.
535 2323 595 2341 —2
610 2318 665 2342 sibi
684 2320 711 2342 et
734 2316 900 2346 Principibus
917 2316 1120 2340 successoribus
1143 2315 1306 2346 peculiarem
1329 2320 1450 2340 servare.

135 2349 211 2373 Conf-
222 2350 293 2373 dicta
307 2352 402 2375 TacIto
418 2353 524 2376 Annal.
541 2352 574 2380 11,
586 2357 676 2376 isa—5.
693 2352 773 2376 Filius
788 2351 943 2375 ethnarchae
960 2352 1132 2375 Alexandrini
1149 2350 1379 2380 eodemnomine,
1397 2349 1451 2375 {rav

140 2386 189 2409 tris
204 2385 320 2409 Philonis
335 2387 483 2411 sumt—4.
499 2389 591 2417 Macri,
604 2389 665 2411 saevi
678 2388 823 2417 legati—5.
836 2387 898 2410 sinc
913 2386 1064 2415 legionibus
1080 2387 1212 2411 Bor-nanis⁴

165 2420 236 2443 XIII.
250 2426 272 2444 1.
290 2423 338 2445 Eos
352 2428 413 2446 una
427 2424 455 2446 et
471 2424 551 2447 intra
567 2424 711 2452 palatium
721 2423 884 2447 habitantes
898 2428 947 2446 nec
962 2428 1091 2451 unquam
1111 2428 1166 2446 non
1181 2421 1358 2446 adhaerentes
1371 2419 1449 2444 Prin·

139 2455 190 2485 Cipi
205 2456 359 2487 prodeunti,
371 2459 537 2489 Poedayoyos
547 2460 632 2489 rulqo
654 2459 801 2486 vocabant,
821 2460 930 2482 Sueton.
946 2464 968 2481 c.
987 2463 1080 2481 1¹1.—2.
1097 2458 1136 2482 Ad
1161 2464 1208 2482 sua
1232 2456 1411 2482 commoda.—-
1425 2460 1448 2479 ³-

1527 420 1533 439 y.

1528 501 1532 512 s
