1539 2668
117 169 176 200 346
471 164 604 194 TACITI
627 164 903 194 HISTORIARUM
926 166 1000 194 LIB.
1025 166 1080 194 111.

116 242 310 282 conspicuus
335 239 414 270 suis.
437 247 475 270 eo
503 239 673 279 postremo
693 237 816 268 ardoris
838 241 1012 278 provectus
1028 238 1099 278 est,
1116 239 1153 270 ut
1170 237 1372 271 vexillarium
1388 239 1440 271 fu·

114 291 252 332 gientem
278 288 371 319 basta
391 285 684 317 transverberaret.
705 293 789 315 mox¹
806 287 938 325 raptum
954 285 1109 316 vexillum
1129 285 1164 316 in
1187 285 1440 318 hostem‘vertit.

114 347 179 378 quo
207 335 347 376 pudore¹
378 332 466 364 haud
490 332 599 372 plures
624 340 723 371 quam
748 335 878 363 centum
895 332 1020 373 equites
1038 332 1193 364 restitere.
1214 333 1300 372 juvit
1324 332 1440 372 locus,

113 384 249 417 arctiore
266 382 332 413 illic
352 381 405 412 via
424 381 456 412 et
480 380 582 410 fracto
599 378 816 411 interfluentis
839 379 901 411 rivi
914 378 925 397 ²
947 381 1044 420 ponte
1057 403 1066 420 ,
1084 379 1140 420 qui
1160 379 1285 412 incerto
1301 380 1392 412 alveo
1409 379 1442 412 et

112 429 332 474 praecipitibus
347 428 423 468 ripis
437 427 547 466 sugam
572 426 780 466 impediebat.
797 435 836 458 ea
851 427 1030 458 necessitas
1046 436 1103 458 seu
1118 427 1249 458 fortuna
1264 427 1367 468 lapsas
1378 429 1443 468 jam

112 482 220 520 parles
234 475 385 509 restituit.
402 474 522 505 firmati
538 473 622 505 inter
639 482 673 504 se
691 472 798 505 densis
814 473 986 505 ordinibus
1002 474 1172 514 excipiunt
1188 474 1378 506 Vitellianos
1397 474 1443 506 te-

113 535 201 558 mere
213 525 344 557 effusos.
360 524 456 562 atque
468 520 514 552 illi
529 522 788 552 consternantur.
804 522 965 553 Antonius
983 521 1101 553 instare
1117 521 1288 562 perculsis,
1303 524 1444 553 sternere

113 573 235 605 obvios.
257 570 352 603 simul
368 569 486 606 ceteri,
501 569 538 598 ut
556 569 676 608 cuique
690 568 857 607 ingenium
871 592 880 608 ,
899 569 1058 611 spoliare,
1073 577 1186 608 capere
1198 593 1205 607 ‚
1224 577 1315 600 arma
1325 557 1451 610 equos-l

114 631 176 662 que
193 621 350 659 abripere.
369 618 402 648 et
418 616 517 647 exciti
538 624 695 655 prospero
711 616 871 656 clamore,
889 616 946 655 qui
964 615 1061 647 modo
1079 624 1135 656 per
1158 625 1252 656 agros
1270 616 1344 656 suga
1358 616 1441 657 pala-

114 669 246 706 bantur,
262 665 410 696 victoriae
423 672 457 695 se
472 663 661 694 miscebant.

155 718 262 746 XVHI.
280 712 328 744 Ad
345 711 498 752 quartum
516 719 533 741 a
558 713 716 741 Cremona
732 709 876 749 lapidem
895 709 1013 740 fulsere
1030 708 1191 749 legionum
1208 709 1299 749 signa
1310 710 1446 751 Rapacis

114 765 213 803 atque
230 760 368 798 Italicae,
388 758 463 788 laeto
487 757 572 788 inter
591 756 684 787 initia
704 756 851 796 equitum
871 765 1005 787 suorum
1025 755 1137 796 proelio
1157 755 1234 786 illuc
1253 766 1356 797 usque
1376 766 1447 798 pro-

114 812 218 842 vecta.
237 807 293 839 sed
317 806 372 837 ubi
393 805 522 835 fortuna
537 806 650 835 contra
665 802 728 834 fuit
740 828 750 843 ,
764 812 830 834 non
845 803 957 834 laxare
973 801 1123 842 ordines,
1138 811 1200 833 non
1218 804 1361 843 recipere
1376 804 1447 836 tur-

113 858 206 890 batos
218 880 226 895 ‚
255 863 318 886 non
345 851 475 884 obviam
506 851 553 882 ire
578 851 728 890 ultroque
762 850 891 890 aggredi
920 850 1046 881 hostem
1080 852 1205 881 tantum
1229 859 1285 890 per
1307 850 1449 891 spatium

115 913 213 936 cursu
239 903 271 933 et
295 898 469 941 pugnando
495 898 629 929 sessum.
656 898 739 929 forte
763 896 867 928 victi¹
897 896 980 928 haud
1009 897 1142 936 perinde
1165 897 1262 928 rebus
1287 899 1448 938 prosperis

114 950 230 982 ducem
254 947 518 980 desideraverant
543 947 640 985 atque
666 944 698 975 in
724 944 868 976 adversis
890 944 1001 975 deesse
1022 943 1254 984 intelligebant.
1281 946 1449 977 nutantem

114 998 215 1029 aciem
233 997 336 1027 victor
349 994 515 1034 equitatus
538 992 701 1031 incursat3
718 993 750 1024 et
766 992 941 1032 Vipstanus
958 992 1092 1023 Messala
1109 991 1262 1024 tribunus
1279 1001 1353 1024 cum
1368 996 1447 1024 Μω-

115 1045 190 1077 sicis
208 1054 247 1075 au
262 1042 421 1074 filiai-ilius
438 1040 634 1080 assequitur,
651 1048 732 1080 quos
752 1039 846 1070 multi
864 1049 881 1071 e
899 1039 1079 1079 legionariis
1093 1038 1103 1056 ³
1119 1048 1316 1079 quamquam
1332 1040 1449 1081 raptim

115 1092 230 1124 ductos
247 1089 430 1130 aeqiiabant.
455 1088 501 1118 ita
522 1087 647 1118 mixtus
667 1095 766 1127 eques
780 1087 943 1127 pedesque
964 1094 1080 1126 rupere
1100 1085 1261 1125 legionum
1276 1095 1401 1126 agmen.
1417 1087 1450 1118 et

115 1140 295 1181 propinqua
310 1134 577 1168 Cremonensium
595 1134 714 1165 moenia
729 1135 852 1174 quanto
870 1134 943 1174 plus
956 1133 1025 1173 spei
1037 1132 1077 1163 ad
1092 1132 1250 1173 effugium
1262 1157 1271 1173 ,
1289 1134 1447 1166 minorem

116 1188 155 1220 ad
172 1185 387 1218 resistendum
403 1182 547 1213 animum
564 1181 697 1213 dabant.

157 1238 235 1267 XIX.
262 1237 327 1263 Nec
346 1229 507 1262 Antonius
523 1229 605 1260 ultra
622 1228 762 1268 institit,
783 1237 907 1260 memor
927 1227 1048 1259 laboris
1067 1236 1105 1259 ac
1123 1227 1297 1258 vulnerum
1309 1250 1316 1262 ,
1331 1228 1449 1268 quibus

115 1281 181 1313 tam
198 1288 315 1319 anceps
332 1278 436 1318 proelii
458 1277 588 1308 fortuna
608 1276 759 1316 quamvis
788 1285 942 1316 prospero
959 1275 1020 1306 fine
1041 1275 1166 1315 equites
1190 1283 1356 1315 equosque
1372 1275 1449 1308 affli-

115 1329 272 1359 ctaverat.
286 1325 494 1357 inumbrante
506 1333 643 1364 vespera
656 1323 844 1354 universum
859 1323 1000 1354 Flaviani
1014 1322 1174 1354 exercitus
1188 1321 1288 1352 robur
1301 1321 1447 1355 advenit.

115 1377 217 1416 utque
228 1373 378 1406 cumulos
393 1380 488 1412 super
502 1372 535 1402 ct
552 1371 692 1402 recentia
709 1371 796 1401 crede
810 1370 944 1409 vestigia
958 1371 1114 1400 incessere
1124 1393 1132 1408 ‚
1147 1369 1239 1409 quasi
1253 1368 1449 1401 debellatum

117 1422 200 1452 soret
212 1446 219 1460 ‚
230 1428 376 1461 perqere
395 1420 600 1450 Cremonam
619 1420 652 1449 et
671 1420 774 1450 victos
794 1419 829 1449 in
857 1417 1064 1448 deditionem
1087 1418 1240 1456 accipere
1262 1417 1329 1447 aut
1342 1423 1447 1456 expu-

117 1477 224 1510 9nare
240 1468 429 1507 deposcunt.
444 1466 512 1496 haec
527 1465 559 1496 in
576 1465 681 1495 medio
698 1465 721 1504 ¹,
740 1465 874 1504 pulc-bra
891 1463 994 1495 dictu.
1012 1463 1066 1494 illa
1085 1463 1146 1494 sibi
1162 1463 1313 1503 quisque,
1329 1470 1448 1504 «posse

119 1528 135 1543 (ι
154 1515 311 1546 coloniam
327 1513 420 1554 plano
437 1512 532 1543 sitam
545 1512 667 1551 impetu
682 1513 765 1551 capi.
782 1512 867 1542 idem
887 1511 1030 1542 audaciae
1044 1519 1099 1550 per
1110 1509 1258 1542 tenebras
1271 1509 1446 1550 irrumpen-

120 1577 136 1592 (ι
153 1563 239 1594 tibus
251 1586 259 1602 ,
284 1563 316 1592 et
334 1561 488 1599 majorem
506 1558 653 1599 rapiendi
677 1558 852 1589 licentiam.
874 1557 991 1598 quodsi
1008 1558 1113 1588 lucem
1132 1557 1341 1597 opperiantur
1353 1581 1362 1596 ,
1379 1557 1447 1597 jam

120 1624 136 1639 «
153 1618 263 1651 pacem
275 1633 283 1648 ,
302 1608 367 1648 jam
392 1615 504 1647 preces
518 1608 550 1637 et
565 1615 623 1646 pro
638 1605 749 1636 labore
765 1614 802 1635 ac
821 1605 1010 1636 vulneribus
1029 1604 1233 1635 clementiam
1258 1605 1290 1635 et
1312 1603 1448 1644 gloriam

119 1671 135 1686 «ι
154 1655 285 1688 inania²
304 1656 446 1693 laturos;
468 1653 523 1684 sed
541 1661 618 1693 opes
636 1653 901 1683 Cremonensium
925 1652 958 1682 in
980 1651 1051 1683 sinu
1072 1650 1300 1691 praefectorum
1327 1650 1446 1690 legato-

119 1718 135 1732 «
155 1711 293 1742 rumque
315 1701 391 1732 fore.
421 1701 612 1740 expugnatae
635 1699 723 1730 urbis
749 1699 890 1739 praedam
913 1699 953 1731 ad
978 1698 1134 1738 militem,
1158 1697 1275 1729 dedita*
1292 1697 1333 1728 ad
1349 1697 1446 1730 duces

118 1764 134 1779 a
153 1750 324 1791 pertinere,
342 1761 357 1775 »
381 1748 578 1787 spernuntur
603 1747 806 1777 centuriones
830 1746 1035 1786 tribunique,
1058 1754 1093 1776 ac
1113 1753 1154 1776 ne
1170 1753 1234 1776 vox
1252 1744 1444 1785 cujusquam

117 1797 284 1835 audiatur,
302 1795 455 1835 quatiunt
469 1802 560 1825 arma
577 1793 705 1834 rupturi
721 1793 895 1834 imperium
907 1818 915 1832 ,
935 1793 966 1824 ni
983 1793 1157 1824 ducantur.

162 1848 225 1876 XX.
250 1847 333 1873 Tum
353 1841 514 1873 Antonius
540 1841 684 1871 inserens
704 1849 738 1872 se
762 1840 953 1881 manipulis,
973 1839 1028 1870 ubi
1051 1840 1182 1880 aspectu
1206 1840 1238 1869 et
1256 1838 1446 1870 auctoritate

120 1891 285 1924 silentium
299 1889 432 1927 fecerat,
446 1900 461 1914 α
474 1897 540 1918 non
553 1896 586 1919 se
601 1887 701 1919 decus
715 1890 820 1928 neque
833 1887 971 1928 pretium
985 1886 1106 1927 eripere
1122 1887 1190 1918 tam
1202 1885 1281 1917 bene
1295 1885 1444 1917 meritis»

121 1937 323 1977 affirmabat,
350 1949 365 1963 «
389 1935 445 1966 sed
466 1934 596 1966 divisa*
624 1935 709 1966 inter
726 1935 905 1967 exercitum
932 1935 1098 1975 ducesque
1122 1932 1234 1965 munia
1258 1946 1264 1963 ε
1289 1932 1447 1964 militibus

124 1998 139 2012 a
159 1984 343 2025 cupidinem
367 1981 534 2023 pugnandi
553 1983 728 2014 convenire
740 1995 749 2023 3
763 1983 863 2014 duces
878 1981 1078 2023 providendo
1092 2005 1101 2021 ‚
1116 1979 1348 2019 consultando,
1365 1988 1445 2011 cun-

122 2047 137 2058 «
157 2033 297 2064 ctatione
315 2030 435 2070 saepius
451 2038 549 2070 quam
571 2030 751 2062 temeritate
769 2029 929 2071 prodesse.
954 2030 990 2060 ut
1013 2037 1072 2069 pro
1088 2027 1171 2060 virili
1186 2026 1332 2068 portione
1348 2025 1445 2058 armis

123 2092 138 2107 «ι
158 2088 195 2111 ac
218 2087 316 2110 manu
336 2077 505 2108 victoriam
526 2076 667 2116 juverit,
691 2078 814 2109 ratione
826 2079 858 2108 et
872 2076 1024 2116 consilio,
1037 2074 1178 2116 propriis
1194 2073 1285 2105 ducis
1301 2072 1423 2104 artibus
1435 2097 1444 2111 ‚

124 2140 140 2155 «
157 2127 374 2167 profuturum.
400 2133 504 2165 neque
528 2125 617 2156 enim
642 2123 818 2165 ambigua²
848 2133 919 2157 esse
943 2132 1017 2164 quae
1043 2124 1236 2159 occurrant,
1263 2121 1392 2152 noctem
1413 2121 1446 2150 et

125 2187 140 2202 «ι
156 2174 274 2214 ignotae
288 2173 384 2204 silum
404 2172 493 2203 urbis
504 2196 513 2212 ,
530 2172 616 2204 intus
629 2172 740 2204 hostes
756 2174 789 2204 et
802 2173 921 2204 cuncta
935 2170 1062 2202 insidiis
1078 2170 1270 2210 opportuna.
1289 2175 1353 2198 non
1365 2190 1374 2207 ‚
1392 2165 1419 2197 si
1431 2164 1442 2181 ³

151 2240 230 2264 XVII.
246 2245 265 2263 ¹.
281 2240 323 2262 Sc.
336 2239 420 2268 copiis
434 2238 603 2268 injecta-2.
619 2238 660 2262 La
672 2238 815 2268 Delmone,
825 2239 857 2262 ut
866 2238 972 2267 putant,
983 2236 1097 2261 illabens
1110 2234 1193 2259 fluvio
1204 2233 1316 2264 l‘Oqlio.

151 2275 247 2298 XVIII.
263 2279 284 2297 ι.
301 2275 420 2298 Fortuna
439 2280 552 2297 suorum
570 2274 652 2298 tracti
675 2275 702 2298 et
720 2274 882 2298 inclinantes
900 2274 931 2297 ut
948 2272 1021 2296 victi.
1041 2271 1180 2300 Prosper-is
1198 2269 1280 2294 rebus
1299 2268 1358 2291 sine
1374 2267 1444 2290 duce

124 2310 251 2339 egissent,
263 2310 382 2333 adversis
396 2315 458 2332 eum
468 2309 564 2333 deesse
581 2309 748 2334 sentiebant.
764 2309 891 2339 intellige
903 2308 937 2333 de
946 2308 1054 2333 Caeciua
1066 2308 1222 2332 vincta—2.
1243 2304 1294 2334 Qui
1312 2302 1443 2333 graviori-

124 2343 173 2368 bus
191 2345 272 2367 arinis
284 2344 409 2368 instructi
423 2345 507 2368 erant.

154 2379 225 2402 XIX.
243 2384 262 2402 ι.
276 2379 364 2402 Palam
377 2379 605 2405 dicebantur.—-2.
622 2381 762 2410 Appositio
777 2387 784 2405 :
799 2386 844 2405 res
856 2380 962 2404 inanes.

156 2414 213 2440 xx.
229 2419 249 2438 I.
262 2415 304 2438 Sc.
319 2419 446 2438 esse.—2.
462 2415 616 2441 Dubia—5.
632 2417 752 2441 Etiamsi.
