1539 2668
135 170 195 201 334
508 166 643 196 TACI'n
665 164 941 196 HISTORJARUM
963 167 1036 196 un.
1060 167 1098 199 11.

133 243 219 275 citus
233 240 458 273 Dalmaticum
477 240 615 272 militem
631 240 779 278 traxere,
793 248 990 281 quamquam
1000 239 1233 272 consularibus
1247 241 1362 282 legatis
1377 242 1457 276 nihil

132 288 354 320 turbantibus.
375 287 469 319 Titus
494 287 632 327 Ampius
652 285 826 318 Flavianus
843 287 1043 318 Pannoniam
1059 312 1068 327 ‚
1091 286 1286 328 Pompeius²
1310 289 1458 322 Silvanus

133 336 329 368 Dalmatiam
347 335 522 374 tenebant,
538 334 664 365 divites,
680 342 788 365 senes.
804 334 860 365 sed
878 337 1070 375 procurator
1092 334 1204 366 aderat
1220 335 1385 368 Cornelius
1400 340 1460 369 Fu-

133 391 221 423 scus,
240 382 353 422 vigens
370 385 479 419 aetate,
495 380 592 412 claris
607 380 786 412 natalibus.
801 381 906 422 prima
918 382 1053 421 juventa
1069 382 1188 422 quietis
1202 382 1352 423 cupidine
1370 392 1459 415 sena·

133 431 253 463 torium
270 430 417 461 ordinem
436 430 583 460 exuerat.
603 428 689 459 idem
712 437 769 468 pro
786 428 887 460 Galba
906 429 972 460 dux
990 429 1124 461 coloniae
1141 438 1227 469 suae,
1243 439 1347 470 eaque
1363 439 1461 471 opera

133 478 391 519 procurationem
415 477 570 517 adeptus,
590 476 752 515 susceptis
774 477 965 517 Vespasiani
991 477 1138 518 partibus
1161 477 1352 509 acerrimam
1377 477 1461 509 bello

133 524 234 556 facem
250 524 394 565 praetulit
408 535 414 555 ε
431 533 495 555 non
511 527 578 556 tam
590 524 735 565 praemiis
748 524 967 564 periculorum
982 533 1079 563 quam
1092 524 1170 565 ipsis
1188 524 1339 567 periculis
1352 525 1460 564 laetus,

131 579 189 611 pro
206 572 301 603 certis
316 574 349 602 et
364 571 441 602 olim
459 572 562 612 partis
578 581 663 603 nova
674 596 682 611 ‚
698 571 850 611 ambigua
861 595 869 610 ,
886 570 1039 610 ancipitia
1056 572 1204 604 malebat.
1221 573 1318 613 igitur
1332 580 1463 604 movere

132 618 164 649 et
185 622 317 657 quatere
332 642 340 658 ,
363 619 518 659 quicquid
544 627 685 658 usquam
708 627 831 657 aegrum
855 617 961 657 foret,
988 618 1222 657 aggrediuntur
1236 620 1262 649 ³.
1281 620 1412 659 scriptae
1427 619 1483 651 in.

132 665 329 697 Britanniam
353 666 393 698 ad
418 666 724 705 quartadecimanos
738 689 746 703 ,
774 665 807 695 in
833 664 1023 705 Hispaniam
1045 665 1085 696 ad
1108 665 1274 705 primanos
1295 666 1439 705 epistolae
1453 690 1461 705 ,

131 713 218 752 quod
237 715 373 753 utraque
391 713 475 752 legio
493 722 552 754 pro
571 713 701 745 Othone
717 737 725 752 ‚
745 712 883 743 adversa
900 712 1030 743 Vitellio
1051 712 1172 744 fuerat.
1193 714 1392 752 sparguntur
1407 721 1464 752 per

132 760 248 791 Gallias
268 761 404 800 litterae;
425 762 661 801 momentoque
677 760 838 801 temporis
864 758 1020 799 flagrabat
1037 758 1150 799 ingens
1170 759 1291 790 bellum
1304 784 1314 800 ‚
1334 759 1465 800 Illyricis

133 807 328 839 exercitibus
348 808 454 848 palam
471 807 730 840 desciscentibus
741 832 750 847 ,
768 806 886 838 ceteris
904 807 1067 838 fortunam
1085 806 1254 838 secuturis.

172 855 351 886 LXXXVII,
376 859 461 886 Dum
482 856 553 887 haec
570 864 627 896 per
643 855 830 896 provincias
847 863 866 886 a
882 854 1080 893 Vespasiano
1101 853 1304 895 ducibusque
1324 853 1464 894 partium

132 905 305 941 geruntur,
329 902 484 934 Vitellius
507 902 727 943 contemptior
750 901 783 931 in
809 900 879 932 dies
901 900 1113 941 segniorque,
1138 901 1178 932 ad
1198 909 1311 933 omnes
1332 899 1466 932 munici-

132 948 262 988 piorum
278 949 496 990 villarumque
514 949 720 980 amoenitates
737 948 912 986 resistens,
931 948 1021 986 gravi
1037 948 1156 978 Urbem
1177 950 1304 988 agmine
1321 947 1463 989 petebat.

134 996 300 1035 sexaginta
315 997 415 1028 millia
431 998 630 1028 armatorum
648 994 881 1035 sequebantur,
898 994 1027 1026 licentia
1044 996 1200 1034 corrupta
1217 1003 1224 1024 z
1241 994 1391 1026 calonum
1408 1003 1465 1026 nu-

133 1051 240 1074 merus
259 1045 408 1084 amplior,
426 1043 665 1083 procacissimis
687 1043 787 1073 etiam
810 1042 895 1073 inter
913 1042 1045 1073 servos¹
1076 1041 1214 1072 lixarum
1235 1041 1372 1081 ingeniis
1384 1053 1394 1081 3
1417 1042 1467 1072 tot

133 1089 311 1128 legatorum
341 1090 590 1130 amicorumque
616 1090 792 1120 comitatus
821 1088 976 1120 inhabilis
1007 1088 1048 1119 ad
1076 1088 1255 1128 parendum
1268 1112 1277 1128 ,
1307 1088 1407 1119 etiam
1441 1088 1467 1119 si

133 1144 258 1168 summa
275 1136 430 1168 modestia
447 1139 624 1176 regeretur.
642 1136 825 1167 onerabant
843 1134 1092 1167 multitudinem
1110 1135 1201 1166 obvii
1218 1144 1256 1166 ex
1271 1135 1358 1167 Urbe
1377 1143 1466 1167 sena-

133 1183 218 1213 tores
230 1184 452 1224 ,Equitesquffi
471 1183 605 1223 quidam
622 1185 712 1214 metu
725 1206 733 1221 ,
761 1182 858 1214 multi
876 1191 931 1223 per
947 1182 1167 1214 adulationem
1180 1206 1189 1222 ,
1213 1182 1311 1213 ceteri
1330 1191 1367 1214 ac
1386 1191 1466 1223 pau-

134 1229 223 1260 latim
240 1239 355 1262 omnes
370 1254 378 1269 ‚
402 1240 442 1262 ne
467 1230 539 1262 aliis
562 1230 847 1271 proficiscenti-bus
866 1230 924 1271 ipsi
946 1231 1159 1262 remanerent.
1180 1229 1434 1270 aggregabantur
1450 1239 1468 1263 e

134 1277 238 1317 plebe,
257 1278 414 1318 flagitiosa
431 1287 487 1318 per
504 1277 659 1318 obsequia
676 1277 806 1309 Vitellio
820 1278 963 1318 cogniti,
978 1287 1098 1310 scurrae
1108 1302 1117 1318 ,
1132 1278 1321 1317 histriones,
1335 1277 1465 1319 aurigae,

134 1325 251 1364 quibus
264 1325 316 1357 ille
327 1326 545 1357 amicitiarum
559 1325 859 1357 dehonestamentis
872 1328 951 1358 mire
965 1326 1138 1367 gaudebat.
1152 1334 1213 1357 nec
1227 1325 1361 1357 coloniae
1371 1325 1468 1358 modo

134 1375 191 1404 aut
201 1373 384 1413 municipia
401 1375 556 1413 congestu
577 1373 742 1414 copiarum
761 1397 769 1413 ,
788 1372 844 1405 sed
860 1373 920 1414 ipsi
937 1374 1077 1406 cultores
1094 1382 1236 1415 arvaque
1253 1373 1388 1405 maturis
1400 1372 1468 1413 ,iam

134 1421 283 1461 frugibus
301 1423 335 1452 ut
352 1421 469 1452 hostile
487 1421 594 1452 solum
613 1420 839 1453 vastabantur.

176 1471 364 1500 LXXXVIII.
388 1468 501 1500 Multae
523 1471 555 1500 et
573 1470 697 1500 atroces
716 1468 802 1499 inter
822 1477 855 1500 se
878 1468 1021 1499 militum
1041 1468 1167 1508 caedes,
1186 1469 1263 1509 post
1276 1467 1468 1499 seditionem
1520 1478 1522 1514 ᾗ

136 1514 238 1547 Ticini
252 1516 410 1556 coeptam¹
430 1519 582 1548 manente
596 1516 757 1556 legionum
775 1516 1038 1555 auxiliorumque
1052 1514 1210 1547 discordia
1224 1526 1232 1555 ;
1245 1515 1300 1546 ubi
1314 1514 1469 1547 adversus
1520 1519 1522 1523 '

136 1570 276 1602 paganos
289 1562 300 1581 ²
319 1563 511 1595 certandum
532 1563 634 1602 foret,
653 1571 823 1594 consensu.
845 1563 900 1594 sed
925 1563 1066 1602 plurima
1090 1564 1212 1602 strages
1230 1562 1267 1593 ad
1293 1562 1468 1602 septimum

136 1612 177 1644 ab
193 1611 279 1644 Urbe
293 1610 442 1651 lapidem.
461 1610 600 1651 singulis
614 1611 657 1642 ibi
675 1610 836 1641 militibus
854 1609 1000 1641 Vitellius
1013 1612 1144 1649 paratos
1162 1610 1252 1639 cibos
1267 1612 1304 1640 ut
1318 1609 1471 1648 gladiato-

137 1658 218 1690 riam
236 1658 379 1697 saginam
401 1658 585 1696 dividebat;
602 1659 634 1688 et
647 1657 752 1687 effusa
768 1656 876 1696 plebes
893 1657 972 1687 totis
989 1665 1024 1687 se
1038 1656 1153 1687 castris
1170 1656 1357 1686 miscuerat.
1377 1656 1468 1688 incu—

138 1704 240 1736 riosos
251 1705 371 1736 milites
383 1705 572 1745 (vernacula
585 1703 760 1735 utebantur
776 1704 972 1744 urbanitate)
984 1704 1117 1743 quidam
1132 1703 1324 1743 spoliavere,
1335 1702 1470 1736 abscisis

138 1751 248 1783 furtim
263 1750 395 1791 balteis,
410 1760 456 1782 an
472 1753 620 1783 accincti
626 1751 750 1791 forent
764 1751 952 1789 rogitantes
968 1760 1034 1782 non
1051 1750 1126 1782 tulit
1140 1750 1318 1781 ludibrium
1331 1749 1471 1783 insolens

140 1798 349 1830 contumeliae
375 1798 503 1829 animus
530 1807 538 1829 ε
565 1798 723 1829 inermem
754 1798 912 1838 populum
934 1797 1046 1838 gladiis
1073 1798 1232 1829 invasere.
1258 1805 1364 1829 caesus
1386 1797 1471 1829 inter
1519 1799 1521 1839 j

139 1846 219 1877 alios
233 1848 324 1886 pater
340 1846 474 1885 militis,
492 1854 594 1886 quum
613 1845 713 1876 filium
730 1845 965 1885 comitaretur3
984 1845 1102 1877 deinde
1121 1845 1252 1885 agnitus
1265 1868 1274 1884 ‚
1292 1847 1325 1876 et
1341 1844 1470 1885 vulgata
1519 1842 1521 1849 ⁴

139 1892 246 1932 caede,
272 1894 490 1934 temperatum
517 1893 557 1924 ab
583 1892 735 1924 innoxiis.
760 1893 792 1923 in
815 1893 900 1924 Urbe
924 1893 1250 1933 tamen'trepidatum
1272 1900 1469 1933 praecurren-

138 1940 224 1972 tibus
246 1941 365 1980 passim
382 1940 553 1972 militibus.
575 1941 680 1972 sorum
699 1941 840 1972 maxime
857 1940 1011 1981 petebant
1023 1965 1032 1980 ,
1050 1940 1203 1981 cupidine
1221 1940 1346 1971 visendi
1361 1939 1468 1970 locum
1518 1965 1520 1978 .

139 1988 172 2019 in
188 1997 252 2029 quo
268 1988 366 2020 Galba
383 1990 551 2029 Jacuisset.
576 1997 636 2020 nec
649 1990 759 2020 minus
776 1998 901 2020 saevum
919 1989 1140 2029 spectaculum
1159 1990 1250 2020 erant
1268 1987 1330 2028 ipsi
1342 1986 1442 2027 tergis
1455 1988 1467 2005 '⁴

143 2037 284 2067 ferarum
299 2038 332 2067 et
346 2037 533 2076 ingentibus
547 2036 622 2068 telis
637 2037 823 2075 horrentes,
842 2045 945 2077 quum
963 2036 1090 2067 turbam
1108 2036 1217 2076 populi
1236 2044 1291 2076 per
1306 2034 1468 2066 inscitiam

142 2092 256 2123 parum
272 2084 431 2125 vitarent,
447 2087 503 2116 aut
519 2084 574 2115 ubi
591 2084 715 2115 lubrico
732 2085 795 2115 via·
812 2085 861 2116 vel
877 2093 1016 2115 occursu
1033 2084 1172 2123 alicujiis
1186 2082 1412 2123 procidissent,
1428 2082 1468 2114 ad

139 2131 281 2170 Jurgium
293 2155 302 2172 ‚
316 2141 392 2163 mox
409 2132 449 2163 ad
467 2141 581 2164 manus
594 2136 625 2164 et
640 2133 759 2164 ferrum
774 2133 966 2164 transirent.
983 2133 1061 2173 quin
1076 2133 1108 2164 et
1123 2130 1246 2163 tribuni
1261 2129 1470 2171 praefectique
1518 2132 1519 2157 ἶ

146 2187 220 2210 cnm
236 2181 359 2212 terrore
376 2183 409 2212 et
424 2182 625 2212 armatorum
641 2182 780 2212 catervis
798 2180 989 2212 volitabant.

185 2230 342 2259 LXXXIX.
368 2231 438 2268 Ipse
454 2228 603 2260 Vitellius
616 2237 634 2259 a
647 2230 746 2269 ponte
761 2228 903 2267 Mulvio,
919 2225 1036 2267 insigni
1051 2233 1134 2266 equo
1146 2249 1156 2265 ,
1170 2224 1344 2266 paludatus
1361 2224 1468 2256 accin-

144 2329 197 2348 —2.
217 2325 264 2349 Vel
276 2326 479 2356 Poppoeus.—³.
491 2326 715 2356 Vespasianus‘et
726 2327 845 2356 partium
855 2325 948 2349 duces.

175 2363 327 2421 Lxx-xva.
345 2369 364 2387 ι.
384 2364 435 2388 vel
448 2365 470 2388 si
487 2371 548 2388 curn
566 2370 707 2389 servorum
728 2365 844 2395 ingeniis
865 2367 1024 2393 compareS‚
1047 2363 1128 2386 etiam
1143 2362 1208 2386 ‚haec
1229 2360 1398 2392 procacitate
1422 2364 1470 2383 su·

145 2403 227 2429 peran
243 2404 274 2422 ia.

177 2434 337 2458 Lxxxvnl.
355 2439 374 2457 ι.
390 2435 448 2458 Vid.
461 2440 483 2458 c.
496 2439 533 2464 27,
546 2440 639 2459 ‹sa—2.
653 2435 708 2459 Vid.
720 2437 776 2459 not.
792 2441 812 2462 3,
830 2435 863 2458 ad
877 2435 898 2465 l,
912 2440 1003 2458 rsa—5.
1018 2433 1191 2463 Tergoribus.
