1539 2668
515 166 622 196 ΑΓΗ.
646 167 682 196 C.
706 168 778 198 819.
802 169 839 200 A.
863 170 898 200 C.
917 171 972 200 eo.
1324 183 1327 189 ⁴
1349 174 1407 204 207

61 264 67 275 ι
87 244 207 284 torque
219 241 598 275 ‹sesaminum-Rubellii
612 242 747 282 Plauti,
765 244 922 286 quodque
936 245 1223 285 proconsulatum
1246 249 1336 280 Asioe
1359 252 1411 282 So-

59 301 64 308 *
89 298 200 323 rames
220 289 480 330 prosternam
502 289 566 320 sibi
590 291 707 329 potius
730 291 1156 333 accommodatumquam
1182 302 1225 325 ex
1251 295 1410 327 ulilitate

87 338 260 372 commum·
266 338 388 377 eqisset
399 335 524 368 alendo
535 336 718 369 seditiones
731 340 938 371 civitatium.
955 341 1065 371 vetera
1078 340 1147 371 haec
1163 350 1170 371 :
1189 341 1245 372 sed
1259 351 1369 374 recens
1379 345 1411 375 et

90 386 175 426 quod
190 384 368 417 discrimini
383 384 482 425 patris
495 383 593 416 filiam
608 386 821 418 connectebat
836 411 843 425 ‚
858 386 951 428 quod
964 390 1148 427 pecuniam
1171 390 1283 429 Maqis
1299 390 1410 421 dilar-

89 435 164 473 92'ta
189 434 276 464 esset
291 432 313 464 ¹.
326 432 494 463 ‘acciderat
506 440 583 464 sane
597 433 715 473 pietate
732 434 874 465 Serviliae
889 433 935 473 (id
948 434 1033 466 euim
1050 443 1167 466 nomen
1187 436 1300 476 puellae
1314 437 1387 476 fuit)
1401 462 1409 475 ‚

87 488 161 520 quae
178 479 312 511 caritate
325 487 398 519 erga
410 480 575 519 parentem
590 502 598 517 ‚
613 479 709 511 simul
735 480 952 521 imprudentia
965 482 1070 513 aetatis
1082 507 1090 522 ,
1113 491 1176 513 non
1191 484 1299 514 tamen
1323 484 1411 514 aliud

89 528 349 564 consultaverat,
375 534 472 566 quam
497 526 537 557 de
555 527 795 559 incolumitate
824 528 956 567 domus,
978 531 1011 560 et
1037 538 1083 560 an
1108 530 1291 569 placabilis
1311 532 1411 571 Nero,

88 582 137 606 an
158 576 305 615 coquum
321 575 462 605 senatus
475 573 564 605 nihil
579 575 685 606 atrox
700 573 861 613 afferret.
880 575 981 615 Igitur
996 576 1096 608 accita
1117 579 1166 607 est
1187 577 1221 607 in
1239 578 1387 608 senatum
1405 602 1412 617 ‚

80 623 311 661 steteruntque
327 620 468 658 diversi,
483 622 558 651 ante
572 621 711 653 tribunal
729 622 899 653 consulum
917 622 1044 661 grandis
1063 632 1134 654 aevo
1147 632 1261 663 parens
1275 649 1283 664 ,
1300 626 1413 656 contra

59 679 62 686 ¹
76 669 151 700 ,filia
162 692 176 708 r
187 669 272 700 intra
283 668 472 699 vicesimum
485 669 591 699 aetatis
605 677 725 700 annum
742 678 845 709 nuper
861 669 976 699 marito
990 670 1092 701 Annio
1114 671 1256 702 Pollione
1278 671 1312 702 in
1331 671 1409 702 exsi-

89 716 166 747 lium
183 716 278 755 pulso
292 714 303 733 ²
321 715 452 746 viduata
465 714 690 756 desolataque,
715 724 753 747 ac
777 725 818 747 ne
845 719 967 757 patrem
992 716 1124 756 quidem
1147 717 1294 758 intuens,
1319 718 1413 757 cujus

91 771 238 794 onerasse
251 762 394 802 pericula
407 761 588 793 videbatur.

132 813 236 840 XXXI.
253 813 335 840 Tum
349 809 567 848 interrogante
580 811 766 841 accusatore
781 817 829 840 an
852 810 970 841 cultus
986 810 1132 850 dotstles,
1150 820 1194 842 cm
1216 811 1415 843 domnolum

88 858 213 888 cervici
249 857 374 887 monile
402 864 526 887 venum
561 855 719 894 dedisset,
747 856 838 896 quod
859 859 1043 895 pecuniam
1069 857 1243 896 flzeiendis
1274 860 1414 899 mayrois

89 906 197 935 sacris
215 904 463 935 contraheret?
481 903 620 943 primum
643 905 744 934 strata
761 903 851 933 liumi
870 904 1027 943 longoque
1045 904 1119 934 tletu
1137 907 1170 935 et
1187 906 1325 946 silentio,
1343 908 1415 946 post

57 963 59 967 ¹
88 950 201 981 altaria
210 952 245 982 et
258 958 345 981 aram
365 950 370 967 ¹
389 950 559 991 complexa
573 974 581 989 ‚
599 963 613 977 ι(
629 950 756 987 Nullos,
773 962 789 976 n
801 950 915 989 inquit,
931 963 945 977 α
962 951 1077 990 impios
1091 951 1178 989 deos,
1197 953 1300 984 nullas
1317 952 1412 983 devo-

92 997 242 1038 «tiones,
255 1005 317 1028 nec
331 997 419 1029 aliud
434 997 617 1029 infelicibus
634 997 783 1037 precibus
800 997 946 1028 invocavi
963 1022 970 1036 ‚
992 1007 1090 1037 quam
1107 1000 1141 1029 ut
1156 999 1241 1029 hunc.
1254 1000 1414 1040 optimum

93 1056 109 1072 κ
128 1047 251 1085 patrem
266 1047 314 1084 tu,
333 1049 454 1081 Caesar,
468 1048 499 1077 et
516 1054 589 1083 vos,
605 1047 727 1083 Patres,
743 1046 913 1076 servaretis
934 1045 1139 1076 incolumem.
1162 1047 1209 1077 sic
1224 1055 1367 1086 gemmas
1384 1047 1416 1078 et

93 1103 110 1118 «ι
127 1096 232 1124 vestes
242 1095 276 1124 et
292 1092 458 1132 dignitatis
473 1092 610 1132 insignia
627 1092 713 1131 dedi,
733 1092 894 1132 quomodo
908 1093 934 1123 si
951 1093 1136 1132 sanguinein
1151 1096 1183 1124 et
1198 1094 1297 1124 vitam
1315 1103 1413 1135 popo-

94 1151 110 1166 «
127 1140 274 1171 scissent.
293 1139 432 1171 viderint
448 1140 514 1177 isti,
530 1140 666 1170 antebac
681 1140 760 1170 milii
780 1140 893 1179 ignoti,
909 1149 972 1179 quo
995 1141 1125 1171 nomine
1140 1141 1204 1171 sint
1216 1165 1224 1180 ‚
1241 1150 1321 1181 quas
1332 1143 1416 1174 artes

95 1198 109 1213 ι(
128 1189 300 1218 exerceant
315 1196 322 1217 ε
337 1187 424 1217 nulla
438 1186 516 1217 milii
533 1187 689 1226 Principis
704 1188 824 1217 mentio
842 1187 901 1218 nisi
922 1187 1005 1217 inter
1021 1188 1154 1218 numina
1167 1188 1238 1219 suit.
1254 1189 1357 1221 nescit
1369 1190 1414 1221 ta-

98 1247 113 1262 «
131 1243 204 1266 men
219 1234 418 1265 miserrimus
433 1235 522 1274 pater
539 1244 547 1272 ;
563 1234 633 1265 etsi
651 1233 773 1264 crimen
788 1237 836 1264 est
851 1257 859 1272 ‚
879 1235 944 1265 sola
957 1234 1088 1274 deliqui.
1106 1247 1120 1261 n

134 1286 254 1313 XXXII.
282 1282 457 1322 Loquentis
479 1282 592 1312 adbuc·
609 1281 704 1312 verba
730 1282 851 1321 excipit
877 1285 1015 1312 Soranus
1045 1282 1296 1321 proclamatque,
1321 1292 1416 1316 «non

95 1343 109 1357 u
127 1329 213 1360 illam
234 1330 265 1360 in
295 1329 496 1369 provinciam
521 1337 629 1359 secum
658 1329 833 1368 pron—ctam
852 1353 859 1366 ,
879 1338 942 1359 non
968 1330 1080 1359 Plauto
1103 1337 1159 1368 per
1174 1331 1302 1360 {etatem
1325 1330 1416 1362 nosci

95 1390 109 1404 «
124 1377 268 1418 potuisse
283 1400 292 1416 ,
320 1386 383 1406 non
410 1376 599 1407 criminibus
627 1375 733 1406 mariti
761 1384 938 1406 connexam
963 1386 969 1405 :
1001 1376 1107 1406 nimiae
1133 1378 1257 1407 tuntum
1287 1376 1418 1416 pietatis

95 1438 110 1452 «
127 1432 214 1456 ream
240 1425 441 1463 separarent,
467 1427 564 1463 atque
593 1423 661 1462 ipse
682 1432 909 1462 quamcunque
938 1425 1058 1453 sortem
1084 1423 1205 1454 subiret.
1234 1436 1248 1449 υ
1271 1423 1366 1454 simul
1384 1424 1417 1454 in

66 1471 262 1512 .:amplexus
275 1471 476 1502 occurrentis
486 1470 569 1501 filiae*
581 1470 692 1501 ruebat
709 1493 717 1508 ‚
736 1470 793 1500 nisi
816 1470 976 1508 interjecti
1002 1470 1127 1501 lictores
1153 1471 1300 1510 uirisque
1321 1470 1419 1502 obsti-

64 1530 66 1534 ’
90 1518 220 1550 tissent.
246 1523 319 1550 Mox
336 1518 431 1549 datus
454 1518 592 1549 testibus
620 1517 728 1557 Iocus,
743 1520 777 1548 et
789 1520 946 1557 quantum
967 1518 1196 1548 misericordiae
1222 1518 1346 1549 saevitia
1369 1527 1419 1550 ac-

93 1566 267 1598 cusatIonis
280 1568 504 1607 permoverat,
521 1567 648 1597 tantum
662 1565 719 1596 irae
735 1569 767 1596 P.
789 1565 941 1604 Egnatius
965 1564 1058 1595 testis
1072 1565 1224 1595 concivit.
1250 1565 1350 1596 cliens
1366 1565 1418 1596 hic

58 1640 61 1644 .
92 1613 202 1645 Sorani
228 1616 261 1645 et
280 1616 358 1645 tunc
388 1616 516 1653 emptus
543 1613 582 1644 ad
609 1612 857 1653 opprimendum
887 1612 1027 1642 amicum
1056 1612 1281 1642 auctoritatem
1302 1611 1419 1644 stoicae

57 1672 59 1675 ’
80 1663 188 1694 ἐρεῐθῡ
204 1660 394 1701 praeferebat
406 1660 540 1700 ,habitu
557 1663 588 1692 et
600 1669 656 1691 ore
671 1660 709 1691 ad
726 1659 970 1700 exprimendam
994 1659 1166 1698 imaginem
1188 1659 1311 1691 honesti
1329 1667 1419 1690 exer-

76 1720 82 1737 :
93 1709 178 1741 citus
191 1733 200 1747 ‚
215 1711 359 1741 ceterum
375 1709 485 1740 animo
500 1707 692 1749 perfidiosus
705 1732 714 1748 ‚
733 1707 889 1738 subdolus
903 1730 912 1745 ,
935 1706 1102 1737 avaritiam
1125 1715 1161 1737 ac
1176 1706 1340 1738 libidinem
1366 1714 1417 1737 oc-

95 1756 229 1787 cultans.
258 1764 331 1796 quae
347 1760 515 1796 postquam
533 1756 670 1797 pecunia
697 1755 820 1786 reclusa
839 1756 915 1785 sunt
930 1776 939 1791 ‚
959 1753 1047 1784 dedit
1082 1754 1264 1793 exemplum
1299 1761 1417 1794 praeca-

97 1803 191 1834 vendi
207 1827 215 1842 ,
247 1803 409 1843 quomodo
446 1803 613 1834 fraudibus
646 1802 810 1833 involutos
836 1803 891 1832 aut
919 1801 1045 1840 flagitiis
1073 1801 1343 1840 commaculatos,
1375 1800 1419 1831 sic

96 1850 198 1890 specie
215 1850 373 1881 honarum
387 1850 505 1881 artium
521 1850 618 1881 salsos
635 1852 666 1880 et
679 1849 829 1880 amicitiae
843 1848 982 1879 fallaces.

136 1901 272 1930 XXXIII.
299 1898 389 1930 Idem
406 1899 514 1928 tamen
523 1897 595 1927 dies
608 1898 639 1927 et
655 1896 827 1927 honestum
844 1895 1027 1934 exemplum
1040 1894 1116 1925 tulit
1138 1894 1236 1925 cassii
1260 1893 1419 1933 Asclepio—

77 1945 263 1985 ‹.doti„.q·.n
279 1944 511 1985 magnitudine
534 1951 634 1983 opum
663 1943 846 1983 praecipuus
864 1941 948 1973 inter
972 1941 1148 1979 Bithynos,
1176 1949 1241 1980 quo
1266 1939 1420 1980 obsequio

97 1992 264 2024 florentem
278 1995 434 2023 Soranum
449 1990 678 2030 celebraverat,
695 1989 853 2021 labentem
868 1997 932 2019 non
952 1988 1105 2026 deseruit,
1122 1990 1309 2027 exutusque-
1319 1986 1421 2017 onmi-

99 2039 158 2070 bus
184 2040 322 2071 fortunis
349 2041 381 2071 et
401 2040 433 2070 in
451 2039 598 2070 exsilium
627 2040 740 2077 actus,
764 2038 916 2077 aequitate
941 2036 1036 2067 deum
1062 2044 1135 2076 erga
1161 2034 1245 2065 bona
1272 2033 1419 2073 malaque

98 2086 296 2118 documenta
315 2087 338 2116 ¹.
368 2087 517 2118 Thraseae
542 2089 727 2125 Soranoque
753 2087 784 2116 et
810 2084 952 2116 serviliae
979 2083 1075 2114 datur
1100 2082 1214 2112 mortis
1239 2081 1417 2111 arbitrium.

127 2188 212 2211 XXX.
227 2192 249 2210 ι.
264 2186 358 2211 Delata
373 2186 406 2210 ab
417 2186 533 2215 Egnatio
545 2186 721 2215 philosophm
730 2185 860 2215 magistro
874 2183 970 2214 patris,
983 2190 999 2202 «
1012 2181 1096 2210 ipsius
1112 2180 1222 2205 hortatu
1239 2180 1272 2204 ad
1287 2180 1419 2208 magicam

100 2222 283 2246 descendisse.
302 2231 315 2242 »
330 2223 359 2245 V.
375 2222 408 2245 de
423 2227 455 2245 eo
470 2227 492 2244 c.
508 2226 544 2249 32,
561 2223 588 2245 et
600 2222 674 2245 Hist.
692 2222 733 2248 IV,
749 2226 774 2244 io
791 2221 818 2244 et
832 2223 923 2243 zo-z.
942 2217 1008 2241 Vide
1017 2217 1073 2245 XV,
1087 2222 1123 2240 7I.
1312 2245 1319 2254 '

128 2257 225 2281 XXXI.
243 2263 263 2281 I.
275 2257 387 2281 Veneris
404 2257 556 2281 GenitriciS.
571 2257 634 2281 Ara
648 2256 756 2286 proprie
774 2257 814 2279 est
833 2256 889 2285 ipsa
907 2255 1044 2278 structura
1059 2251 1173 2281 lapidea,
1187 2250 1292 2277 altare,
1307 2245 1418 2276 επιῧω-

99 2294 147 2335 μίς
164 2318 171 2331 ,
186 2304 249 2327 pars
261 2299 392 2328 superior,
407 2298 537 2327 ornatior,
553 2303 614 2321 cum
629 2303 706 2321 sacra
720 2295 895 2326 supellectili.

130 2335 253 2360 xxxnI.
269 2341 288 2359 ι.
303 2335 367 2359 Nam
385 2334 422 2357 dii
440 2333 511 2357 hona
533 2334 560 2356 et
577 2333 657 2361 mala,
671 2333 787 2357 honesta
807 2332 834 2355 et
848 2331 937 2361 turpia
959 2330 1080 2354 facinora
1101 2326 1241 2357 aequaliter
1263 2326 1418 2355 admittunt,

99 2371 158 2396 fieri
171 2371 278 2394 sinunt:
290 2369 361 2399 quod
376 2371 404 2393 et
414 2374 507 2392 verum
519 2369 560 2391 est
573 2373 623 2391 nec
636 2368 697 2391 fidei
708 2367 884 2397 providentiae
894 2366 990 2390 divinae
1003 2364 1169 2389 contrarium
1183 2362 1266 2386 dictu.
1279 2359 1420 2386 Burnoutli

99 2405 355 2436 interpretationem
366 2403 485 2428 excludit
496 2402 658 2428 vocabulum
671 2409 748 2434 crya.
