1539 2668
137 189 196 219 366
486 186 619 215 TACITI
643 185 920 214 HISTORIARUM
942 185 1017 213 Lm.
1042 183 1099 213 ΙΙΙ.

138 261 248 300 animi,
266 270 330 292 non
348 260 474 300 lingua,
489 269 552 291 non
570 260 702 291 auribus
717 260 897 299 competere
912 259 918 276 ¹
937 269 945 296 ;
963 266 1068 298 neque
1083 257 1356 290 alienis-consiliis
1369 260 1453 300 regi,

137 316 241 347 neque
254 317 313 339 sua
321 308 486 348 expedire;
500 308 563 338 huc
574 307 651 338 illuc
663 306 857 338 clamoribus
867 306 1008 337 bostium
1020 304 1211 343 circumagi;
1225 305 1454 348 quaeJusserat‚

138 359 266 395 vetare;
284 364 356 395 quae
371 356 528 394 vetuerat,
545 354 665 394 jubere.
685 362 774 393 mox,
788 353 871 393 quod
888 353 921 383 in
934 351 1068 393 perditis
1086 351 1181 382 rebus
1197 351 1329 391 accidit,
1345 360 1457 384 omnes

139 403 329 444 praecipere,
348 410 443 433 nemo
457 400 601 440 exsequi.
620 403 780 440 postremo
797 399 930 439 abjectis
942 400 1039 430 armis
1056 399 1164 438 sugam
1177 399 1210 429 et
1227 398 1356 430 fallendi
1373 400 1457 432 artes

139 449 463 489 circumspectabant.
484 450 671 487 Iri-umpunt
688 447 850 479 Vitelliani
868 450 901 479 et
921 449 1039 478 cuncta
1063 446 1238 486 sanguine,
1261 447 1345 477 ferro
1365 446 1457 478 ilam-

140 497 264 536 misque
286 497 432 527 miscent.
452 495 547 535 pauci
564 495 751 526 militarium
767 496 912 526 virorum
926 517 934 532 ,
952 494 1036 524 inter
1052 502 1135 533 quos
1158 493 1298 524 maxime
1320 493 1458 534 insignes

141 545 306 576 Cornelius
327 542 501 581 Martialis,
521 542 662 573 AEmilius
684 543 829 574 Pacensis
843 566 852 581 ,
875 542 1044 581 Casperius
1060 540 1166 580 Niger,
1194 540 1304 571 Didius
1327 543 1458 582 Scaeva,

142 600 280 635 pugnam
298 590 367 621 ausi
389 589 632 620 obtruncantur.
648 588 792 620 Flavium
810 589 964 621 Sabinum
979 588 1131 619 inermem
1146 596 1250 627 neque
1266 588 1374 627 sugam
1393 596 1457 620 coen

141 642 285 680 ptantem
306 637 570 676 circumsistunt,
587 638 620 667 et
636 637 804 676 Quintium
819 637 961 667 Atticum
975 633 1176 672 consulem2,
1194 634 1308 665 umbra
1330 635 1460 668 honoris

142 688 173 717 et
189 686 316 716 suamet
332 684 474 715 vanitate
487 684 705 714 monstratum
718 707 726 722 ,
742 682 827 722 quod
848 683 952 713 edicta
970 682 1002 712 in
1024 682 1179 721 populum
1196 689 1253 720 pro
1266 682 1460 721 Vespasiano

142 731 330 771 magnilica,
347 730 501 770 probrosa
519 729 672 761 adversus
684 729 851 760 Vitellium
870 727 1027 767 jecerat³.
1043 728 1139 758 ceteri
1161 736 1218 767 per
1243 728 1347 759 varios
1368 736 1461 760 casus

142 778 251 818 elapsi,
270 777 399 817 quidam
417 777 526 809 servili
543 777 655 808 babitu
670 800 679 815 ‚
693 777 746 808 alii
763 775 824 806 fide
840 775 1008 807 clientium
1020 774 1160 805 rcontecti
1177 776 1209 805 et
1223 773 1308 805 inter
1320 774 1462 806 sarcinas

143 825 254 857 abditi.
272 825 360 856 fuere
374 825 430 865 qui
445 826 580 864 excepto
595 825 837 856 Vitellianorum
854 823 945 862 signo
957 821 984 861 ¹⁵,
999 830 1064 861 quo
1085 820 1167 852 inter
1183 830 1218 852 se
1234 822 1461 861 noscebantur,

143 872 229 904 ultro
248 873 419 912 rogitantes
434 872 722 911 respondentesve,
736 870 903 902 audaciam
922 878 978 909 pro
994 868 1114 900 latebra
1131 868 1295 900 haberent.

184 923 314 951 LMstv.
341 918 543 950 Domitianus
568 919 671 958 prima
696 918 875 958 irruptione
896 916 981 956 apud
1005 915 1162 946 aedituum
1180 916 1362 947 occultatus
1376 939 1386 955 ‚
1403 916 1464 947 sol-

143 966 237 998 lertia
259 966 363 997 liberti
387 966 471 997 lineo
491 965 612 996 amictu
633 965 736 996 turbae
753 963 1001 995 sacricolarum¹
1025 962 1194 993 immixtus
1215 962 1462 1001 ignoransque,

144 1013 228 1052 apud
252 1014 435 1044 cornelium
459 1013 602 1044 Primum
625 1015 794 1052 paternum
810 1011 962 1043 clientem
975 1012 1069 1050 juxta
1082 1009 1256 1040 Velabrum
1270 1008 1412 1040 delituit.
1428 1017 1465 1040 ac

143 1061 286 1100 potiente
301 1069 407 1091 rerum
420 1061 521 1100 patre,
535 1059 668 1097 disjecto
678 1059 790 1090 aeditui
805 1057 1028 1095 coutubernio,
1044 1056 1208 1087 modicum
1223 1055 1375 1087 sacellum
1388 1057 1465 1088 Jovi

144 1109 376 1138 conservatori
393 1115 546 1146 aramque
564 1106 672 1145 posuit
690 1114 784 1136 casus
803 1114 880 1135 suos
897 1104 929 1134 in
954 1111 1115 1134 marmore
1136 1110 1320 1141 expressam
1332 1102 1342 1120 ²
1358 1113 1366 1141 ;
1389 1111 1466 1134 mox

144 1152 315 1192 impet-iuni
330 1154 464 1193 adeptus
474 1155 550 1185 Jovi
563 1152 698 1184 cuslodi
712 1152 869 1191 templum
882 1151 992 1190 ingens
1005 1158 1103 1189 seque
1118 1149 1151 1179 in
1164 1149 1236 1179 sinu
1250 1149 1302 1180 dei
1316 1151 1464 1180 sacravit.

144 1200 279 1232 Sabinus
293 1205 324 1230 et
339 1202 461 1231 Atticus
478 1199 601 1230 onerati
616 1199 738 1230 catenis
751 1201 782 1229 et
799 1198 839 1229 ad
853 1197 1017 1228 Vitellium
1032 1196 1121 1227 ducti
1136 1204 1337 1236 nequaquam
1350 1195 1466 1228 infesto

145 1254 293 1277 sermone
314 1256 324 1275 1
336 1248 471 1286 ultuque
485 1245 705 1285 excipiuntur,
724 1244 936 1276 frementibus
950 1243 1004 1283 qui
1015 1243 1067 1283 Jus
1083 1242 1182 1273 caedis
1198 1245 1230 1273 et
1247 1242 1377 1282 praemia
1390 1251 1466 1274 ena·

145 1296 229 1324 valae
244 1293 253 1309 *³
272 1303 377 1332 operae
395 1293 555 1333 petebant.
574 1294 713 1324 clamore
729 1301 748 1323 a
767 1291 923 1332 proximis
939 1291 1010 1321 orto
1033 1290 1165 1321 sordida
1180 1298 1253 1329 pars
1272 1290 1373 1329 plebis
1389 1297 1466 1329 sup·

145 1338 278 1378 plu-ium
296 1340 402 1370 Sabini
427 1340 590 1379 exposcit,
617 1340 723 1370 minas
739 1338 1005 1377 adulationesque
1017 1337 1143 1368 miscet.
1161 1338 1302 1367 stantem
1322 1345 1380 1377 pro
1396 1345 1466 1377 gra-

146 1385 243 1416 dibus
271 1388 377 1425 palatii
402 1387 564 1418 Vitellium
582 1389 613 1418 et
633 1395 740 1426 preces
762 1386 929 1426 parantem
952 1385 1116 1425 pervicere
1138 1384 1175 1414 ut
1193 1383 1372 1415 absisteret.
1396 1386 1468 1416 tum

147 1434 329 1463 confossum
348 1434 642 1474 collaceratumque
665 1436 697 1465 et
723 1433 846 1464 absciso
864 1431 970 1472 capite
990 1433 1143 1463 truncum
1165 1439 1284 1471 corpus
1305 1431 1414 1462 Sabini
1435 1431 1467 1462 in

147 1481 317 1512 Gemonias
330 1480 339 1498 ⁴
362 1481 505 1512 trabunt.

189 1530 304 1556 LAXV.
320 1528 376 1558 Hic
389 1527 493 1559 exitus
507 1527 567 1558 viri
582 1527 668 1558 baud
683 1535 758 1558 sane
773 1525 955 1566 spernendi.
968 1524 1111 1565 quinque
1124 1523 1157 1554 et
1168 1522 1298 1562 triginta
1311 1523 1469 1565 stipendia

147 1572 180 1603 in
199 1573 361 1612 republica
381 1574 502 1605 fecerat
515 1598 524 1613 ,
541 1574 628 1604 domi
652 1573 841 1612 militiaeque
865 1573 981 1603 clarus.
1010 1570 1227 1601 innocentiam
1244 1571 1484 1611 justitiamque-

148 1620 216 1659 ejus
234 1629 297 1650 uon
317 1629 488 1660 argueres3
507 1620 666 1651 sermonis
684 1619 804 1649 nimius
817 1621 897 1649 erat.
918 1617 948 1648 id
971 1625 1076 1647 unum
1101 1619 1224 1656 septem
1243 1618 1334 1647 annis
1350 1617 1468 1657 quibus

148 1666 305 1705 Moesiam‚
321 1667 493 1697 duodecim
511 1666 629 1706 quibus
644 1666 868 1706 praefecturam
881 1664 977 1695 Urbis
990 1663 1148 1702 obtinuit,
1167 1663 1382 1696 calumniatus
1397 1667 1444 1696 est
1457 1667 1463 1683 ¹

148 1722 270 1745 rumor.
289 1714 320 1744 in
335 1713 397 1744 fine
415 1714 468 1744 alii
484 1722 612 1752 segnem
624 1737 632 1752 ‚
648 1713 744 1744 multi
760 1712 961 1743 moderatum
976 1713 1007 1742 et
1023 1710 1142 1741 civium
1160 1710 1323 1749 sanguinis
1336 1720 1467 1750 parcum

148 1761 322 1794 credidere.
349 1760 434 1800 quod
459 1760 543 1791 inter
565 1768 678 1790 omnes
703 1757 924 1797 constiterit²‚
942 1759 1016 1788 ante
1039 1757 1256 1796 principatum
1283 1759 1468 1797 Vespasiani

148 1807 245 1839 decus
262 1808 377 1838 domus
393 1816 490 1847 penes
504 1806 655 1838 Sabinum
669 1808 749 1837 erat.
767 1806 889 1836 caedem
905 1805 973 1845 ejus
987 1803 1093 1834 taet'am
1109 1803 1206 1834 fuisse
1219 1804 1368 1834 Muciano
1384 1813 1470 1838 acce-

149 1855 264 1895 pimus.
290 1854 436 1884 serebant
452 1854 593 1894 plerique
613 1854 719 1884 ettam
734 1854 815 1892 paci
836 1851 1032 1884 consultum
1052 1850 1230 1890 dirempta
1246 1851 1469 1884 oemulatione

148 1903 242 1932 inter
269 1900 369 1941 duos,
388 1909 536 1941 quorum
553 1900 642 1931 aller
665 1908 699 1930 se
713 1899 872 1938 fratrem
897 1898 1145 1938 Imperatori-9,
1166 1897 1259 1928 alter
1280 1900 1470 1931 consortem

147 1950 281 1988 imperii
310 1949 487 1987 σοφίαν-εί.
518 1947 573 1979 sed
602 1947 752 1978 Vitellius
778 1945 919 1977 consulis
946 1943 1142 1984 supplicium
1169 1944 1313 1983 poscenti
1350 1946 1470 1985 populo

148 1996 276 2034 restitit,
295 1995 439 2034 placatus
453 2003 492 2026 ac
505 1994 594 2026 velut
606 1994 710 2025 vicem
722 1993 872 2029 reddens,
883 1992 969 2033 quod
983 1991 1258 2032 interrogantibus
1274 1993 1351 2033 quis
1366 1993 1468 2033 Capi-

180 2099 293 2122 LKXHI.
315 2104 336 2122 1.
349 2098 408 2121 Vid.
423 2098 459 2121 ad
477 2100 553 2122 Αηη.
566 2098 612 2126 111,
630 2103 666 2125 ae,
682 2100 738 2122 not.
755 2103 775 2122 ι.
795 2098 864 2121 Sunt
879 2095 1043 2121 Sallustiana
1055 2094 1139 2119 verba
1152 2102 1160 2119 ς
1173 2094 1220 2119 ,ςέο
1235 2094 1395 2124 verozquan'
1405 2094 1468 2124 sor-

149 2134 257 2158 midine
271 2133 413 2157 attonitus
430 2139 519 2163 neque
529 2134 626 2157 animo
637 2139 726 2163 neque
739 2133 861 2157 aur-ibus
876 2137 964 2161 neque
979 2131 1081 2160 linqua
1093 2131 1312 2160 competere.—2.
1335 2130 1467 2155 Mensium

151 2169 307 2191 novembris
330 2171 356 2192 et
370 2169 536 2197 decembris;
550 2168 653 2198 collega
674 2169 739 2198 ejus,
758 2167 879 2191 Caeeilius
891 2166 1018 2196 Simplex,
1033 2164 1140 2189 Vitellio
1156 2164 1276 2193 favebat,
1302 2169 1328 2189 c.
1352 2169 1391 2190 68.
1403 2177 1431 2182 -·
1444 2170 1467 2190 5.

150 2204 305 2233 Sparserat;
319 2209 372 2227 non
384 2205 454 2227 enim
469 2204 556 2233 palam
569 2205 596 2227 et
608 2203 716 2232 publice
729 2202 932 2232 proposuit—4.
945 2202 1069 2225 Tessera.

180 2239 293 2262 LXXIV.
318 2244 337 2262 ι.
351 2239 579 2263 sacrificulorum.
596 2239 673 2263 Isiaci
690 2240 783 2262 autem
795 2237 996 2266 intelliguntur,
1011 2235 1057 2265 qui
1071 2234 1127 2258 lino
1145 2233 1341 2259 vestiebantur.
1358 2234 1468 2264 Singula

149 2276 243 2297 narrat
256 2275 365 2298 sueton.
386 2275 488 2298 Do'mz't.
504 2280 527 2297 c.
551 2278 624 2298 ¹.——2.
647 2274 740 2298 Oratio
758 2273 889 2297 audacter
900 2272 933 2296 ad
949 2275 1063 2301 graecam
1080 2275 1203 2294 normam
1221 2269 1404 2298 conformata.
1418 2274 1468 2300 pro

151 2314 290 2338 expressos
304 2309 457 2339 habentem,
476 2305 528 2341 τὰς
546 2306 640 2346 τύχας
654 2305 747 2335 αὐτοῦ
763 2302 1042 2344 ἐγκεχαραγμένην,
1057 2307 1087 2330 ut
1100 2312 1115 2329 a
1132 2305 1237 2329 valerio
1251 2305 1347 2330 Flacco
1362 2306 1432 2335 Ara.
1447 2305 1467 2335 1,

151 2348 202 2368 ⁴9¹:
220 2344 361 2374 casusque
378 2347 440 2368 tuos
451 2351 593 2374 eac-pressa,
610 2345 739 2374 Phalera,
753 2350 837 2368 arma
849 2344 985 2374 aeris—³.
1000 2342 1066 2366 cum
1081 2346 1208 2365 successu
1221 2341 1335 2369 navata,
1349 2339 1382 2364 ³⁶
1393 2340 1467 2369 01)ῑέ-

149 2379 206 2402 tum
225 2378 303 2401 finem
317 2379 513 2407 perductam-⁴.
528 2380 585 2403 Vid.
600 2381 634 2404 ad
648 2381 723 2404 Ann.
737 2380 786 2407 ill,
802 2384 837 2408 u,
851 2379 908 2402 not.
922 2383 944 2401 s.

181 2414 281 2438 Lxxv.
299 2420 319 2437 1.
337 2415 578 2443 Πορνοῐιεηᾱίῐ.-2.
597 2415 626 2439 Id
640 2417 681 2440 est
695 2422 701 2439 ε
717 2415 846 2443 constitit,
861 2415 887 2437 ni
905 2412 992 2437 tallor.
