1539 2668
132 201 194 232 392
488 204 623 233 TACITI
645 204 921 233 HISTORIARUM
944 206 1015 233 LIB.
1042 204 1093 233 lV.

131 274 230 305 arctae
244 274 418 314 Leptitanis
433 283 494 313 reS,
508 275 637 316 lateque
651 276 782 307 vastatis
796 277 878 315 agris
893 277 977 308 intra
991 277 1107 308 moenia
1120 277 1332 317 trepidabant,
1345 277 1446 310 donee

131 320 315 352 interventu
331 321 511 352 cohortium
527 323 715 363 alarumque
730 323 789 354 fusi
804 325 1010 355 Garamantes
1022 327 1053 355 et
1068 326 1192 363 recepta
1207 324 1312 355 omnis
1326 324 1445 365 praeda,

130 367 194 399 nisi
211 376 309 407 quam
327 369 397 407 vagi
416 377 471 408 per
487 369 648 400 inaccessa
666 369 839 409 mapalium
858 371 1069 402 ulterioribus
1086 370 1307 402 vendiderant.

172 418 222 446 LI.
247 416 286 446 At
311 416 509 455 Vespasiano
530 419 603 455 post
628 420 873 448 Cremonensem
899 426 1041 457 pugnam
1062 420 1094 448 et
1112 426 1283 457 prosperos
1305 416 1446 456 undique

127 462 277 500 nuntios,
299 462 457 493 eccidisse
478 463 652 494 Vitellium
675 463 770 494 multi
794 464 951 503 cujusque
973 464 1115 503 ordinis,
1135 465 1200 504 pari
1223 464 1359 494 audacia
1383 463 1444 493 for-

127 510 272 547 tunaque
287 508 457 539 hibernum
471 517 560 540 mare
570 510 722 549 aggressi,
737 512 935 542 nuntiavere.
952 511 1085 541 aderant
1100 511 1192 550 legati
1207 511 1288 550 regis
1301 508 1445 548 Vologesi

126 554 366 595 quadraqz'nta
387 555 602 587 Parthorum
621 558 775 597 equitum
804 558 922 589 millia
946 558 1130 588 offerentes.
1157 558 1362 596 magnificum
1388 556 1444 586 lae·

125 604 260 641 tumque
277 602 375 632 tantis
385 603 548 634 sociorum
559 603 689 634 auxiliis
706 603 820 635 ambiri
837 605 861 642 ¹,
879 612 980 643 neque
997 603 1150 642 indigere.
1164 604 1274 643 gratiae
1287 603 1444 642 vologeso

124 650 223 687 actae,
250 649 504 689 mandatumque
526 652 567 681 ul
591 650 717 690 leqatos
741 650 788 681 acl
809 649 988 681 senatum²
1011 651 1165 681 mitteret
1190 652 1222 681 et
1237 658 1358 691 pacem
1373 656 1443 680 esse

123 696 237 726 sciret.
259 695 473 734 Vespasianus
490 696 522 726 in
537 697 661 727 Italiam
685 705 800 737 resque
816 697 912 728 Urbis
931 698 1074 727 intentus
1092 696 1258 727 adversam
1278 696 1317 727 de
1337 696 1446 727 Domi-

123 741 213 772 tiano
230 741 348 772 famam
366 742 505 782 accipit,
529 745 710 784 tamquam
727 745 890 774 terminos
907 744 1020 775 oetata‘s
1036 745 1069 774 ec
1084 751 1238 774 concessa
1250 742 1330 783 filio
1348 750 1442 782 cyre·

122 788 275 820 deretur.
296 788 393 828 igitur
411 789 645 821 validissimam
661 790 822 821 exercitus
839 792 965 831 partem
987 789 1061 820 Tito
1078 790 1174 821 tradit
1187 789 1227 820 ad
1248 789 1371 829 reliqua
1389 792 1442 820 Ju-

122 833 205 866 daici
225 835 298 866 belli
316 836 542 875 perpetranda.

163 885 228 914 LII.
247 883 367 922 Titum,
382 885 554 923 antequam
570 883 801 923 digrederetur,
820 883 923 914 multo
937 882 1022 923 apud
1037 884 1160 923 patrem
1175 891 1322 914 sermone
1334 889 1443 913 orasse

120 929 299 967 dicebatur,
322 942 336 955 σι
352 938 392 960 ne
407 930 650 961 criminantium
668 930 789 961 nuntiis
812 932 932 961 temere
954 930 1200 968 accenderetur,
1218 929 1443 968 integrumque

123 989 139 1004 ι
157 984 190 1007 se
205 984 241 1006 ac
254 975 445 1015 placabilem
460 976 527 1007 filio
542 978 719 1016 praestaret.
737 986 801 1007 non
819 977 958 1016 legiones
970 1000 978 1015 ,
995 986 1059 1007 non
1074 977 1190 1007 classes
1202 976 1336 1016 perinde
1350 976 1440 1006 lirina

122 1035 138 1051 ιι
156 1023 281 1062 imperii
308 1023 509 1053 munimenta
523 1033 620 1063 quam
637 1032 806 1054 numerum
828 1024 1014 1054 liberorum.
1037 1032 1110 1053 nam
1130 1023 1251 1053 auncos
1274 1025 1438 1061 tempore,

121 1081 139 1097 ι
157 1069 298 1108 fortuna,
316 1070 521 1108 cupidinibus
537 1070 710 1110 aliquando
727 1073 784 1100 aut
800 1070 962 1100 erroribus
985 1070 1136 1099 imminui
1151 1093 1160 1108 ,
1185 1069 1370 1107 transferri,
1388 1067 1439 1097 de-

122 1126 139 1142 ι
155 1115 260 1146 sinere
274 1125 281 1145 :
296 1123 389 1145 snum
407 1116 524 1155 cuique
541 1116 727 1155 sanguinem
742 1116 948 1147 indiscretum
963 1116 986 1153 ¹,
1003 1115 1059 1146 sed
1073 1115 1212 1146 maxime
1226 1114 1438 1154 Principibus,

119 1172 137 1188 ι
154 1170 292 1201 quorum
311 1162 472 1201 prosperis
491 1163 523 1193 et
544 1163 596 1192 alii
614 1163 781 1200 fruantur,
801 1163 936 1193 adversa
952 1162 991 1193 ad
1010 1162 1230 1202 Junctissimos
1247 1162 1437 1202 pertineant.

121 1218 137 1233 ε
156 1216 196 1239 ne
211 1208 364 1239 fratribus
379 1208 510 1248 quidem
527 1218 713 1240 mansuram
729 1210 954 1249 concordiam,
973 1210 1005 1240 ni
1027 1217 1140 1249 parens
1159 1209 1341 1249 exemplum
1360 1217 1439 1248 prze-

120 1268 136 1284 ι
157 1255 290 1288 buisset.
302 1268 317 1282 »
330 1256 542 1295 Vespasianus
557 1256 643 1286 haud
657 1265 749 1296 aeque
760 1257 942 1288 Domitiano
955 1256 1121 1295 mitigatus
1134 1265 1229 1296 quam
1243 1256 1306 1287 Titi
1321 1255 1441 1295 pietate

118 1302 262 1343 gaudens
281 1301 364 1332 bono
380 1310 449 1333 esse
473 1304 587 1334 animo
608 1302 701 1341 jubet
718 1303 871 1344 belloque
892 1305 925 1335 et
946 1305 1054 1334 armis
1073 1303 1322 1343 rempublicam
1337 1302 1440 1333 attol-

118 1351 189 1383 lere
202 1357 212 1378 :
223 1348 287 1380 sibi
294 1357 417 1388 pacem
432 1348 636 1389 domumque
649 1350 840 1389 curce-fore.
857 1353 924 1381 tum
939 1349 1122 1381 celerrimas
1133 1349 1264 1381 navium
1278 1350 1439 1381 frumento

115 1398 249 1428 onustas
272 1405 359 1427 saevo
384 1396 490 1427 adbuc
506 1397 586 1427 mari
605 1397 791 1429 committit.
812 1397 933 1437 quippe
956 1398 1047 1427 tanto
1068 1396 1252 1428 discrimine
1270 1396 1352 1428 Urbs
1375 1405 1436 1427 nu-

115 1443 223 1483 tabat,
241 1445 276 1473 ut
292 1443 403 1474 decem
419 1443 501 1474 haud
521 1443 659 1484 amplius
674 1444 799 1475 dierum
812 1445 1011 1475 frumentum
1028 1443 1061 1475 in
1074 1444 1196 1475 horreis
1209 1444 1321 1483 fuerit,
1335 1452 1436 1483 quum

116 1497 135 1521 a
151 1490 346 1529 Vespasiano
364 1493 566 1521 commeatus
584 1491 762 1522 subvenere
776 1491 799 1523 ².

157 1541 239 1569 LIII.
265 1541 381 1568 Curam
408 1537 598 1568 restituendi
626 1538 774 1577 Capitolii
803 1539 835 1569 in
861 1542 893 1569 L.
918 1538 1084 1569 Vestinum
1110 1538 1252 1575 confert,
1279 1538 1439 1577 equestris

114 1585 237 1618 ordinis
254 1585 384 1623 virum,
402 1585 458 1615 sed
476 1585 668 1616 anctoritate
691 1586 839 1625 famaque
861 1587 945 1616 inter
968 1593 1123 1624 proceres.
1151 1584 1190 1614 ab
1216 1594 1253 1615 eo
1280 1584 1435 1615 contracti

113 1632 298 1671 haruspices
314 1640 486 1670 monuere,
502 1634 542 1662 ul
558 1632 715 1671 reliquere
727 1633 855 1670 prioris
871 1631 1006 1662 delubri
1021 1632 1056 1660 in
1070 1631 1217 1669 paludes
1230 1633 1238 1647 ¹
1257 1631 1439 1661 avelleren-

115 1679 189 1715 tur,
212 1678 379 1717 templum
396 1678 513 1708 iisdem
533 1679 684 1717 vesliyiis
706 1679 888 1708 sisteretur
906 1687 916 1708 :
936 1677 1027 1709 nolle
1044 1677 1121 1708 deos
1137 1679 1270 1708 mutari
1288 1679 1437 1708 veterem

105 1723 277 1764 sormam.
303 1723 473 1755 undecimo
497 1723 649 1754 kalendas
672 1723 794 1755 Julias²
815 1732 928 1755 serena
954 1724 1026 1754 luce
1046 1723 1185 1763 spatium
1210 1732 1304 1754 omne
1319 1748 1328 1763 ,
1350 1723 1438 1764 quod

113 1771 234 1811 templo
248 1770 429 1810 dicabatur,
445 1771 610 1802 evinctum
624 1771 715 1801 vittis
729 1770 931 1810 coronisque.
943 1770 1081 1809 ingressi
1097 1770 1230 1808 milites,
1244 1772 1316 1810 quis
1331 1772 1437 1803 fausta

113 1817 245 1849 nomina
258 1817 284 1857 ³,
306 1817 453 1848 felicibus
470 1818 567 1848 ramis
581 1817 607 1856 ⁴,
625 1817 698 1848 dein
718 1817 855 1857 virgines
870 1817 1033 1856 Vestales,
1049 1826 1122 1848 cum
1140 1817 1245 1856 pueris
1259 1817 1437 1858 puellisque

111 1864 261 1905 patrimis
283 1864 546 1903 matrimisque&
565 1873 648 1904 aqua
670 1864 754 1895 vivis
779 1873 796 1896 e
821 1864 965 1895 fontibus
990 1864 1206 1903 amnibusque
1230 1864 1343 1895 hausta
1367 1874 1437 1905 per-

112 1913 211 1944 luere.
226 1913 296 1942 tum
312 1911 478 1941 Helvidius
495 1911 621 1942 Priscus
637 1913 767 1951 praetor,
786 1911 969 1951 praeeunteG
989 1911 1113 1942 Plautio
1126 1911 1251 1941 AEliano
1267 1912 1436 1951 pontifice,

111 1959 247 1992 lustrata
268 1957 539 1988 suovetaurilibus
558 1967 632 1989 area
657 1961 690 1990 et
712 1967 808 1998 super
830 1957 982 1997 cespitem
1000 1957 1134 1988 redditis
1157 1957 1240 1989 extis
1254 1957 1280 1997 ⁷,
1294 1960 1434 1996 Jovem,

110 2007 301 2045 Iunonem,
316 2007 511 2036 Minervam
523 2005 757 2046 pra’sidesque
770 2006 904 2045 imperii
919 2004 997 2035 cleos
1011 2007 1160 2044 precatus
1171 2006 1225 2035 uti
1241 2007 1350 2045 coepla
1358 2014 1436 2045 pro-

140 2088 182 2113 Ll.
201 2094 219 2112 ι.
236 2088 344 2117 Ambio,
358 2094 455 2117 precor
465 2090 495 2112 ut
509 2088 583 2117 velis,
594 2089 716 2118 acclplas.
730 2102 756 2105 —
766 2089 789 2112 2.
803 2090 949 2117 Tamquam
963 2093 1117 2116 supremum
1132 2088 1252 2116 regimen
1262 2087 1375 2116 imperii.

109 2125 128 2152 tt
141 2124 193 2148 Lll.
211 2129 230 2146 ι.
245 2123 495 2151 lnscparabilern.-
510 2129 533 2147 2.
550 2124 577 2147 ln
590 2124 738 2147 subsidium
756 2123 899 2147 advenere.

141 2159 207 2183 LllI.
225 2164 244 2182 ι,
258 2160 475 2182 Ostienses—2.
493 2160 541 2182 Die
559 2164 583 2182 21
600 2160 761 2183 ‚lunia-5.
781 2159 847 2182 Usus
862 2158 915 2181 late
932 2158 1035 2187 patens
1051 2157 1145 2180 Clcero
1160 2156 1194 2180 de
1213 2156 1308 2180 Dicin.
1326 2157 1351 2185 l,
1371 2161 1434 2181 ¹0⁴³:

110 2202 127 2215 α
138 2195 224 2223 Quum
244 2195 392 2223 imperator
406 2194 569 2222 exereitum,
585 2201 681 2218 censor
694 2194 823 2223 populum
836 2193 980 2220 lustraret,
995 2192 1074 2215 bouis
1093 2191 1253 2215 nominibus
1269 2193 1315 2220 qul
1334 2192 1436 2216 nostias

112 2229 262 2257 ducerent,
281 2229 451 2258 eligebantur
466 2235 471 2251 :
489 2229 560 2258 quod
575 2230 645 2252 idem
664 2230 690 2252 in
707 2229 815 2253 delectu
829 2228 952 2252 consules
963 2227 1123 2253 observant,
1141 2228 1171 2249 ut.
1184 2227 1283 2255 primus
1298 2226 1372 2249 inilcs
1388 2227 1435 2252 fiat

111 2262 185 2287 hono
205 2264 321 2287 nominc.
336 2273 349 2284 n
370 2265 463 2288 Festus
481 2270 487 2287 :
511 2274 523 2283 ιι
543 2265 628 2288 Lacus
652 2265 795 2289 Lucrinus
819 2264 845 2288 in
868 2262 1046 2292 vectigalibus
1066 2261 1180 2290 publicis
1205 2261 1306 2290 primus
1329 2261 1436 2287 locatur

111 2298 242 2322 fruendus
260 2300 355 2323 ominis
368 2299 432 2323 boni
446 2300 533 2328 gratia
547 2306 554 2322 ε
574 2301 602 2322 ut
624 2300 649 2322 in
663 2299 771 2322 delectu
785 2304 902 2322 censuve
916 2298 995 2328 primi
1012 2298 1186 2320 nominantur
1204 2297 1356 2324 Valerius,
1371 2297 1432 2320 Sal-

110 2334 184 2361 vius,
197 2334 426 2357 .5tacori·1‹s.‚‚-⁴.
437 2336 454 2358 Α
468 2334 591 2358 felicibus
605 2334 747 2358 arboribus
762 2333 905 2363 decerptis.
919 2333 986 2356 sunt
999 2331 1325 2361 autemseucesarbores,
1340 2337 1434 2355 sccun-

111 2368 176 2392 dum
193 2367 275 2391 libros
288 2369 462 2397 pontificales.
478 2375 608 2398 quen-115,
629 2369 755 2397 aesculus,
770 2369 830 2396 ilex,
847 2369 931 2398 fagus,
949 2369 976 2391 et
989 2367 1046 2390 alia:
1060 2373 1126 2396 quas
1141 2368 1263 2390 recenset
1279 2365 1433 2389 Macrobius

111 2403 229 2427 Saturn-
246 2403 280 2430 ll,
298 2408 331 2426 ic.
341 2415 368 2419 —
378 2409 399 2426 5.
415 2405 533 2432 Quorum
551 2406 642 2433 patres
656 2406 807 2433 matresque
821 2403 910 2427 adhuc
924 2402 1095 2426 vivebant.—
1105 2407 1127 2424 c.
1141 2403 1184 2426 sc·
1204 2401 1283 2425 verba
1297 2408 1303 2428 ;
1319 2400 1391 2430 quod
1406 2401 1434 2423 in

111 2438 314 2467 precationibus
329 2444 398 2467 saepe
412 2438 495 2462 tiebat
510 2439 543 2462 de
556 2441 658 2468 scripto
677 2451 704 2456 —-
715 2444 728 2462 7
758 2449 771 2460 a
782 2439 872 2462 Reddi
886 2437 1047 2461 dicebantur
1069 2439 1149 2466 etta,
1172 2442 1252 2465 quum
1270 2435 1383 2464 probata
1404 2435 1432 2458 ct
