1539 2668
110 143 164 174 118
509 139 642 169 TACITI
663 138 872 169 ANNALIUM
893 137 969 169 LIB.
991 138 1046 168 IV.

107 215 262 256 disposito
292 214 394 245 milite
419 211 665 254 prohiberentur
676 236 685 252 ‚
715 220 847 253 perosus
880 215 989 244 tamen
1016 210 1193 250 municipia
1220 209 1254 241 et
1282 211 1427 244 colonias

106 262 279 302 omniaque
293 261 328 293 in
341 260 520 293 continenti
535 260 608 299 sita,
623 263 761 300 Capreas
775 269 810 292 se
823 260 855 291 in
872 259 1010 291 insulam
1027 257 1161 296 abdidit,
1177 257 1272 289 trium
1285 258 1423 292 millium

107 310 190 341 freto
216 309 257 340 ab
287 308 441 341 extremis
466 307 645 339 surrentini
671 307 881 348 promontorii
907 307 1096 346 diJunctam.
1125 304 1331 337 solitudinem
1355 307 1427 346 ejus

106 356 264 395 placuisse
280 356 420 387 maxime
433 355 642 393 crediderim,
661 355 814 395 quoniam
831 355 1067 395 importuosum
1084 352 1169 384 circa
1184 361 1270 384 mare
1281 377 1291 393 ,
1313 355 1346 385 et
1367 354 1426 386 vix

106 404 245 435 modicis
267 403 403 443 navigiis
430 411 531 443 pauca
549 401 717 433 subsidia:
740 411 844 442 neque
867 401 1026 442 appulerit
1053 400 1223 441 quisquam
1242 399 1304 432 nisi
1328 409 1427 440 gnaro

106 450 252 482 custode.
276 450 346 482 caeli
364 450 533 490 temperies
549 449 652 481 hieme
665 449 754 481 mitis
770 449 897 489 objectu
911 448 1048 488 montis,
1071 457 1136 488 quo
1152 456 1238 479 saeva
1256 449 1429 480 ventorum

106 499 277 536 arcentur3
300 500 394 529 aestas
419 497 453 528 in
480 497 657 528 Favonium
683 496 818 528 obversa
842 497 849 514 ¹
873 498 905 528 et
929 497 1040 536 aperto
1065 495 1186 526 circum
1204 494 1315 534 pelago
1340 503 1430 535 pera-

106 552 233 576 moena:
251 544 542 585 prospectabatque
563 544 816 584 pulcherrimum
831 544 939 575 sinum
951 567 960 583 ,
975 545 1150 582 antequam
1165 543 1324 573 Vesuvius
1337 550 1431 574 mons

106 591 274 623 ardescens
290 591 300 609 ²
326 592 441 623 faciem
458 591 520 623 loci
542 592 692 623 verteret.
709 595 834 623 Graecos
849 600 886 622 ea
910 590 1051 622 tenuisse
1069 594 1268 629 Capreasque
1283 589 1430 622 Telebois

104 635 264 670 habitatas
279 639 365 669 fama
383 639 493 670 tradit.
517 638 575 670 sed
590 639 661 670 tum
679 639 827 670 Tiberius
843 638 1013 669 duodecim
1031 636 1181 668 villarum
1196 636 1382 668 nominibus
1398 638 1432 670 et

104 684 243 716 molibus
266 686 428 717 insederat
445 685 470 725 ³,
488 684 632 726 quanto⁴
654 686 797 717 intentus
811 686 887 716 olim
906 685 1049 725 publicas
1074 683 1115 714 ad
1135 692 1227 714 curas
1241 707 1249 722 ,
1275 685 1366 715 tanto
1379 692 1432 715 oc·

105 731 224 762 cultior
238 732 272 763 in
290 733 388 764 luxus
406 734 438 764 et
460 733 582 764 malum
599 732 701 764 otium
721 733 892 764 resolutus.
913 732 1063 763 manebat
1077 731 1197 771 quippe
1210 730 1430 771 suspicionum

104 778 137 808 et
153 779 305 811 credendi
323 780 484 811 temeritas
495 804 504 819 ,
528 789 626 820 quam
644 781 776 820 Seianus
790 788 905 819 augere
920 779 1016 809 etiam
1034 779 1066 809 in
1081 778 1165 809 Urbe
1178 779 1290 808 suetus
1302 801 1312 817 ‚
1326 778 1435 810 acrius

104 824 276 866 turbabat,
301 836 365 858 non
385 827 451 866 Jann
479 827 613 858 occultis
631 827 803 858 adversum
825 826 1032 866 Agrippinam
1057 828 1089 856 et
1113 829 1270 856 Neronem
1291 824 1428 856 insidiis,

103 873 176 911 quis
193 873 323 905 additus
346 875 439 906 miles
455 874 587 905 nuntios
599 898 609 914 ,
627 873 779 906 introitus
792 899 801 914 ,
818 875 945 914 aperta,
969 874 1109 912 secreta,
1132 872 1223 903 velut
1244 872 1276 902 in
1299 871 1432 903 annales

105 920 282 960 referebat,
302 921 451 961 ultroque
474 921 682 953 struebantur
698 921 708 938 ⁵
737 922 793 961 qui
819 922 988 953 monerent
1008 920 1172 960 perfugere
1189 919 1230 950 ad
1255 919 1431 951 Germaniae

106 967 284 1007 exercitus,
301 969 351 1000 vel
366 969 575 1000 celeberrimo
593 969 654 1000 t'ori
671 969 682 986 ὃ
699 969 838 1009 effigiem
851 968 917 999 divi
933 967 1065 1007 Augusti
1078 967 1247 1007 amplecti,
1261 965 1430 1005 populum-

105 1021 167 1052 que
181 1023 218 1045 ac
232 1017 379 1047 senatum
396 1016 518 1047 auxilio
534 1025 662 1048 vocare.
679 1025 781 1056 eaque
799 1019 907 1057 spreta
928 1015 969 1046 ab
986 1016 1049 1047 illis
1060 1039 1069 1055 ,
1087 1015 1175 1046 velut
1191 1015 1358 1054 pararent,
1375 1012 1432 1044 ob-

101 1060 306 1101 jiciebantur.

142 1111 278 1140 LXVIII.
297 1110 392 1141 iunio
413 1110 519 1142 Silano
536 1113 567 1141 et
581 1111 666 1142 Silio
681 1115 785 1142 Nerva
802 1114 891 1141 Coss.
910 1109 918 1127 ¹
941 1109 1062 1140 foedum
1079 1108 1155 1139 anni
1171 1106 1366 1148 principium
1386 1107 1430 1137 in—

101 1155 198 1186 cessit
219 1156 323 1187 tracto
342 1157 375 1187 in
392 1166 553 1189 carcerem
571 1157 581 1174 2
601 1158 719 1188 illustri
738 1157 846 1197 equite
867 1161 1013 1188 Romano
1030 1155 1115 1186 Titio
1130 1154 1247 1186 Sabino
1267 1154 1309 1185 ob
1323 1153 1430 1185 amici-

102 1201 177 1232 tiam
192 1204 371 1235 Germanici
387 1214 393 1234 :
411 1214 516 1244 neque
528 1205 614 1235 enim
628 1205 782 1235 omiserat
793 1204 961 1243 conjugem
979 1203 1160 1242 liberosque
1174 1202 1242 1240 ejus
1255 1202 1430 1242 percolere,

101 1250 241 1281 sectator
256 1250 363 1291 domi,
387 1260 496 1283 comes
522 1252 553 1282 in
573 1252 723 1292 publico,
753 1253 827 1291 post
847 1253 898 1283 tot
922 1251 1056 1282 clientes
1080 1258 1186 1289 unus,
1214 1257 1317 1289 eoque
1341 1248 1427 1288 apud

101 1294 202 1328 bonos
225 1297 376 1346 laudatus
393 1301 426 1330 et
444 1299 554 1339 gravis
574 1299 703 1339 iniquis.
725 1299 811 1330 hunc
836 1298 979 1330 Latinius
1005 1297 1157 1337 Latiaris,
1182 1296 1313 1327 Porcius
1331 1298 1428 1337 Cato,

101 1344 239 1375 Petitius
256 1346 441 1385 Rusus‚,M.
460 1346 581 1386 Opsius
595 1348 736 1386 praetura
758 1346 860 1376 suncti
878 1345 1121 1385 aggrediuntur,
1143 1343 1293 1383 cupidine
1315 1352 1431 1374 eonsu-

101 1388 203 1430 iatus,
220 1391 260 1422 ad
275 1401 373 1432 quem
388 1402 451 1423 non
469 1393 531 1424 nisi
549 1401 604 1432 per
620 1392 770 1431 Seianum
786 1393 911 1431 aditus;
931 1400 1036 1431 neque
1049 1391 1152 1431 sejani
1171 1390 1322 1421 voluntas
1338 1390 1349 1407 ³
1366 1389 1428 1421 nisi

100 1437 219 1469 scelere
235 1440 454 1479 quaerebatur.
473 1439 697 1479 compositum
712 1439 797 1470 inter
815 1440 901 1479 ipsos
919 1440 955 1470 ut
974 1438 1127 1477 Latiaris,
1147 1438 1204 1477 qui
1222 1437 1349 1468 modico
1368 1445 1428 1468 usu

101 1484 254 1516 Sabinum
273 1487 498 1526 contingebat,
521 1489 661 1518 strueret
678 1487 790 1517 dolum
803 1511 810 1524 ,
834 1485 932 1517 ceteri
949 1488 1046 1516 testes
1063 1485 1212 1515 adessent
1223 1507 1232 1524 ‚
1250 1484 1365 1516 deinde
1378 1492 1428 1515 ac—

99 1533 297 1564 cusationem
312 1533 503 1573 inciperent.
531 1534 632 1573 Igitur
654 1534 788 1565 Latiaris
798 1533 904 1572 jacere
918 1532 1066 1563 fortuitos
1081 1531 1220 1571 primum
1244 1539 1428 1573 se1·mones;

98 1587 177 1610 mox
192 1580 320 1612 laudare
339 1581 554 1611 constantiam
565 1605 573 1619 ‚
591 1580 683 1621 quod
696 1589 783 1619 non,
801 1582 842 1611 ‘ut
854 1582 957 1610 celeri
969 1603 977 1618 ,
993 1578 1147 1615 florentis
1160 1578 1280 1609 domus
1295 1579 1429 1609 amicus

99 1626 273 1666 afflictam
293 1627 521 1660 deseruisset:
541 1628 638 1659 simul
666 1628 788 1658 honora
814 1627 855 1659 de
878 1626 1085 1664 Germanico,
1109 1625 1317 1665 Agrippinam
1337 1624 1429 1655 mise-

99 1681 195 1713 rans,
219 1674 407 1706 disserebat..
431 1678 464 1706 et
491 1677 664 1714 postquam
693 1675 850 1714 Sabinus,
878 1676 914 1705 ut
943 1675 1019 1705 sunt
1044 1672 1157 1703 molles
1184 1671 1218 1702 in
1244 1671 1428 1704 calamitate

98 1721 284 1752 mortalium
305 1723 426 1761 animi,
442 1722 560 1753 effudit
576 1721 741 1761 lacrimas,
761 1721 870 1761 junxit
883 1722 1016 1761 questus
1027 1744 1035 1758 ‚
1051 1719 1221 1750 audentius
1235 1719 1302 1758 jam
1315 1722 1428 1753 onerat

99 1768 268 1807 sejanum,
285 1770 463 1809 saevitiam,
484 1768 667 1809 superbiam
679 1792 688 1808 ,
714 1777 786 1808 spes
802 1768 883 1807 ejus.
902 1777 942 1799 ne
964 1767 997 1798 in
1016 1766 1180 1797 Tiberium
1197 1766 1328 1805 quidem
1353 1774 1427 1797 con·

99 1814 183 1846 vicio
203 1815 355 1847 abstinet.
381 1816 466 1856 iique
495 1825 681 1855 sermones,
708 1818 864 1855 tanquam
889 1815 989 1846 vetita
1015 1813 1221 1844 miscuissent
1236 1812 1262 1853 ⁴,
1286 1812 1426 1852 speciem

99 1863 177 1893 artae
192 1862 344 1894 amicitiae
365 1863 481 1895 facere.
500 1872 538 1894 ac
556 1864 622 1903 Jam
640 1863 724 1894 ultro
744 1862 880 1893 Sabinus
899 1870 1043 1902 quaerere
1067 1859 1241 1900 Latiarem,
1265 1859 1427 1891 ventitare

98 1907 232 1940 domum
242 1935 250 1950 ‚
268 1910 395 1942 dolores
409 1919 486 1942 suos
499 1910 591 1950 quasi
608 1910 646 1941 ad
663 1910 855 1941 fidissimum
868 1909 1001 1940 deferre.

140 1960 244 1990 LXIX.
270 1958 461 1990 Consultant
480 1966 561 1998 quos
585 1958 782 1997 memoravi,
805 1965 947 1997 quonam
965 1955 1062 1987 modo
1085 1963 1123 1987 ea
1141 1953 1285 1995 plurium
1310 1953 1424 1985 auditu

128 2057 227 2081 LXVII.
242 2062 261 2081 ι.
272 2058 323 2081 Per
339 2058 459 2082 aestatem
477 2057 512 2082 ob
528 2057 610 2082 situm
623 2062 701 2081 suurn
721 2056 850 2087 Zephyris
868 2056 1005 2086 perflatur.
1020 2067 1045 2072 -—
1063 2059 1085 2078 2.
1103 2053 1214 2082 Eruptio
1233 2052 1297 2076 anni
1311 2052 1344 2077 U.
1362 2057 1421 2081 832,

98 2098 124 2122 p·
136 2092 198 2116 Chr.
214 2097 251 2120 79,
265 2093 314 2116 sub
329 2094 404 2122 Tito,
426 2099 478 2122 qua
501 2093 620 2122 Pompeii
640 2094 667 2116 et
686 2093 869 2117 Herculanum
888 2091 1016 2115 subversa
1039 2089 1107 2113 Vide
1127 2089 1254 2115 Plinium,
1268 2088 1349 2117 Epist.
1373 2088 1419 2118 vl,

100 2132 128 2151 ⁴³6
141 2129 168 2151 et
181 2132 216 2151 20.
228 2141 254 2144 —
267 2133 289 2151 ι’).
307 2128 470 2157 lrnpleverat
490 2128 601 2152 insulam
615 2129 710 2158 positis
728 2133 753 2151 ¹2
767 2128 850 2155 villis,
865 2126 1012 2150 secundum
1028 2131 1092 2154 quas
1109 2129 1201 2148 omnes
1216 2124 1342 2152 regiones
1362 2123 1422 2152 ejus

99 2162 319 2191 nominabantur,
332 2163 435 2191 deletis,
449 2165 479 2186 ut
493 2169 624 2192 apparere
639 2163 754 2192 videtur,
770 2162 922 2187 nominibus
936 2161 1081 2184 veteribus.
1096 2160 1181 2188 Quum
1193 2164 1244 2182 una
1256 2159 1326 2183 dicta
1339 2157 1421 2181 tuerit

97 2196 176 2221 Jom's
189 2198 268 2226 villa,
281 2198 423 2221 duodeclm
436 2204 597 2227 magnorum
609 2199 720 2222 deorum
735 2198 888 2222 nominibus
899 2196 1015 2226 pra‘ditae
1027 2195 1107 2218 tuisse
1121 2194 1274 2218 creduntur.
1290 2194 1416 2217 Ceterum

98 2230 181 2261 ipsius
197 2234 329 2262 possessio
344 2235 403 2257 erat
417 2233 460 2256 illa
477 2234 577 2261 insula.
593 2240 672 2263 quam
693 2235 826 2263 Augustus
839 2233 872 2256 ab
886 2231 1070 2260 Neapolitanis
1092 2230 1178 2259 pretio
1192 2230 1414 2258 comparaverat.

96 2279 125 2283 —
138 2272 163 2291 ⁴.
177 2269 218 2292 Sc.
234 2270 329 2298 magis,
349 2275 381 2292 ex
393 2270 518 2298 sequenti
535 2270 683 2292 occultior.
699 2282 724 2285 —
737 2267 1084 2293 a.Sub‹)rnaba11t11r.——e.
1098 2265 1143 2288 Vct
1160 2266 1184 2288 in
1202 2266 1280 2293 parte
1295 2263 1344 2288 [orl
1357 2269 1417 2287 ma-

96 2302 167 2326 xime
180 2303 354 2334 frequentata
366 2304 533 2333 hominibus;
548 2304 591 2328 vel
602 2310 634 2328 eo
646 2306 768 2334 tempore
778 2310 831 2334 quo
843 2304 930 2327 {orum
948 2303 1021 2326 esset
1032 2301 1316 2330 frequentatissimum.
1333 2298 1414 2323 Conr.

97 2338 129 2361 ad
144 2338 178 2362 lil
188 2357 193 2367 ,
205 2344 228 2363 9.

127 2374 242 2398 LXVIIl.
256 2380 277 2399 ι.
293 2375 323 2398 Α.
337 2375 368 2398 U.
381 2379 433 2403 781,
447 2379 472 2402 p.
487 2374 684 2400 Chr.28.—2.1n
700 2381 752 2406 quo
770 2375 883 2401 occisus.
902 2373 975 2398 Adde
982 2378 1063 2403 supra
1074 2377 1096 2396 c.
1112 2377 1200 2396 ¹8.—5.
1212 2369 1402 2397 Benevolentla

96 2416 125 2424 ·-
135 2413 156 2432 4.
169 2409 240 2434 Inter
256 2416 285 2435 se
299 2410 483 2440 agitavissent.
