1507 2636
368 300 1058 393 PRAEJFATIO.

108 697 381 749 Postulabatur
403 721 426 748 a
441 704 505 749 ‘me
522 709 649 749 Taciti
676 707 795 745 editio
817 708 968 746 modico
989 708 1185 747 volumine
1204 721 1381 759 compre-

52 770 272 819 hendenda,
292 781 413 818 parvo
435 768 627 819 parabilis
649 772 685 804 et
704 769 791 804 usui
811 769 1105 805 accommodata
1124 768 1380 817 scholastico,

51 828 125 867 hoc
150 834 207 867 est
230 828 350 879 (quod
382 831 554 877 latinum
575 826 811 864 vocabulum
835 830 987 875 proprie
1014 828 1136 876 sonat)
1173 829 1383 867 rhetorices

50 887 307 926 alumnorum.
333 888 549 937 Quiquum
571 887 610 922 in
631 885 802 934 aliisJam
815 888 956 923 versati
969 891 1095 924 essent
1112 888 1380 936 scriptoribus,

48 948 217 995 primum
236 947 355 985 latino
385 955 571 985 ser-mone
590 946 644 981 uti
664 955 774 993 posse
794 945 979 993 putabam
994 975 1004 994 ,
1031 948 1096 994 qui
1118 946 1190 983 hoc
1211 951 1382 995 tempore

50 1009 183 1046 exulat
211 1008 260 1046 ab
285 1007 528 1046 eramonihus
553 1006 762 1054 classic-22³5
788 1006 928 1044 delude
955 1009 1037 1044 sine
1066 1010 1383 1056 interpretatione

47 1068 240 1106 dimittere
281 1077 365 1115 quae
393 1066 548 1110 Cicero,
569 1066 795 1114 Sallustius,
816 1065 949 1103 Livius
974 1067 1107 1103 eodem
1137 1068 1382 1106 siinilliinove

47 1127 160 1164 modo
183 1125 368 1163 ssolebant
389 1126 539 1162 efferre.
574 1125 748 1173 Utraque
778 1127 841 1162 via
859 1125 1039 1163 brevitati
1065 1128 1266 1174 postulatae
1287 1139 1383 1165 con-

46 1185 231 1224 sulre'bam
249 1197 256 1218 :
278 1184 419 1231 quibus
439 1185 595 1220 tertiam
619 1183 752 1220 addidi
770 1211 779 1228 ‚
808 1187 851 1220 ut
870 1184 1024 1232 quidem
1045 1196 1112 1233 ea,
1143 1196 1227 1233 quae
1243 1188 1382 1234 saepius

85 1243 220 1281 icenda
249 1247 397 1290 essent,
439 1242 555 1279 semel
597 1242 700 1278 dicta
732 1253 854 1278 unum
886 1245 926 1278 in
956 1243 1081 1280 locum
1114 1256 1379 1294 con<···.e1elem

24 1299 327 1342 Grammaticae
356 1303 457 1338 enim
487 1305 524 1337 et
544 1302 749 1338 elocutioni
771 1300 935 1338 Tacitcae
952 1313 1037 1350 quae
1057 1306 1211 1351 pr·0p1ia
1233 1309 1323 1342 sunt
1342 1309 1382 1342 et

0 1358 22 1409 'j
57 1361 159 1410 apud
176 1363 300 1409 ipsum
321 1362 360 1396 in
387 1359 578 1407 frequenti
603 1370 674 1396 usu
695 1361 841 1408 posita,
876 1363 913 1398 in
938 1363 1082 1398 rariore
1100 1363 1159 1399 xel
1186 1365 1382 1401 rarissimo

5 1430 11 1437 ·
56 1420 159 1469 apud
187 1419 306 1466 alios,
335 1430 379 1456 ea
407 1418 481 1456 feci
501 1423 543 1456 ut
564 1429 640 1455 uno
661 1418 733 1455 sub
758 1423 911 1467 aspectu
942 1420 1248 1459 collocarentur:
1271 1425 1382 1470 cujus

57 1480 166 1528 quasi
186 1478 336 1516 tabellae
356 1489 426 1526 ope
454 1478 584 1515 multis
603 1479 703 1514 notis
732 1478 970 1526 supersederi
1000 1484 1162 1527 poterat.
1187 1481 1282 1518 Eam
1304 1492 1378 1518 au-

56 1543 132 1575 tem
160 1543 197 1575 et
230 1538 359 1585 legant
383 1538 527 1573 sensim
549 1538 692 1574 tirones
727 1539 791 1585 qui
820 1538 974 1587 vulgari
999 1542 1254 1587 grammatica
1286 1543 1379 1580 satis

58 1599 221 1635 instituti
241 1599 322 1644 jam
350 1597 388 1632 in
415 1596 549 1633 Tacito
578 1601 838 1644 occupantur,
865 1601 902 1633 et
925 1599 1127 1645 inspiciant
1155 1600 1311 1647 quando
1340 1602 1380 1638 in

56 1657 339 1695 constructione
359 1655 587 1703 explicanda
609 1655 755 1692 haerent
775 1656 824 1692 ad
850 1656 1084 1701 ablativum,
1110 1661 1352 1709 participium
1366 1692 1376 1707 ,

55 1717 384 1764 praepositionem,
425 1718 491 1752 aut
526 1714 640 1751 aliam
683 1726 954 1763 quamcunque
992 1722 1138 1764 partem
1179 1721 1377 1758 orationis.

55 1773 201 1812 Deinde
229 1772 486 1822 geographica
515 1775 672 1810 nomina
699 1785 776 1811 non
810 1775 975 1821 explicui
1004 1777 1082 1812 suis
1108 1777 1199 1814 locis
1229 1778 1295 1815 ubi
1325 1781 1377 1817 le-

2 1823 16 1843 “’
54 1837 222 1885 guntur,
244 1833 365 1870 sedin
383 1832 509 1869 indice
537 1832 798 1880 alphabetico,
819 1844 896 1881 quo
924 1836 1060 1882 saepius
1088 1841 1302 1875 memorata
1318 1851 1377 1877 se-

0 1904 2 1910 ·
43 1891 133 1943 :mel
153 1895 411 1939 exponantur.

41 1954 49 1959 “
106 1949 195 1987 Hoc
221 1953 525 1996 temperamento
552 1960 645 1987 usus
672 1952 709 1988 in
729 1951 909 1988 Tacitum
938 1953 1076 2000 exiguo
1094 1954 1291 1992 volumine
1316 1967 1374 1994 ar-

56 2008 242 2047 ctandum
268 2008 457 2056 ejusmodi
484 2008 773 2046 adnotationem
799 2010 965 2046 scribere
985 2013 1152 2056 tentavi,
1187 2024 1272 2061 quae
1299 2026 1378 2053 non

57 2067 294 2105 scholasticis
313 2067 428 2103 modo
444 2069 655 2115 juvenibus
668 2070 871 2105 utilissima
891 2073 989 2105 esset
1003 2097 1013 2114 ,
1036 2070 1103 2107 scd
1126 2082 1242 2118 quam
1263 2084 1377 2111 nemo

55 2136 105 2164 ex
124 2130 180 2164 tot
193 2126 428 2164 amatoribus
447 2126 586 2174 Taciti,
605 2138 652 2164 ne
669 2128 858 2165 doctiores
877 2129 1049 2176 quidem,
1073 2141 1228 2177 prorsus
1246 2132 1377 2170 abesse

2 2211 3 2214 η
50 2184 200 2222 ⁴vellent
231 2185 279 2221 ab
312 2185 441 2222 libello
472 2186 748 2224 rusticantibus
783 2192 821 2225 et
851 2189 1186 2236 peregrinantibus
1219 2192 1377 2229 minime

0 2288 5 2303 Ι

0 2239 20 2276 ζ’
56 2251 229 2281 oneroso.
248 2244 269 2281 J
274 2255 418 2281 uvenes
437 2249 566 2282 autem
583 2245 631 2283 ad
646 2248 826 2283 Tacitum
844 2247 1050 2295 legendum
1066 2249 1222 2286 intentis
1237 2252 1376 2289 animis

2 2351 6 2354 ῃ
28 2332 30 2334 ,
58 2302 270 2339 accedunto
297 2307 334 2340 et
361 2308 462 2340 totos
490 2315 529 2341 se
552 2307 585 2341 ei
612 2305 796 2343 tradunto
822 2306 915 2343 dum
947 2308 1103 2354 legunt:
1125 2307 1230 2345 fluxa
1249 2314 1377 2346 mente

0 2400 58 2475 ⁵³2⁷

0 2476 28 2512 '⁸3⁸

58 2362 96 2396 et
114 2362 311 2398 remissius
336 2364 366 2398 si
386 2363 686 2411 aggrediantur,
714 2376 792 2402 non
817 2366 967 2413 intellio·
970 2371 1034 2403 ent
1056 2366 1116 2402 vel
1136 2367 1245 2416 larga
1265 2372 1375 2405 nota-

38 2427 149 2459 :rum
173 2419 284 2468 copia
314 2420 562 2460 illustratum.
601 2423 657 2462 Ab
687 2429 832 2463 attenta
861 2425 1111 2463 meditatione
1131 2454 1141 2473 ,
1177 2426 1227 2463 ab
1259 2427 1377 2463 animi

1218 2496 1237 2514 α
