1539 2668
510 143 545 171 A.
569 143 607 172 U.
631 144 665 172 C.
691 143 759 173 772.
796 143 834 173 A.
857 144 891 174 C.
917 144 966 174 19.
1351 147 1388 179 81

86 223 163 260 yere
178 216 212 247 in
231 216 366 256 Syriam
385 215 487 255 jubet.
513 217 740 247 concurrentes
756 216 933 248 desertores
949 224 1005 256 per
1017 217 1196 256 manipulos
1214 221 1390 261 componit,

85 266 189 296 armat
207 263 304 301 lixas,
333 262 537 302 traJectisque
552 263 584 293 in
600 263 817 294 continentem
843 263 998 302 navibus,
1026 263 1180 295 vexilium
1198 265 1335 298 tironum
1359 268 1392 299 iu

84 310 206 350 Syriam
232 309 375 340 euntium
392 308 575 348 intercipit,
598 309 713 348 regulis
735 309 891 350 Cilicum,
916 311 957 342 ut
983 317 1018 341 se
1039 310 1183 342 auxiliis
1200 312 1393 354 juvarent,

83 356 215 395 scribit,
242 354 327 386 haud
341 355 454 394 ignavo
470 355 510 386 ad
522 355 701 387 ministeria
717 355 789 387 helii
800 358 918 396 Juvene
933 356 1065 397 Pisone,
1078 366 1273 397 quamquam
1290 362 1395 391 susci-

84 403 237 444 piendum
253 401 371 432 bellum
391 400 569 432 abnuisset.

125 451 256 480 LXXIX.
281 448 382 487 Igitur
398 457 485 479 oram
508 447 614 488 Lyci-‘e
635 456 673 479 ac
688 448 884 489 Pamphyliae
896 449 1119 490 praelegentes,
1138 449 1242 482 obviis
1256 453 1395 485 navibus

84 504 158 535 quaa
174 494 378 534 Agrippinam
395 495 572 534 vehebant,
589 495 750 535 utrimque
767 495 882 527 infensi
895 505 982 527 arma
995 496 1098 536 primo
1111 497 1279 537 expediere
1298 509 1305 529 :
1321 499 1396 532 dein

82 542 195 572 mutua
223 541 393 572 formidine
422 550 486 572 non
515 542 598 573 ultra
621 542 765 582 jurgium
789 552 977 582 processum
994 545 1059 581 est,
1082 547 1267 584 Marsusque
1283 546 1398 579 Vibius

82 587 243 619 nuntiavit
264 587 389 628 Pisoni,
424 591 566 620 Romam
591 588 637 619 ad
652 588 832 620 dicendam
857 598 998 621 causam
1024 592 1164 622 veniret.
1194 590 1244 622 ille
1266 591 1399 625 eludens

81 634 265 674 respondit,
286 634 510 674 affuturum,
536 635 594 666 ubi
606 637 756 675 praetor,
782 636 898 677 quide
915 635 1080 677 veneficiis
1096 638 1267 677 quaereret
1287 637 1311 677 ¹,
1340 647 1398 671 reo

83 681 185 720 atque
206 682 462 713 accusatoribus
483 682 572 713 diem
592 682 824 722 praedixisset.
855 683 987 715 Interim
1011 683 1171 715 Domitius
1191 684 1397 726 Laodiceam,

81 729 194 761 urbem
211 731 309 771 Syriae
320 754 328 770 ,
346 731 498 771 appulsus
510 755 518 771 ,
536 740 636 771 quum
650 731 784 762 hiberna
797 734 897 764 sextae
910 732 1041 772 legionis
1060 733 1197 772 peteret,
1223 733 1309 773 quod
1327 743 1398 766 earn

81 778 220 809 maxime
237 778 330 809 novis
351 777 491 809 consiliis
513 778 660 809 idoneam
682 778 824 818 rebatur,
842 788 860 810 a
874 779 1011 810 Pacuvio
1025 779 1126 818 legato
1142 781 1349 819 praevenitur.
1364 780 1399 812 id

82 824 209 855 Sentius
227 824 333 856 Pisoni
353 834 409 864 per
422 825 544 856 litteras
561 825 682 865 aperit,
701 827 891 866 monetque,
919 834 960 857 ne
986 828 1104 857 castra
1120 828 1397 867 corruptoribuS‚

81 878 122 902 ne
133 873 349 911 provinciam
367 871 453 902 hello
469 874 575 903 tentet
589 883 600 903 .-
618 881 763 912 quosque
789 872 967 904 Germanici
993 881 1150 903 memores
1175 875 1230 904 aut
1260 873 1398 905 inimicis

79 916 147 956 eJus
160 918 311 950 adversos
330 921 542 958 cognoverat,
567 919 727 950 contrahit
741 943 749 957 ,
768 919 1042 959 maynitudinem
1066 921 1286 958 imperatoris
1312 921 1399 951 iden·

79 963 178 996 tidem
197 965 343 1004 ingerens
359 968 390 997 et
407 965 654 1006 rempublicam
678 968 786 998 armis
800 967 902 1006 pecu
921 966 1075 1006 ducitque
1101 966 1240 997 validam
1266 976 1398 998 manum

80 1010 113 1042 et
127 1012 238 1051 proelio
251 1013 406 1052 paratam.

120 1061 233 1089 LXXX.
258 1062 323 1090 Nec
345 1059 418 1090 Piso
431 1081 440 1096 ,
466 1067 661 1099 quamquam
677 1060 781 1099 coepta
796 1067 887 1090 secus
901 1058 1076 1098 cadebant,
1097 1059 1208 1091 omisit
1237 1060 1399 1091 tutissima

79 1113 97 1137 e
123 1105 336 1144 praesentibus
354 1105 378 1145 ¹,
404 1105 459 1137 sed
488 1105 654 1137 castellum
670 1104 795 1138 Ciliciae.
813 1105 977 1136 munitum
995 1106 1187 1146 admodum,
1214 1108 1265 1138 cui
1282 1115 1399 1138 nomen

80 1151 276 1189 Celenderis,
296 1154 440 1191 occupat.
470 1161 545 1183 nam
567 1151 719 1183 admixtis
745 1152 962 1183 desertoribus
992 1154 1024 1184 et
1045 1153 1148 1184 tirone
1176 1162 1279 1193 nuper
1305 1154 1400 1184 inter-

81 1199 172 1238 cepto
184 1222 193 1237 ,
212 1198 343 1237 suisque
360 1200 391 1229 et
408 1198 567 1229 Plancinae.
580 1198 722 1229 servitiis
736 1199 856 1229 auxilia
870 1198 1018 1238 Cilicum,
1030 1208 1102 1238 quae
1119 1200 1219 1239 reguli
1234 1200 1399 1239 miserant,

78 1245 112 1274 in
141 1253 311 1275 numerum
328 1244 459 1283 legionis
476 1246 709 1283 composuerat.
732 1245 957 1285 «Caesarisque
974 1254 1009 1276 sc
1024 1245 1188 1285 legatum»
1218 1247 1399 1279 testabatur

80 1303 96 1317 α
113 1291 295 1330 provincia,
317 1300 416 1330 quani
448 1291 475 1321 is
492 1291 652 1330 dedisset,
677 1291 777 1323 arceri
794 1300 858 1322 non
883 1300 902 1322 a
926 1291 1103 1330 legionibus
1133 1292 1256 1332 (earum
1281 1294 1399 1334 quippe

81 1349 97 1364 ιι
114 1337 219 1368 accitu
243 1337 365 1377 venire)
378 1361 387 1376 ,
412 1336 469 1367 sed
482 1345 500 1367 a
516 1336 623 1367 Sentio
640 1337 800 1376 privatum
817 1337 927 1367 odium
946 1337 1035 1368 salsis
1057 1338 1244 1370 criminibus
1260 1340 1397 1379 tegente.

79 1396 95 1410 α
113 1383 325 1415 consisterent
342 1383 374 1414 in
392 1383 474 1421 acie,
494 1392 559 1414 non
576 1384 766 1423 pugnaturis
787 1383 942 1415 militibus
958 1383 985 1423 ²,
1005 1384 1060 1415 ubi
1086 1385 1234 1416 Pisonem
1256 1386 1296 1417 ab
1318 1385 1397 1426 ipsis

80 1443 96 1458 a
114 1439 134 1470 p
147 1439 165 1461 a
180 1440 195 1461 r
207 1439 224 1462 e
238 1432 314 1462 nte
326 1439 357 1461 m
375 1431 538 1470 quondam
553 1430 749 1470 appellatum
763 1454 771 1470 ,
789 1430 815 1461 si
829 1431 901 1470 jure
926 1432 1085 1470 ageretur,
1111 1433 1268 1471 potiorem
1281 1456 1289 1471 ‚
1309 1433 1336 1463 si
1351 1441 1398 1463 ar-

78 1490 93 1502 «
110 1478 189 1517 mis,
205 1486 269 1508 non
284 1477 465 1508 invalidum
482 1477 649 1508 vidissent.
666 1490 681 1504 >a
709 1479 778 1508 tum
796 1485 854 1517 pro
868 1477 1077 1508 munimentis
1102 1478 1225 1509 castelli
1250 1479 1398 1518 manipu-

78 1523 124 1555 los
137 1524 274 1564 explicat
292 1525 371 1555 colle
386 1524 486 1555 arduo
505 1527 537 1555 et
553 1524 689 1563 derupto
705 1533 712 1554 :
731 1532 806 1554 nam
829 1525 937 1555 cetera
957 1524 1038 1554 mari
1054 1524 1237 1564 cinguntur.
1258 1527 1370 1556 contra
1383 1524 1395 1542 ³

76 1570 237 1610 veterani,
266 1570 432 1602 ordinibus
457 1579 494 1601 ac
517 1570 669 1601 subsidiis
694 1570 854 1602 instructi.
877 1571 952 1601 hinc
975 1570 1134 1610 militum,
1160 1571 1233 1603 inde
1253 1572 1396 1603 locorum

76 1618 231 1657 asperitas
247 1627 254 1648 ε
270 1617 325 1649 sed
349 1626 412 1648 non
433 1617 558 1648 animus
571 1640 580 1655 ,
603 1626 667 1647 non
687 1626 778 1657 spes,
799 1626 839 1649 ne
863 1618 927 1648 tela
949 1617 1078 1657 quidem
1101 1618 1161 1649 nisi
1177 1619 1328 1659 agrestia,
1355 1619 1397 1651 ad

76 1663 221 1695 subitum
242 1673 336 1695 usum
355 1666 532 1704 properata.
548 1665 585 1695 ut
601 1672 717 1695 venere
734 1664 766 1694 in
779 1673 911 1698 manus,
924 1673 990 1695 non
1004 1664 1086 1695 ultra
1100 1664 1284 1696 dubitatum
1299 1675 1396 1705 quam

76 1710 153 1741 dum
176 1715 328 1742 Romanae
345 1712 492 1742 cohortes
518 1711 551 1741 in
572 1720 702 1751 aequum
717 1711 726 1729 ⁴
753 1711 975 1743 eniterentur:
992 1713 1126 1743 vertunt
1150 1714 1238 1752 terga
1260 1712 1394 1754 Cilices,

76 1765 173 1797 seque
185 1758 317 1789 castello
331 1758 493 1790 claudunt.

116 1808 244 1836 LXXXI.
257 1805 389 1836 Interim
403 1804 474 1835 Piso
483 1804 613 1835 classem
628 1804 713 1835 haud
726 1805 837 1844 procul
851 1805 1068 1845 opperientem
1080 1813 1262 1846 appugnare
1278 1806 1395 1837 frustra

74 1850 229 1890 tentavit3
244 1859 469 1890 regressusque
491 1852 523 1881 et
539 1860 596 1890 pro
612 1851 713 1882 muris
736 1852 743 1868 ¹
774 1852 871 1883 modo
886 1855 987 1883 semet
1000 1852 1201 1890 afflictarum,
1219 1853 1315 1884 modo
1327 1854 1393 1884 sin-

74 1897 165 1937 gulos
192 1898 322 1929 nomine
349 1897 434 1928 ciens
446 1921 454 1937 ,
480 1897 621 1937 praemiis
646 1906 765 1928 vocans
777 1922 786 1937 ,
815 1898 1007 1930 seditionem
1036 1898 1218 1938 coeptabat3
1249 1899 1392 1939 adeoque

73 1946 310 1982 commoverat,
331 1945 366 1976 ut
383 1944 514 1984 signifer
530 1943 664 1983 legionis
686 1945 784 1975 sextae
806 1945 934 1984 signum
951 1945 991 1976 ad
1007 1953 1080 1976 cum
1096 1944 1306 1976 transtulerit.
1322 1946 1391 1976 tum

72 1991 198 2023 Sentius
213 1999 374 2022 occanere
389 2000 519 2022 cornua
531 1991 714 2032 tubasque,
730 1993 763 2022 et
772 1993 845 2031 peti
858 2000 1016 2031 aqqerem
1028 1990 1054 2030 2,
1069 1993 1156 2031 eriqi
1168 1991 1282 2022 scalas
1293 1992 1392 2030 jussit

73 2047 110 2069 ac
124 2039 421 2078 promptissimum
443 2046 607 2078 quemque
626 2037 823 2076 succedere,
843 2038 929 2069 alios
943 2040 1118 2069 tormentis
1131 2038 1250 2069 hastas
1265 2062 1273 2077 ,
1299 2045 1390 2069 saxa

71 2087 105 2117 et
121 2084 223 2124 faces
237 2086 399 2125 ingerere.
417 2085 546 2116 tandem
562 2085 647 2116 victa
660 2085 835 2125 pertinacia
849 2108 857 2125 ,
877 2085 950 2116 Piso
964 2084 1091 2125 oravit,
1108 2086 1160 2116 uti
1173 2084 1313 2116 traditis
1328 2093 1388 2116 ar-

99 2173 216 2198 LXXIX.
236 2179 257 2197 ι.
276 2174 373 2198 Amare
387 2174 488 2198 dictum
500 2181 508 2198 ·.
519 2180 581 2198 nam
602 2174 642 2198 baa
659 2179 746 2198 causae
759 2179 814 2198 non
827 2173 880 2203 jam
897 2179 911 2197 a
928 2173 1057 2203 praetore,
1071 2173 1119 2197 sed
1136 2173 1164 2196 in
1180 2173 1276 2197 senatu
1295 2177 1385 2196 coram

71 2209 194 2238 Principe
202 2209 403 2238 judicabantur.

101 2244 204 2268 Lxxx.
219 2248 238 2267 ι.
251 2245 287 2267 Ex
298 2244 331 2267 iis
344 2250 402 2274 quae
414 2246 470 2268 tum
482 2245 538 2268 fieri
552 2246 687 2274 poterant.
701 2257 729 2261 —
740 2249 761 2268 2.
777 2246 815 2268 Ac
830 2246 886 2268 tum
902 2249 955 2268 non
976 2249 1033 2267 esse
1048 2244 1213 2273 pugnaturos
1225 2242 1330 2266 milites
1344 2240 1385 2265 Ad

70 2279 209 2308 sequentia
224 2278 295 2302 conf.
310 2285 336 2303 c.
355 2285 390 2303 ὕες.
401 2292 427 2296 ——
440 2285 460 2303 3.
473 2281 514 2304 Sc.
528 2280 643 2303 stabant.
656 2293 683 2296 --
698 2284 718 2303 4.
734 2280 860 2309 AEquum
874 2285 934 2303 cum
948 2279 1092 2302 Pisonianis
1106 2279 1204 2302 locum.

101 2313 217 2338 LXXXI.
233 2319 252 2337 ι.
270 2315 340 2338 Ante
353 2320 453 2343 murOS,
464 2315 512 2338 sed
526 2315 597 2338 intra
609 2315 764 2342 castc11nm;
778 2316 841 2338 ante
855 2315 924 2338 muri
937 2314 1056 2342 loricam,
1072 2314 1102 2337 ut
1123 2318 1202 2343 super
1216 2317 1305 2336 muros
1319 2310 1382 2334 emi-

72 2350 159 2375 neret,
172 2350 317 2378 possetque
329 2350 450 2379 conspici
464 2351 550 2374 extra.
564 2362 593 2367 —
606 2354 627 2374 2.
642 2350 810 2379 comportari
823 2350 962 2375 materiem
973 2349 1006 2373 ad
1018 2349 1175 2379 explendam
1189 2348 1286 2374 rossam
1298 2346 1380 2370 muris

69 2383 271 2408 circumdatam.
