1539 2668
109 171 167 201 184
505 166 638 195 TACITI
661 166 871 194 ANNALtUM
895 165 967 193 ΠΒ.
993 164 1075 192 xm.

93 269 990 279 ——.—-—-—-——-..-—..——-0

95 278 1359 291 ——-.—————-————-———-—————.—-—-
1367 278 1408 282 --

353 387 549 437 LIBER
587 382 1188 435 TERTIUSDECIMUS.

655 519 871 533 ——Qm

618 631 910 660 ARGUMENTUM.

131 722 193 750 Cap.
207 724 227 743 t.
241 718 347 743 Silanus
360 716 506 748 proconsul
524 717 602 741 Asiae
619 721 726 740 veneno
742 716 856 739 necatus
870 714 1022 744 Agrippinae
1036 713 1140 737 fraude.
1154 713 1295 736 Narcissus
1307 712 1339 735 ad
1355 718 1424 734 nior-

101 761 157 783 tem
170 755 253 779 aetus.
267 767 294 770 -
309 758 333 777 2.
348 753 405 776 laus
418 753 495 777 Burri
509 754 537 776 et
553 753 670 776 Senecae.
689 764 719 769 —
729 757 751 775 5.
765 751 890 775 Claudius
908 750 1030 773 censorio
1050 749 1145 772 [unere
1166 748 1251 772 elatus
1268 748 1397 771 laudatur·
1411 753 1426 770 a

103 790 235 820 Principe.
248 802 275 806 —
289 793 314 812 4.
327 789 400 812 Bona
414 788 530 811 Neronis
550 788 635 811 initia.
650 787 734 810 multa
754 787 865 809 senatus
886 785 997 808 arbitrio
1013 785 1172 808 constituta.
1189 789 1253 807 —5.
1273 783 1428 812 ,agrippium

101 826 194 851 viriles
211 830 288 848 curae.
304 835 331 840 -
344 829 366 847 6·
379 823 470 848 Parthi
483 823 636 847 Armeniam
648 822 789 846 affectant.
802 821 835 844 de.
849 822 956 844 Nerone
972 820 1044 842 varia
1056 819 1157 848 judicia
1174 818 1256 847 vulgi.
1268 830 1296 834 —
1311 822 1333 840 7.
1343 818 1363 840 is
1379 823 1427 840 cu-

100 868 159 888 raui
171 860 233 884 belli
250 859 372 888 suscipit.
386 858 475 882 Parthi
492 858 622 881 amittunt
633 858 801 885 Armeniam,
812 869 841 873 -—
855 862 876 879 ε.
895 856 939 879 cui
956 854 1115 885 praepositus
1131 854 1257 878 Corbulo.
1274 865 1303 870 —
1314 858 1336 876 9.
1350 852 1427 876 volo—

102 902 181 927 geses
194 896 241 919 dat
253 894 368 918 obsides.
382 893 453 917 Nero
466 892 605 916 dissidium
620 893 719 915 ducum
734 892 882 921 componit.

134 935 169 956 ιο.
186 930 259 953 Nero
277 928 395 952 civiliter
412 928 468 957 agit
484 940 515 944 —
531 933 564 951 Η.
578 928 606 951 et
625 927 797 951 clementiam
815 927 943 949 ostentat.
959 938 985 942 —
997 931 1034 949 ¹2.
1046 926 1132 949 Acten
1145 924 1232 953 amat,
1248 934 1276 941 —
1291 929 1326 947 ιε.
1340 924 1428 948 matre

102 967 248 993 tremente,
265 971 325 988 mox
341 964 441 988 frustra
454 964 629 988 blandiente:
645 964 721 992 quus
735 963 799 986 hinc
809 962 895 986 fracta
911 962 1039 991 potentia.
1050 975 1077 978 —-
1088 967 1124 985 Μ.
1140 961 1224 985 Pallas
1238 960 1351 984 libertus
1362 965 1426 982 cura

100 1008 192 1028 rerum
205 1001 342 1024 demotus.
359 1000 506 1029 Agrippina
520 999 554 1022 ad
563 1000 649 1022 minas
659 999 720 1022 ruit.
735 1010 764 1015 ·-
780 1003 876 1021 tiz-¹⁷.
896 997 1079 1021 Britannicum
1091 996 1163 1019 Nero
1178 996 1307 1025 pra‘cipiti
1321 1000 1427 1018 veneno

99 1037 173 1062 toltit
186 1038 214 1060 et
231 1037 289 1064 ejus
302 1036 381 1059 funus
395 1034 513 1058 festinat.
528 1045 556 1050 -
572 1039 606 1057 ¹8.
625 1035 741 1057 matrem
754 1033 922 1062 indignatem
937 1032 1095 1055 custodibus
1115 1031 1213 1061 privat,
1228 1031 1337 1054 domum
1351 1036 1428 1059 sepa-

100 1074 152 1097 rat.
165 1084 192 1089 —
205 1076 297 1094 19-—22-
311 1069 450 1097 derelicta,
465 1075 557 1093 rerum
577 1074 710 1092 novarum
729 1068 851 1091 incusata
865 1074 893 1091 se
906 1068 1012 1096 purgat.
1030 1067 1204 1089 accusatores
1216 1067 1274 1094 ejus
1288 1066 1384 1095 puniti.
1398 1077 1426 1082 —-

101 1113 138 1132 Ξῖ..
153 1107 238 1131 Pallas
249 1107 277 1129 et
288 1106 387 1129 Burrus
398 1104 490 1128 delati.
502 1117 530 1120 »-
544 1109 580 1126 24.
600 1104 714 1126 theatris
730 1104 815 1132 major
827 1103 934 1131 species
952 1102 1087 1125 libertatis
1103 1102 1178 1124 data.
1193 1101 1261 1125 Urbs
1275 1100 1395 1124 lustrata.

129 1147 165 1165 25.
180 1141 293 1165 Neronis
310 1141 444 1163 nocturna
459 1139 576 1161 lascivia.
591 1139 735 1161 Montanus
746 1143 806 1160 cum
825 1137 949 1166 Principe
970 1142 1019 1165 per
1033 1136 1161 1160 tenebras
1183 1141 1344 1165 congressus
1358 1136 1428 1159 niori

101 1177 223 1201 adactuS.
242 1175 387 1198 histriones
404 1173 478 1197 ltalia
497 1173 574 1202 pulsi.
586 1185 617 1189 —
629 1177 658 1195 20
669 1174 696 1196 et
706 1177 743 1195 27.
758 1173 848 1196 actum
861 1172 893 1195 de
913 1171 1017 1195 libertis
1037 1171 1152 1200 ingratis
1165 1171 1191 1194 in
1212 1171 1371 1194 servitutem
1382 1176 1427 1194 re-

101 1211 239 1239 vocandiS,
251 1211 296 1234 sed
312 1216 366 1233 non
381 1211 608 1238 peractum.—-28.
627 1207 798 1231 tribunorum
813 1208 840 1231 ct
854 1206 969 1230 aedilium
985 1206 1102 1230 cohibita
1115 1207 1275 1235 potestas.—
1292 1211 1328 1229 29.
1341 1206 1428 1229 :erarii

101 1253 165 1272 cura
179 1247 253 1269 varie
267 1245 366 1268 habita.
380 1258 407 1261 —
419 1250 447 1268 50
462 1246 489 1268 et
500 1250 536 1267 5¹.
550 1244 693 1267 illustrium
712 1243 816 1272 aliquot
833 1243 1027 1266 damnationes.
1051 1243 1074 1265 L.
1086 1242 1211 1265 Volusius
1224 1242 1280 1265 fato
1292 1241 1426 1265 concedit·

100 1281 328 1311 amphitheatrum
342 1280 465 1303 Neronis.
480 1279 609 1308 praesides
622 1278 699 1302 ludos
713 1278 795 1301 edere
809 1277 948 1307 prohibiti.
962 1289 989 1294 -
1006 1282 1044 1300 52.
1060 1277 1121 1300 vitm
1135 1277 1306 1303 dominorum
1317 1275 1426 1300 consul—

100 1320 166 1342 tum.
177 1315 321 1345 Pomponia
333 1315 463 1342 Graecina,
477 1314 678 1343 superstitionis
692 1314 812 1337 externae
821 1318 877 1340 rea.
886 1313 978 1336 insons
991 1313 1140 1335 nuntiatur.
1151 1323 1179 1328 -
1191 1317 1229 1335 ss.
1244 1312 1284 1336 rei
1299 1312 1323 1335 Ρ.
1337 1311 1424 1339 Celer,

102 1352 277 1377 Cossutianus
290 1351 394 1379 Capito,
409 1350 504 1379 Eprius
519 1349 670 1373 Marcellus.

130 1392 169 1410 ⁵⁴.
182 1386 293 1410 Messala
307 1385 410 1409 consul.
425 1384 539 1408 Neronis
551 1384 709 1407 liberalitas.
723 1389 795 1408 -55-
807 1384 872 1408 Cum
881 1383 986 1407 Parthis
996 1388 1087 1406 rursus
1100 1382 1234 1406 discordia
1245 1382 1278 1406 de
1289 1382 1426 1406 Armenia.

100 1422 259 1448 Corbulonis
269 1421 417 1450 disciplina,
426 1421 527 1447 virtus,
541 1420 680 1442 severitas.
689 1431 718 1436 -—
729 1425 765 1443 56.
781 1420 889 1443 Pactius
901 1418 1030 1448 Orphitus
1043 1419 1139 1442 contra
1151 1418 1295 1447 imperium
1304 1423 1427 1447 pugnans

100 1456 230 1486 rususque
241 1457 316 1478 extra
331 1454 431 1478 vallum
446 1454 560 1478 tendere
574 1455 757 1483 jussus—57.
771 1454 907 1478 Tiridates
923 1453 994 1477 bello
1011 1453 1130 1477 iniensat
1142 1453 1306 1481 Armeniam,
1322 1452 1427 1482 legatos

102 1492 136 1516 ad
147 1490 329 1515 Corbulonem
341 1490 433 1518 mittit,
446 1502 476 1506 -
486 1494 522 1512 53.
539 1490 585 1518 qui
599 1489 721 1512 fraudem
735 1489 787 1512 sibi
800 1494 849 1517 per
867 1488 1031 1517 colloquium
1050 1489 1170 1517 paratam
1184 1488 1268 1511 eludit
1283 1501 1311 1505 —-
1329 1493 1424 1511 sti-»2«.

102 1531 129 1552 et
140 1527 271 1551 Armenia:
279 1525 389 1549 castella
398 1525 475 1553 capit,
488 1525 614 1548 Artaxata
627 1524 783 1552 aggreditur
792 1525 819 1547 et
827 1523 977 1547 decedente
985 1523 1062 1547 hoste
1075 1524 1155 1552 capit,
1165 1524 1226 1552 igne
1238 1523 1318 1547 delet.
1328 1523 1362 1546 ob
1372 1522 1426 1545 haec

109 1562 211 1587 Neroni
220 1562 248 1584 ct
259 1561 308 1583 diis
318 1560 444 1584 honores.
454 1571 483 1576 -
492 1564 529 1582 42.
542 1560 567 1582 Ρ.
579 1559 676 1582 Suilius
685 1564 746 1582 rcus
758 1559 783 1582 in
792 1559 922 1582 Senecam
936 1559 1079 1587 invehitur,
1088 1571 1107 1575 —
1118 1563 1157 1581 as.
1171 1559 1338 1587 deportatur.
1350 1571 1377 1574 -
1386 1562 1425 1581 4⁴.

101 1596 231 1622 Octavius
244 1596 348 1625 Sagitta
358 1600 450 1618 amore
459 1600 555 1618 vecors
563 1595 684 1618 Pontiam
697 1595 921 1623 tergiversantem
936 1594 1009 1618 ferro
1026 1594 1239 1617 transverberat.
1254 1594 1343 1617 liberti
1358 1595 1425 1618 mira

100 1633 179 1657 fides.

131 1672 169 1690 45.
185 1667 322 1696 Poppaeam
333 1665 459 1689 Sabinam
473 1670 564 1688 amare
578 1665 648 1688 Nero
663 1665 770 1694 occipit.
782 1664 860 1688 istius
873 1670 966 1694 genus,
978 1664 1072 1692 forma,
1085 1670 1157 1694 opes,
1173 1670 1271 1693 mores,
1286 1664 1423 1688 matrimo-

101 1702 155 1729 nia,
167 1701 360 1724 adulter—⁴3.
374 1702 430 1729 ejus
445 1700 557 1722 maritus
564 1699 643 1728 Otho,
656 1701 685 1723 ut
696 1700 856 1723 amoveatur
865 1718 870 1727 ,
879 1699 1021 1722 Lusitaniae
1033 1698 1184 1728 praesicitur.
1195 1712 1221 1715 —
1234 1704 1272 1723 47.
1285 1698 1427 1723 Cornelius

101 1737 182 1764 Sulla,
194 1735 469 1765 PrincipisuspectuS,
479 1735 627 1758 Massiliam
639 1735 802 1758 mittitur.—
812 1739 847 1758 ⁴8.
863 1734 981 1758 Puteolis
993 1734 1140 1757 concordia
1150 1735 1286 1758 restituta.
1298 1747 1326 1751 -—
1338 1739 1374 1758 49.
1387 1735 1424 1757 De

101 1777 215 1796 numero
228 1771 407 1799 gladiatorum
420 1771 559 1799 Syracusis
574 1770 740 1793 edendorum
763 1769 935 1799 disceptatio.
948 1769 1072 1792 Thraseae
1086 1770 1148 1793 Paeti
1168 1770 1269 1798 opinio.
1282 1782 1311 1786 —-
1321 1775 1360 1793 so.
1380 1770 1424 1793 Ve-

102 1806 212 1835 ctigalia
225 1807 321 1829 contra
338 1806 451 1829 Neronis
468 1805 598 1834 impetum
622 1806 740 1828 retenta.
758 1817 786 1821 —-
798 1809 834 1828 δι.
857 1804 1064 1833 publicanorum
1084 1805 1212 1834 iniquitas
1226 1806 1383 1834 temperata.
1397 1818 1425 1822 -

102 1847 140 1864 σε.
154 1841 329 1870 proconsules
345 1841 385 1864 rei
397 1840 521 1864 absoluti.

130 1881 165 1899 ss.
183 1877 207 1900 t..
219 1877 302 1899 Vetus
317 1881 368 1905 ope
384 1874 501 1899 Mosellae
512 1876 540 1898 et
557 1875 649 1898 Araris
662 1875 783 1899 Rhenum
803 1879 864 1898 cum
884 1874 993 1898 Oceano
1012 1875 1129 1904 jungere
1150 1875 1238 1904 parat.
1258 1875 1348 1899 obstat
1364 1874 1425 1899 AElii

102 1910 214 1936 Gracilis
227 1910 334 1934 invidia.
349 1924 376 1927 —
390 1915 427 1933 54.
438 1910 515 1933 Frisii
525 1910 602 1938 juxta
617 1910 735 1933 Rhenum
752 1909 830 1933 sedes
840 1909 923 1938 figere
940 1909 1040 1933 frustra
1057 1912 1201 1934 conantur.
1216 1923 1246 1927 —-
1259 1915 1297 1934 ss.
1315 1910 1426 1934 eosdem

102 1952 181 1976 agros
195 1946 353 1975 Ampsivarii
377 1946 513 1973 occupant
530 1944 586 1968 fato
598 1945 702 1968 eodeni.
716 1950 787 1968 —⁵s.
804 1944 923 1969 Boiocali
939 1945 1100 1968 constantia.
1119 1946 1279 1974 Ampsivarii
1293 1944 1383 1969 deleti.
1395 1959 1425 1965 -

101 1986 137 2004 57.
155 1981 243 2004 Chatti
260 1980 293 2004 ab
306 1980 503 2004 Hermunduris
513 1979 571 2003 fere
582 1979 616 2003 ad
626 1980 738 2003 exitium
752 1980 840 2009 gentis
857 1979 925 2002 caesi.
940 1980 1017 2009 ignes
1029 1981 1103 2004 terra
1117 1979 1183 2004 editi
1195 1980 1238 2004 vix
1249 1981 1380 2010 oppressi.
1396 1993 1424 1997 -

102 2022 137 2040 ⁵8.
154 2017 231 2040 Ficus
240 2016 395 2040 Ruminalis,

132 2052 211 2075 Gesta
228 2051 285 2075 haec
298 2051 375 2075 annis
386 2051 523 2080 quattuor,
537 2056 560 2074 a.
579 2055 608 2074 5⁴
622 2050 740 2074 exeunte
751 2050 785 2074 ad
801 2056 826 2074 a.
839 2055 874 2073 ss.
886 2055 912 2079 p.
926 2049 989 2074 Chr.

689 2123 835 2133 ᾧ

146 2197 172 2224 1.
198 2194 302 2224 Prima
319 2201 403 2224 novo
420 2193 600 2233 principatu
617 2202 703 2224 mors
722 2192 808 2224 Junii
826 2192 943 2232 silani,
960 2192 1158 2233 proconsulis
1180 2192 1263 2224 Asiae
1275 2217 1283 2233 ‚
1313 2193 1424 2233 ignaro

101 2244 244 2280 Nerone,
268 2249 324 2281 per
340 2240 449 2271 dolum
464 2241 646 2281 Agrippinae
659 2241 801 2281 paratur,
815 2249 879 2271 non
893 2240 969 2280 quia
986 2240 1104 2279 ingenii
1127 2240 1281 2272 violentia
1297 2241 1422 2272 exitum

102 2285 320 2327 irritaverat¹‚
340 2287 444 2327 segnis
469 2290 500 2318 et
518 2287 790 2319 dominationibus
812 2287 882 2318 aliis
899 2286 1077 2327 fastiditus,
1103 2287 1183 2318 adeo
1200 2290 1236 2318 ut
1258 2289 1294 2318 C.
1313 2289 1421 2318 Caesar

101 2333 264 2373 pecudem
283 2343 426 2366 auream
442 2343 515 2365 eum
530 2335 688 2374 appellare
702 2335 821 2375 {solitus
835 2334 898 2366 sit:
917 2343 1029 2365 verum
1044 2334 1215 2375 Agrippina
1238 2334 1326 2365 fratri
1351 2334 1420 2373 ejus

132 2415 154 2441 1.
170 2421 193 2442 ι.
212 2416 377 2441 incitaverat
396 2416 429 2441 ad
444 2422 538 2441 necem
553 2417 727 2443 moliendam.
743 2431 771 2436 —
787 2422 809 2443 ς,
825 2416 924 2442 Addita
936 2416 992 2442 haec
1002 2418 1074 2446 sunt,
1089 2417 1150 2448 quia
1164 2417 1274 2442 Tacitus
1286 2415 1336 2441 sub
1351 2416 1418 2440 Tra-
