1539 2668
104 227 110 230 “
130 221 192 252 458
588 220 623 249 C·
647 220 833 250 CORNELII
855 220 989 250 TACITI

128 295 261 332 colunt,
276 301 412 333 eamque
423 292 620 324 intervenire
635 292 730 324 rebus
742 293 911 325 hominum
921 319 930 334 ‚
948 293 1056 326 invehi
1073 294 1200 335 populis
1213 293 1225 313 ³
1242 294 1454 331 arbitrantur.

130 345 184 373 Est
197 342 229 371 in
244 341 347 371 insula
360 340 498 371 Oceani⁴
517 343 644 370 castum
660 350 775 372 nemus
796 341 1004 382 dicatumque
1025 342 1057 372 in
1077 350 1115 372 eo
1135 342 1320 373 vehiculum
1333 367 1341 381 ,
1365 345 1456 375 veste

129 390 335 426 contectum3
353 388 508 425 attingere
532 388 585 417 uni
603 389 760 419 sacerdoti
778 397 978 420 concessum.
1004 389 1031 420 is
1052 389 1160 421 adesse
1185 390 1342 429 penetrali
1360 390 1454 422 deam

129 437 279 475 intelligit
303 437 494 482 xectamque
512 434 618 466 bubus
643 436 770 467 feminis
795 437 899 468 multa
922 446 996 467 cum
1015 437 1222 468 veneratione
1239 438 1456 478 prosequitur.

128 484 195 516 laeti
209 486 287 515 tune
300 481 389 519 dies,
406 482 485 512 festa
502 482 583 519 loca,
602 491 820 523 quaecumque
837 485 977 515 adventu
997 483 1202 524 hospitioque
1219 484 1377 523 dignatur
1392 493 1456 515 non

128 531 212 563 bella
234 531 363 566 ineunt,
388 537 453 559 non
477 537 566 559 arma
591 532 745 570 sumunt3
773 531 918 562 clausum
942 540 1038 563 omne
1063 531 1205 570 ferrum;
1229 540 1294 571 pax
1311 533 1342 563 et
1366 532 1457 571 quies

128 581 208 610 tunc
234 580 360 608 tantum
385 578 481 613 nota,
508 577 588 606 tunc
612 579 740 608 tantum
764 580 888 619 amata,
915 578 1017 609 donec
1041 578 1124 609 idem
1142 556 1290 610 sacerdos
1308 579 1456 609 satiatam

128 624 375 656 conversatione
391 623 575 654 mortalium
593 623 686 655 deam
702 626 824 666 templo
836 626 845 643 ⁵
862 626 984 657 reddat.
1000 635 1075 656 mox
1090 626 1275 656 vehiculum
1292 630 1325 657 et
1339 627 1457 663 vestes,

129 676 179 712 et,
195 673 222 702 si
239 670 368 702 credere
384 669 479 708 velis,
497 679 616 702 numen
633 672 737 712 ipsum
756 676 879 703 secreto
896 673 966 703 lacu
983 673 1135 703 abluitur.
1154 673 1236 703 servi
1252 673 1459 711 ministrant,

127 728 210 761 quos
227 718 336 749 statim
355 717 440 748 idem
459 718 548 748 lacus
566 718 685 750 haurit.
706 729 842 751 arcanus
858 720 933 750 hine
952 722 1054 751 terror
1069 721 1242 759 sanctaque
1256 720 1456 759 ignorantia,

127 766 207 807 quid
225 766 268 797 sit
285 764 361 795 illud
377 788 385 803 ,
404 765 490 804 quod
509 767 635 796 tantum
656 767 790 806 perituri
809 767 931 798 vident.

170 815 248 844 XLI.
268 813 305 843 Et
322 812 390 842 llaec
404 812 534 851 quidem
554 822 625 852 pars
639 817 817 844 Suevorum
839 814 869 844 in
889 813 1062 845 secretiora
1079 814 1257 845 Germaniae
1272 814 1456 854 porrigitur.

128 860 273 900 propior,
299 862 335 890 ut
358 859 523 898 quomodo
542 860 636 899 paulo
658 863 733 891 anie
756 862 924 900 Rhenum,
948 861 995 891 sic
1021 870 1107 891 nunc
1128 861 1313 891 Danubium
1330 869 1459 900 sequar,

127 906 430 939 Hermundurorum
448 906 562 937 civitas
574 931 582 946 ,
605 907 665 938 lida
686 909 840 938 Romanis
854 920 861 947 ;
876 917 978 948 eoque
999 908 1076 938 solis
1090 911 1322 938 Germanorum
1343 916 1407 938 non
1424 907 1458 938 in

127 956 199 994 ripa
220 953 450 985 commercium
461 976 470 992 ‚
497 953 551 984 sed
568 955 697 993 penitus
711 958 808 995 atque
825 955 856 986 in
874 955 1135 994 splendidissima
1150 955 1261 985 Raetiae
1278 953 1458 994 prov-inciae

127 1002 256 1033 colonia
271 1002 294 1031 ¹.
312 1000 429 1040 passim
445 1000 514 1031 sine
528 1001 661 1032 custode
673 1001 685 1019 ²
704 1004 893 1039 transeunt3
911 1004 943 1033 et
960 1011 1060 1042 quum
1078 1002 1194 1032 ceteris
1210 1001 1357 1041 gentibus
1370 1010 1459 1032 arma

127 1049 226 1081 modo
249 1050 420 1087 castraque
447 1050 558 1078 nostra
583 1049 794 1080 ostendamus
810 1072 818 1087 ‚
838 1049 887 1079 liis
912 1049 1029 1080 domos
1045 1049 1202 1088 villasque
1224 1048 1436 1088 patefecimus
1450 1073 1459 1088 ,

127 1106 192 1129 non
211 1094 528 1134 concupiscentibus.
550 1098 585 1125 In
610 1095 848 1126 Hermunduris
864 1096 951 1126 Albis
964 1095 975 1113 ³
993 1096 1109 1134 oritur,
1128 1095 1248 1126 flumen
1265 1094 1411 1125 inclitum
1428 1096 1461 1125 et

129 1147 244 1175 notum
262 1143 338 1172 olim
354 1152 362 1177 ;
383 1150 471 1171 nunc
489 1142 615 1172 tantuin
634 1143 774 1173 auditur.

169 1194 262 1222 XLII.
297 1191 394 1218 Juxta
424 1189 668 1219 Hermunduros
699 1189 820 1220 Narisci
849 1198 887 1220 ac
915 1189 1031 1220 deinde
1062 1189 1258 1220 Marcomani
1290 1190 1322 1220 et
1354 1186 1459 1228 Quadi

127 1239 238 1279 agunt.
255 1235 424 1275 Praecipua
440 1240 720 1266 Marcomanorum
737 1236 837 1273 gloria
851 1237 1001 1276 viresque
1015 1248 1022 1275 ;
1041 1240 1137 1276 atque
1155 1238 1223 1276 ipsa
1237 1236 1334 1267 etiam
1348 1236 1457 1271 sedes,

128 1285 231 1327 pulsis
249 1284 327 1314 olim
348 1282 452 1321 Boiis,
472 1282 595 1313 virtute,
613 1285 714 1323 parta.
741 1292 799 1314 nec
819 1284 940 1314 Nar-isai
966 1283 1114 1322 Quadive
1136 1283 1339 1323 degenerant.
1357 1292 1458 1323 eaque

128 1331 310 1365 Germaniae
332 1330 422 1361 velut
448 1329 536 1360 frons
558 1333 608 1361 est
626 1331 649 1369 ¹,
676 1333 838 1370 quatenus
861 1331 1008 1361 Danubio
1027 1331 1187 1370 peragitur
1201 1330 1223 1360 2.
1245 1331 1457 1361 Marcomanis

129 1379 319 1419 Quadisque
339 1386 440 1416 usque
457 1377 495 1406 au
513 1379 655 1408 nostram
673 1379 864 1409 memoriam
889 1387 976 1416 reges
998 1380 1185 1409 manserunt
1201 1386 1239 1408 ex
1260 1380 1352 1417 gente
1367 1378 1455 1418 ipso-

127 1436 201 1459 rum
215 1450 223 1465 ‚
240 1424 350 1456 nobile
363 1423 551 1454 Marobodui
565 1425 597 1454 et
610 1424 709 1455 Tudri
722 1425 733 1442 '0'
748 1434 866 1463 genus;
886 1424 953 1463 jam
976 1427 1008 1456 et
1029 1428 1178 1455 externos
1201 1425 1377 1464 patiuntur.
1399 1425 1455 1456 sed

128 1475 177 1505 vis
190 1476 222 1505 et
235 1472 380 1513 potentia
395 1471 520 1510 regilius
535 1480 575 1501 ex
591 1472 784 1503 auctoritate
798 1477 954 1503 Romana.
981 1481 1053 1503 raro
1071 1472 1167 1503 armis
1182 1472 1301 1502 nostris
1312 1495 1321 1510 ‚
1336 1472 1455 1512 saepius

127 1520 266 1562 pecunia
280 1520 451 1557 inventum
471 1527 529 1548 nec
546 1518 652 1549 minus
669 1519 779 1549 valent
793 1519 818 1549 ⁴.

170 1570 278 1598 XLIII.
303 1567 402 1597 Retro
419 1565 588 1604 Marsigni,
611 1566 739 1596 Gotliini
752 1589 760 1603 ‚
780 1566 852 1603 Osi,
873 1566 948 1597 Buri
967 1568 1053 1604 terga
1069 1570 1351 1596 Marcomanorum
1371 1569 1454 1604 Qua-

128 1615 309 1653 dorumque
330 1612 506 1650 claudunt,
530 1621 547 1643 e
563 1612 680 1651 quibus
697 1613 846 1651 Marsigni
863 1616 894 1643 ct
911 1612 984 1643 Buri
1002 1621 1150 1643 sermone
1167 1613 1319 1651 cultuque
1334 1615 1456 1643 Suevos

130 1663 289 1694 referunt.
307 1659 464 1691 Gothinos
480 1659 617 1697 Gallica,
635 1664 716 1695 Osos
734 1660 916 1690 Pannonica
931 1660 1039 1698 lingua
1055 1659 1199 1698 coarguit
1216 1668 1282 1689 non
1296 1667 1367 1690 esse
1380 1662 1455 1690 Ger-

129 1717 261 1745 man0s3
280 1709 312 1738 et
329 1706 416 1745 qnod
434 1706 556 1736 tributa
574 1706 750 1745 patiuntur.
771 1708 895 1745 partem
914 1706 1111 1737 tributorum
1128 1707 1280 1737 sarmatae
1294 1706 1316 1743 ¹,
1332 1707 1457 1745 partem

127 1756 234 1795 Quadi
263 1757 298 1785 ut
327 1753 514 1792 alienigenis
542 1753 725 1792 imponunt.
751 1753 881 1784 Gotliini
895 1777 904 1792 ‚
923 1762 988 1792 quo
1007 1753 1109 1792 magis
1128 1753 1267 1792 pudeat,
1287 1755 1318 1783 et
1337 1753 1457 1783 ferrum

128 1802 291 1835 effodiunt
307 1800 331 1831 ².
355 1804 538 1839 Omnesque
564 1800 594 1830 lii
621 1800 729 1839 populi
747 1808 849 1839 pauca
868 1800 1116 1839 campestrium,
1135 1801 1279 1830 ceterum
1305 1799 1407 1830 saltus
1426 1801 1461 1830 et

127 1849 266 1881 vertices
280 1847 438 1877 montium
454 1846 631 1885 jueuniqne
645 1846 842 1876 insederunt.
864 1846 988 1877 dirimit
1004 1847 1088 1877 enim
1107 1846 1290 1885 scinditque
1308 1846 1456 1877 sueviam

129 1897 320 1928 continuum
336 1894 495 1924 montium
509 1893 623 1932 jugum
637 1917 645 1932 ‚
662 1893 745 1923 ultra
763 1893 847 1932 quod
864 1893 1010 1933 plurimae
1023 1895 1133 1932 gentes
1149 1894 1247 1932 agunt
1265 1903 1273 1923 :
1288 1901 1325 1923 ex
1339 1892 1458 1932 quibus

127 1943 283 1974 latissime
306 1942 393 1980 patet
415 1940 585 1980 Lygiorum
604 1949 744 1978 nomen,
762 1940 794 1970 in
818 1940 926 1980 plures
949 1940 1096 1971 civitates
1119 1940 1285 1970 diffusum.
1308 1939 1456 1970 valentis-

129 1990 228 2020 simas
256 1988 436 2019 nominasse
464 1987 603 2018 sufficiet
618 2011 626 2026 ‚
656 1987 769 2018 nai-los
784 1986 809 2025 ³,
839 1987 1036 2018 Helveconas
1047 2011 1056 2026 ‚
1085 1988 1243 2019 Manimos
1256 2011 1265 2026 ,
1282 1986 1418 2018 Helisios
1430 1986 1457 2026 ⁴,

129 2077 215 2105 tham,
235 2076 268 2100 ob
285 2077 375 2099 Terrae
388 2080 488 2098 nomen
502 2075 687 2105 germanicum
703 2074 778 2098 Erde
793 2075 836 2098 vel
849 2074 920 2104 angl.
936 2073 1037 2098 Earth.
1049 2086 1078 2091 —
1088 2079 1112 2097 5.
1128 2074 1194 2098 Vehi
1209 2074 1243 2097 ad
1258 2073 1379 2103 populos.
1391 2086 1419 2090 —
1430 2078 1453 2096 ⁴.

129 2112 240 2141 augiam
256 2113 365 2140 putant;
381 2111 424 2134 alii
437 2111 618 2134 Seelandiain.
632 2123 656 2127 —
672 2116 694 2134 5.
709 2111 780 2135 Loco
797 2112 912 2139 sacrato,
928 2110 996 2133 luco.

159 2147 225 2171 XLI.
241 2152 261 2170 ι.
276 2146 373 2170 Eadem
394 2146 503 2169 videtur
516 2152 575 2175 quae
593 2147 687 2175 postea
708 2146 845 2169 nominata
870 2147 990 2174 Augusta
1010 2144 1213 2168 Vindelicorum
1237 2142 1457 2173 (Aicqsbourqt-

130 2181 201 2211 quod
217 2187 314 2205 nomen
334 2182 449 2210 primum
467 2183 581 2210 apparet
595 2181 693 2204 saeculo
711 2181 807 2209 quarto
824 2187 850 2210 p.
864 2181 924 2204 (Ἀπ’,
936 2193 963 2197 -
974 2185 995 2203 2.
1011 2180 1085 2203 Conf.
1102 2180 1175 2203 Hist.
1192 2179 1232 2207 IV,
1247 2183 1290 2206 64,
1305 2183 1342 2201 (35.
1356 2191 1380 2194 —-
1393 2184 1413 2201 5.
1430 2180 1457 2202 Id

129 2218 230 2240 flumen
248 2217 334 2240 oritur
348 2217 374 2239 in
394 2216 492 2240 sinibus
512 2217 645 2240 Bonemiae
666 2218 694 2240 et
706 2216 819 2242 Silesiae.
833 2216 865 2239 ad
889 2221 956 2244 quos
975 2215 1138 2244 pertinuisse
1158 2214 1362 2238 Hermunduros
1382 2214 1456 2238 multi

131 2252 265 2276 dubitant.
280 2253 406 2281 Cogitant
420 2253 501 2279 igitur
515 2253 548 2275 de
563 2253 630 2282 Egra
642 2252 738 2282 (Eyer)
749 2252 776 2275 in
789 2251 937 2275 Franconia
952 2252 1109 2280 emergente
1120 2251 1148 2273 et
1160 2249 1188 2273 in
1202 2249 1289 2273 Albim
1301 2248 1455 2272 delabente.

130 2288 241 2312 Romani
255 2288 322 2311 olim
336 2288 369 2311 ad
386 2287 476 2311 Albim
489 2294 573 2317 usque
590 2289 679 2311 castra
696 2287 855 2314 moverant,
871 2286 943 2315 quod
963 2285 1104 2315 aliquoties
1123 2286 1301 2309 memoratum
1321 2284 1348 2307 in
1366 2285 1457 2307 Anna-

130 2323 213 2348 libus,

161 2357 240 2380 XLII.
255 2362 273 2380 I.
288 2362 330 2380 sc.
345 2358 487 2386 imperium
502 2359 649 2381 Romanum
662 2360 824 2382 versus.-2.
838 2355 986 2384 Perficuur,
998 2355 1107 2379 ducitur
1117 2361 1148 2378 ea
1165 2354 1302 2379 frons—5.
1316 2354 1345 2377 In
1359 2352 1452 2381 Anglo-

130 2392 256 2415 saxonica
270 2391 358 2420 liugua
373 2394 461 2416 tucior
473 2394 514 2416 est
526 2393 640 2416 soboles.
657 2394 693 2416 De
706 2391 882 2416 Maroboduo
894 2398 918 2415 v.
928 2391 1037 2416 Annal.
1054 2391 1086 2419 II,
1098 2395 1126 2414 ⁴⁴
1138 2395 1273 2420 seqq—⁴.
1287 2391 1328 2413 Se.
1340 2388 1454 2418 pecunia

131 2427 225 2450 nostra
237 2427 329 2456 adjutiv
340 2434 418 2456 quum
436 2429 456 2450 si
471 2429 552 2451 arnus
563 2430 662 2452 nostris
677 2428 878 2457 adjuvarentur.

162 2462 255 2486 XLIII.
272 2467 292 2486 ι.
306 2464 433 2487 Sarmatae
446 2463 565 2493 Iazyges,
583 2465 612 2487 ut
628 2464 799 2488 videnum—2.
812 2463 886 2487 Unde
897 2468 970 2487 arma
984 2467 1080 2492 parare
1094 2462 1243 2491 possent.-
1254 2466 1277 2485 a.
1294 2459 1343 2483 Alii
1356 2458 1451 2483 Arios.
