<?xml version="1.0" encoding="UTF-8"?>
<!DOCTYPE html PUBLIC "-//W3C//DTD XHTML 1.0 Transitional//EN"
    "http://www.w3.org/TR/xhtml1/DTD/xhtml1-transitional.dtd">
<html xmlns="http://www.w3.org/1999/xhtml" xml:lang="en" lang="en">
 <head>
  <title>
</title>
<meta http-equiv="Content-Type" content="text/html;charset=utf-8" />
  <meta name='ocr-system' content='tesseract 3.04.00' />
  <meta name='ocr-capabilities' content='ocr_page ocr_carea ocr_par ocr_line ocrx_word'/>
</head>
<body>
  <div class='ocr_page' id='page_1' title='image "./operaquaesupersu00taciuoft_0218.png"; bbox 0 0 1539 2668; ppageno 0'>
   <div class='ocr_carea' id='block_1_1' title="bbox 100 160 1031 192">
    <p class='ocr_par' dir='ltr' id='par_1_1' title="bbox 100 160 1031 192">
     <span class='ocr_line' id='line_1_1' title="bbox 100 160 1031 192; baseline -0.002 0"><span class='ocrx_word' id='word_1_1' title='bbox 100 163 158 192; x_wconf 83' lang='lat'>186</span> <span class='ocrx_word' id='word_1_2' title='bbox 471 161 603 190; x_wconf 86' lang='lat' dir='ltr'>TAClTl</span> <span class='ocrx_word' id='word_1_3' title='bbox 625 160 831 189; x_wconf 73' lang='lat' dir='ltr'><strong>ANNALIUM</strong></span> <span class='ocrx_word' id='word_1_4' title='bbox 854 162 927 190; x_wconf 85' lang='lat' dir='ltr'><strong>LIB.</strong></span> <span class='ocrx_word' id='word_1_5' title='bbox 950 163 1031 190; x_wconf 84' lang='lat' dir='ltr'>XIII.</span> 
     </span>
    </p>
   </div>
   <div class='ocr_carea' id='block_1_2' title="bbox 86 233 1430 2202">
    <p class='ocr_par' dir='ltr' id='par_1_2' title="bbox 86 233 1428 783">
     <span class='ocr_line' id='line_1_2' title="bbox 138 233 1427 275; baseline 0.002 -10"><span class='ocrx_word' id='word_1_6' title='bbox 138 238 191 266; x_wconf 79' lang='lat' dir='ltr'>lv.</span> <span class='ocrx_word' id='word_1_7' title='bbox 216 236 366 265; x_wconf 88' lang='lat' dir='ltr'>Ceterum</span> <span class='ocrx_word' id='word_1_8' title='bbox 392 233 531 274; x_wconf 79' lang='lat' dir='ltr'>peractis</span> <span class='ocrx_word' id='word_1_9' title='bbox 564 233 706 265; x_wconf 76' lang='lat' dir='ltr'>tristitiae</span> <span class='ocrx_word' id='word_1_10' title='bbox 730 233 940 265; x_wconf 72' lang='lat' dir='ltr'>imitamentis</span> <span class='ocrx_word' id='word_1_11' title='bbox 966 234 1085 265; x_wconf 87' lang='lat' dir='ltr'>curiam</span> <span class='ocrx_word' id='word_1_12' title='bbox 1117 233 1300 275; x_wconf 80' lang='lat' dir='ltr'>ingressus,</span> <span class='ocrx_word' id='word_1_13' title='bbox 1325 238 1356 267; x_wconf 83' lang='lat' dir='ltr'>et</span> <span class='ocrx_word' id='word_1_14' title='bbox 1386 237 1427 268; x_wconf 86' lang='lat' dir='ltr'>de</span> 
     </span>
     <span class='ocr_line' id='line_1_3' title="bbox 96 280 1421 321; baseline 0.002 -8"><span class='ocrx_word' id='word_1_15' title='bbox 96 280 139 313; x_wconf 78' lang='lat' dir='ltr'>de</span> <span class='ocrx_word' id='word_1_16' title='bbox 154 282 367 313; x_wconf 71' lang='lat' dir='ltr'>aucloritate</span> <span class='ocrx_word' id='word_1_17' title='bbox 389 283 541 312; x_wconf 69' lang='lat' dir='ltr'>Petrum</span> <span class='ocrx_word' id='word_1_18' title='bbox 563 282 596 311; x_wconf 78' lang='lat' dir='ltr'>ec</span> <span class='ocrx_word' id='word_1_19' title='bbox 612 289 776 312; x_wconf 84' lang='lat' dir='ltr'>consensu</span> <span class='ocrx_word' id='word_1_20' title='bbox 800 282 955 312; x_wconf 78' lang='lat' dir='ltr'>militum</span> <span class='ocrx_word' id='word_1_21' title='bbox 977 281 1151 321; x_wconf 77' lang='lat' dir='ltr'>praefatus,</span> <span class='ocrx_word' id='word_1_22' title='bbox 1173 282 1317 313; x_wconf 77' lang='lat' dir='ltr'>consilia</span> <span class='ocrx_word' id='word_1_23' title='bbox 1332 282 1396 315; x_wconf 84' lang='lat' dir='ltr'>sibi</span> <span class='ocrx_word' id='word_1_24' title='bbox 1414 284 1421 302; x_wconf 81' lang='lat'><strong>¹</strong></span> 
     </span>
     <span class='ocr_line' id='line_1_4' title="bbox 96 327 1426 368; baseline 0.002 -9"><span class='ocrx_word' id='word_1_25' title='bbox 96 330 130 359; x_wconf 79' lang='lat' dir='ltr'>et</span> <span class='ocrx_word' id='word_1_26' title='bbox 146 328 308 367; x_wconf 72' lang='lat' dir='ltr'>eoeempla</span> <span class='ocrx_word' id='word_1_27' title='bbox 325 327 525 367; x_wconf 73' lang='lat' dir='ltr'><em>capessendi</em></span> <span class='ocrx_word' id='word_1_28' title='bbox 538 329 670 367; x_wconf 68' lang='lat' dir='ltr'>eqreyie</span> <span class='ocrx_word' id='word_1_29' title='bbox 686 328 820 368; x_wconf 79' lang='lat' dir='ltr'>imperii</span> <span class='ocrx_word' id='word_1_30' title='bbox 834 328 1037 367; x_wconf 83' lang='lat' dir='ltr'>memoravit,</span> <span class='ocrx_word' id='word_1_31' title='bbox 1056 336 1116 359; x_wconf 81' lang='lat' dir='ltr'>nec</span> <span class='ocrx_word' id='word_1_32' title='bbox 1121 328 1305 367; x_wconf 76' lang='lat' dir='ltr'>juventam</span> <span class='ocrx_word' id='word_1_33' title='bbox 1319 332 1426 362; x_wconf 85' lang='lat' dir='ltr'>armis</span> 
     </span>
     <span class='ocr_line' id='line_1_5' title="bbox 93 373 1426 414; baseline 0.002 -8"><span class='ocrx_word' id='word_1_34' title='bbox 93 375 251 406; x_wconf 83' lang='lat' dir='ltr'>civilibus</span> <span class='ocrx_word' id='word_1_35' title='bbox 268 376 333 406; x_wconf 84' lang='lat' dir='ltr'>aut</span> <span class='ocrx_word' id='word_1_36' title='bbox 353 374 548 405; x_wconf 75' lang='lat' dir='ltr'>domesticis</span> <span class='ocrx_word' id='word_1_37' title='bbox 560 373 738 405; x_wconf 71' lang='lat' dir='ltr'>discordiis</span> <span class='ocrx_word' id='word_1_38' title='bbox 760 375 929 406; x_wconf 69' lang='lat' dir='ltr'>imbutam</span> <span class='ocrx_word' id='word_1_39' title='bbox 942 374 953 392; x_wconf 80' lang='lat'><em>²</em></span> <span class='ocrx_word' id='word_1_40' title='bbox 967 387 979 414; x_wconf 94' lang='lat'>,·</span> <span class='ocrx_word' id='word_1_41' title='bbox 1002 376 1104 406; x_wconf 77' lang='lat' dir='ltr'>nulla</span> <span class='ocrx_word' id='word_1_42' title='bbox 1120 375 1200 406; x_wconf 81' lang='lat' dir='ltr'>odia</span> <span class='ocrx_word' id='word_1_43' title='bbox 1213 399 1222 414; x_wconf 87' lang='lat'>‚</span> <span class='ocrx_word' id='word_1_44' title='bbox 1239 376 1360 407; x_wconf 82' lang='lat' dir='ltr'>nullas</span> <span class='ocrx_word' id='word_1_45' title='bbox 1376 379 1426 409; x_wconf 80' lang='lat' dir='ltr'>iiz-</span> 
     </span>
     <span class='ocr_line' id='line_1_6' title="bbox 86 421 1427 464; baseline 0.001 -11"><span class='ocrx_word' id='word_1_46' title='bbox 86 422 209 462; x_wconf 77' lang='lat' dir='ltr'>J&#39;urids</span> <span class='ocrx_word' id='word_1_47' title='bbox 222 447 232 461; x_wconf 93' lang='lat'>‚</span> <span class='ocrx_word' id='word_1_48' title='bbox 250 430 310 453; x_wconf 88' lang='lat' dir='ltr'>nec</span> <span class='ocrx_word' id='word_1_49' title='bbox 323 421 516 461; x_wconf 71' lang='lat' dir='ltr'>cupidinem</span> <span class='ocrx_word' id='word_1_50' title='bbox 529 421 673 452; x_wconf 74' lang='lat' dir='ltr'>ulcionis</span> <span class='ocrx_word' id='word_1_51' title='bbox 690 421 836 460; x_wconf 77' lang='lat' dir='ltr'>afferre.</span> <span class='ocrx_word' id='word_1_52' title='bbox 855 425 937 453; x_wconf 89' lang='lat' dir='ltr'>Tnm</span> <span class='ocrx_word' id='word_1_53' title='bbox 948 421 1239 461; x_wconf 76' lang='lat' dir='ltr'>sormamfuturi</span> <span class='ocrx_word' id='word_1_54' title='bbox 1253 424 1427 464; x_wconf 81' lang='lat' dir='ltr'>principa-</span> 
     </span>
     <span class='ocr_line' id='line_1_7' title="bbox 97 467 1425 509; baseline 0 -8"><span class='ocrx_word' id='word_1_55' title='bbox 97 472 154 501; x_wconf 79' lang='lat' dir='ltr'>tus</span> <span class='ocrx_word' id='word_1_56' title='bbox 174 468 388 509; x_wconf 67' lang='lat' dir='ltr'>praescripsit,</span> <span class='ocrx_word' id='word_1_57' title='bbox 412 476 450 497; x_wconf 85' lang='lat' dir='ltr'>ea</span> <span class='ocrx_word' id='word_1_58' title='bbox 469 468 610 499; x_wconf 80' lang='lat' dir='ltr'>maxime</span> <span class='ocrx_word' id='word_1_59' title='bbox 625 467 805 507; x_wconf 85' lang='lat' dir='ltr'>declinans,</span> <span class='ocrx_word' id='word_1_60' title='bbox 833 478 972 508; x_wconf 88' lang='lat' dir='ltr'>quorum</span> <span class='ocrx_word' id='word_1_61' title='bbox 996 478 1106 499; x_wconf 84' lang='lat' dir='ltr'>recens</span> <span class='ocrx_word' id='word_1_62' title='bbox 1122 468 1276 508; x_wconf 79' lang='lat' dir='ltr'>flagrabat</span> <span class='ocrx_word' id='word_1_63' title='bbox 1291 469 1425 501; x_wconf 87' lang='lat' dir='ltr'>invidia.</span> 
     </span>
     <span class='ocr_line' id='line_1_8' title="bbox 96 514 1428 555; baseline 0.003 -12"><span class='ocrx_word' id='word_1_64' title='bbox 96 529 112 543; x_wconf 67' lang='grc' dir='ltr'>«ι</span> <span class='ocrx_word' id='word_1_65' title='bbox 130 525 196 547; x_wconf 89' lang='lat' dir='ltr'>non</span> <span class='ocrx_word' id='word_1_66' title='bbox 213 515 348 546; x_wconf 86' lang='lat' dir='ltr'>enimse</span> <span class='ocrx_word' id='word_1_67' title='bbox 366 514 569 552; x_wconf 60' lang='lat' dir='ltr'>negotiorum</span> <span class='ocrx_word' id='word_1_68' title='bbox 584 514 729 546; x_wconf 88' lang='lat' dir='ltr'>omnium</span> <span class='ocrx_word' id='word_1_69' title='bbox 755 515 895 554; x_wconf 85' lang='lat' dir='ltr'>judicem</span> <span class='ocrx_word' id='word_1_70' title='bbox 923 517 989 546; x_wconf 84' lang='lat' dir='ltr'>sore</span> <span class='ocrx_word' id='word_1_71' title='bbox 1002 540 1010 555; x_wconf 92' lang='lat'>,</span> <span class='ocrx_word' id='word_1_72' title='bbox 1029 518 1063 547; x_wconf 89' lang='lat' dir='ltr'>ut</span> <span class='ocrx_word' id='word_1_73' title='bbox 1085 516 1203 547; x_wconf 86' lang='lat' dir='ltr'>clausis</span> <span class='ocrx_word' id='word_1_74' title='bbox 1225 525 1320 547; x_wconf 83' lang='lat' dir='ltr'>unam</span> <span class='ocrx_word' id='word_1_75' title='bbox 1344 516 1428 548; x_wconf 83' lang='lat' dir='ltr'>intra</span> 
     </span>
     <span class='ocr_line' id='line_1_9' title="bbox 96 561 1427 603; baseline 0.003 -12"><span class='ocrx_word' id='word_1_76' title='bbox 96 575 113 591; x_wconf 89' lang='lat'>«</span> <span class='ocrx_word' id='word_1_77' title='bbox 131 563 264 594; x_wconf 89' lang='lat' dir='ltr'>domum</span> <span class='ocrx_word' id='word_1_78' title='bbox 282 561 528 593; x_wconf 83' lang='lat' dir='ltr'>accusatoribus</span> <span class='ocrx_word' id='word_1_79' title='bbox 551 563 582 592; x_wconf 91' lang='lat' dir='ltr'>et</span> <span class='ocrx_word' id='word_1_80' title='bbox 614 561 676 593; x_wconf 87' lang='lat' dir='ltr'>reis</span> <span class='ocrx_word' id='word_1_81' title='bbox 703 572 879 603; x_wconf 88' lang='lat' dir='ltr'>paucorum</span> <span class='ocrx_word' id='word_1_82' title='bbox 897 563 1039 602; x_wconf 81' lang='lat' dir='ltr'>potentia</span> <span class='ocrx_word' id='word_1_83' title='bbox 1066 566 1271 602; x_wconf 79' lang='lat' dir='ltr'>grassaretur.</span> <span class='ocrx_word' id='word_1_84' title='bbox 1291 564 1370 595; x_wconf 81' lang='lat' dir='ltr'>nihil</span> <span class='ocrx_word' id='word_1_85' title='bbox 1393 564 1427 595; x_wconf 87' lang='lat' dir='ltr'>in</span> 
     </span>
     <span class='ocr_line' id='line_1_10' title="bbox 96 609 1428 650; baseline 0.003 -12"><span class='ocrx_word' id='word_1_86' title='bbox 96 624 113 638; x_wconf 85' lang='lat'>«</span> <span class='ocrx_word' id='word_1_87' title='bbox 131 609 303 650; x_wconf 82' lang='lat' dir='ltr'>penatibus</span> <span class='ocrx_word' id='word_1_88' title='bbox 319 609 387 641; x_wconf 89' lang='lat' dir='ltr'>suis</span> <span class='ocrx_word' id='word_1_89' title='bbox 401 609 514 640; x_wconf 87' lang='lat' dir='ltr'>venale</span> <span class='ocrx_word' id='word_1_90' title='bbox 528 611 585 639; x_wconf 85' lang='lat' dir='ltr'>aut</span> <span class='ocrx_word' id='word_1_91' title='bbox 597 609 765 640; x_wconf 80' lang='lat' dir='ltr'>ambitioni</span> <span class='ocrx_word' id='word_1_92' title='bbox 781 610 946 650; x_wconf 75' lang='lat' dir='ltr'>pervium,</span> <span class='ocrx_word' id='word_1_93' title='bbox 962 610 1132 640; x_wconf 78' lang='lat' dir='ltr'>discretam</span> <span class='ocrx_word' id='word_1_94' title='bbox 1147 610 1280 640; x_wconf 88' lang='lat' dir='ltr'>domum</span> <span class='ocrx_word' id='word_1_95' title='bbox 1297 613 1329 641; x_wconf 81' lang='lat' dir='ltr'>et</span> <span class='ocrx_word' id='word_1_96' title='bbox 1347 620 1428 642; x_wconf 86' lang='lat' dir='ltr'>rem·</span> 
     </span>
     <span class='ocr_line' id='line_1_11' title="bbox 95 656 1428 698; baseline 0.002 -10"><span class='ocrx_word' id='word_1_97' title='bbox 95 670 112 684; x_wconf 88' lang='lat'>«</span> <span class='ocrx_word' id='word_1_98' title='bbox 133 657 303 698; x_wconf 80' lang='lat' dir='ltr'>publicam.</span> <span class='ocrx_word' id='word_1_99' title='bbox 332 657 456 688; x_wconf 81' lang='lat' dir='ltr'>teneret</span> <span class='ocrx_word' id='word_1_100' title='bbox 483 656 616 696; x_wconf 86' lang='lat' dir='ltr'>antiqua</span> <span class='ocrx_word' id='word_1_101' title='bbox 631 657 740 688; x_wconf 87' lang='lat' dir='ltr'>munia</span> <span class='ocrx_word' id='word_1_102' title='bbox 754 659 899 695; x_wconf 77' lang='lat' dir='ltr'>senatus3</span> <span class='ocrx_word' id='word_1_103' title='bbox 922 657 1091 687; x_wconf 87' lang='lat' dir='ltr'>consulum</span> <span class='ocrx_word' id='word_1_104' title='bbox 1109 657 1323 689; x_wconf 80' lang='lat' dir='ltr'>tribunalibus</span> <span class='ocrx_word' id='word_1_105' title='bbox 1337 659 1428 690; x_wconf 86' lang='lat' dir='ltr'>Italia</span> 
     </span>
     <span class='ocr_line' id='line_1_12' title="bbox 94 703 1428 746; baseline 0.004 -13"><span class='ocrx_word' id='word_1_106' title='bbox 94 718 111 733; x_wconf 66' lang='grc' dir='ltr'>«ι</span> <span class='ocrx_word' id='word_1_107' title='bbox 130 707 161 736; x_wconf 88' lang='lat' dir='ltr'>et</span> <span class='ocrx_word' id='word_1_108' title='bbox 179 704 317 744; x_wconf 84' lang='lat' dir='ltr'>publicae</span> <span class='ocrx_word' id='word_1_109' title='bbox 331 704 342 722; x_wconf 77' lang='lat'>³</span> <span class='ocrx_word' id='word_1_110' title='bbox 374 703 550 744; x_wconf 80' lang='lat' dir='ltr'>provinciae</span> <span class='ocrx_word' id='word_1_111' title='bbox 570 704 767 735; x_wconf 82' lang='lat' dir='ltr'>assisterent.</span> <span class='ocrx_word' id='word_1_112' title='bbox 788 704 833 734; x_wconf 90' lang='lat' dir='ltr'>illi</span> <span class='ocrx_word' id='word_1_113' title='bbox 852 706 982 735; x_wconf 89' lang='lat' dir='ltr'>Patrum</span> <span class='ocrx_word' id='word_1_114' title='bbox 1008 704 1132 734; x_wconf 84' lang='lat' dir='ltr'>aditum</span> <span class='ocrx_word' id='word_1_115' title='bbox 1154 704 1376 746; x_wconf 75' lang='lat' dir='ltr'>praeberent⁴3</span> <span class='ocrx_word' id='word_1_116' title='bbox 1393 715 1428 738; x_wconf 85' lang='lat' dir='ltr'>se</span> 
     </span>
     <span class='ocr_line' id='line_1_13' title="bbox 94 750 797 783; baseline -0.003 0"><span class='ocrx_word' id='word_1_117' title='bbox 94 765 111 780; x_wconf 89' lang='lat'>«</span> <span class='ocrx_word' id='word_1_118' title='bbox 127 752 288 783; x_wconf 82' lang='lat' dir='ltr'>mandatis</span> <span class='ocrx_word' id='word_1_119' title='bbox 306 751 502 782; x_wconf 80' lang='lat' dir='ltr'>exercitibus</span> <span class='ocrx_word' id='word_1_120' title='bbox 523 750 760 782; x_wconf 86' lang='lat' dir='ltr'>consulturum.</span> <span class='ocrx_word' id='word_1_121' title='bbox 785 765 797 778; x_wconf 76' lang='lat' dir='ltr'>n</span> 
     </span>
    </p>

    <p class='ocr_par' dir='ltr' id='par_1_3' title="bbox 86 797 1429 1254">
     <span class='ocr_line' id='line_1_14' title="bbox 134 797 1429 839; baseline -0.002 -9"><span class='ocrx_word' id='word_1_122' title='bbox 134 803 172 830; x_wconf 82' lang='lat' dir='ltr'>V.</span> <span class='ocrx_word' id='word_1_123' title='bbox 197 802 262 830; x_wconf 88' lang='lat' dir='ltr'>Nec</span> <span class='ocrx_word' id='word_1_124' title='bbox 277 797 381 829; x_wconf 81' lang='lat' dir='ltr'>defuit</span> <span class='ocrx_word' id='word_1_125' title='bbox 396 798 492 835; x_wconf 80' lang='lat' dir='ltr'>tides,</span> <span class='ocrx_word' id='word_1_126' title='bbox 517 798 684 838; x_wconf 88' lang='lat' dir='ltr'>multaque</span> <span class='ocrx_word' id='word_1_127' title='bbox 701 798 833 829; x_wconf 89' lang='lat' dir='ltr'>arbitrio</span> <span class='ocrx_word' id='word_1_128' title='bbox 847 800 976 829; x_wconf 89' lang='lat' dir='ltr'>senatus</span> <span class='ocrx_word' id='word_1_129' title='bbox 991 797 1165 828; x_wconf 83' lang='lat' dir='ltr'>constituta</span> <span class='ocrx_word' id='word_1_130' title='bbox 1182 798 1258 829; x_wconf 87' lang='lat' dir='ltr'>sunt</span> <span class='ocrx_word' id='word_1_131' title='bbox 1274 807 1281 828; x_wconf 91' lang='lat'>:</span> <span class='ocrx_word' id='word_1_132' title='bbox 1296 806 1338 829; x_wconf 90' lang='lat' dir='ltr'>ne</span> <span class='ocrx_word' id='word_1_133' title='bbox 1350 798 1429 839; x_wconf 84' lang='lat' dir='ltr'>quis</span> 
     </span>
     <span class='ocr_line' id='line_1_15' title="bbox 90 844 1428 884; baseline -0.001 -7"><span class='ocrx_word' id='word_1_134' title='bbox 90 845 140 877; x_wconf 80' lang='lat' dir='ltr'>ad</span> <span class='ocrx_word' id='word_1_135' title='bbox 163 853 310 877; x_wconf 83' lang='lat' dir='ltr'>eausam</span> <span class='ocrx_word' id='word_1_136' title='bbox 339 845 511 876; x_wconf 83' lang='lat' dir='ltr'>orandam</span> <span class='ocrx_word' id='word_1_137' title='bbox 536 845 688 876; x_wconf 79' lang='lat' dir='ltr'>mercede</span> <span class='ocrx_word' id='word_1_138' title='bbox 716 849 779 876; x_wconf 79' lang='lat' dir='ltr'>aui</span> <span class='ocrx_word' id='word_1_139' title='bbox 806 845 904 876; x_wconf 78' lang='lat' dir='ltr'>donis</span> <span class='ocrx_word' id='word_1_140' title='bbox 933 846 1105 876; x_wconf 77' lang='lat' dir='ltr'>emeretur</span> <span class='ocrx_word' id='word_1_141' title='bbox 1119 844 1125 862; x_wconf 86' lang='lat'>¹</span> <span class='ocrx_word' id='word_1_142' title='bbox 1133 856 1145 882; x_wconf 89' lang='lat'><em>;</em></span> <span class='ocrx_word' id='word_1_143' title='bbox 1172 853 1213 876; x_wconf 89' lang='lat' dir='ltr'>ne</span> <span class='ocrx_word' id='word_1_144' title='bbox 1239 844 1428 884; x_wconf 70' lang='lat' dir='ltr'>desiqnatis</span> 
     </span>
     <span class='ocr_line' id='line_1_16' title="bbox 90 891 1429 934; baseline 0 -10"><span class='ocrx_word' id='word_1_145' title='bbox 90 892 317 934; x_wconf 66' lang='lat' dir='ltr'>quaestoribus</span> <span class='ocrx_word' id='word_1_146' title='bbox 334 891 454 923; x_wconf 80' lang='lat' dir='ltr'>edendi</span> <span class='ocrx_word' id='word_1_147' title='bbox 469 891 680 932; x_wconf 64' lang='lat' dir='ltr'>eladialores</span> <span class='ocrx_word' id='word_1_148' title='bbox 705 894 887 924; x_wconf 75' lang='lat' dir='ltr'>necessitas</span> <span class='ocrx_word' id='word_1_149' title='bbox 904 894 989 923; x_wconf 67' lang='lat' dir='ltr'>esset</span> <span class='ocrx_word' id='word_1_150' title='bbox 1000 891 1025 922; x_wconf 82' lang='lat'>².</span> <span class='ocrx_word' id='word_1_151' title='bbox 1053 892 1138 931; x_wconf 87' lang='lat' dir='ltr'>quod</span> <span class='ocrx_word' id='word_1_152' title='bbox 1159 891 1304 931; x_wconf 80' lang='lat' dir='ltr'>quidem,</span> <span class='ocrx_word' id='word_1_153' title='bbox 1316 892 1429 924; x_wconf 88' lang='lat' dir='ltr'>adver-</span> 
     </span>
     <span class='ocr_line' id='line_1_17' title="bbox 90 939 1429 979; baseline 0 -8"><span class='ocrx_word' id='word_1_154' title='bbox 90 941 184 972; x_wconf 84' lang='lat' dir='ltr'>sante</span> <span class='ocrx_word' id='word_1_155' title='bbox 211 939 404 979; x_wconf 86' lang='lat' dir='ltr'>Agrippina‚</span> <span class='ocrx_word' id='word_1_156' title='bbox 435 941 615 979; x_wconf 77' lang='lat' dir='ltr'>tamquam</span> <span class='ocrx_word' id='word_1_157' title='bbox 648 941 730 971; x_wconf 80' lang='lat' dir='ltr'>acta</span> <span class='ocrx_word' id='word_1_158' title='bbox 770 939 909 971; x_wconf 73' lang='lat' dir='ltr'>Claudii</span> <span class='ocrx_word' id='word_1_159' title='bbox 933 939 1230 978; x_wconf 78' lang='lat' dir='ltr'>subverterentur,</span> <span class='ocrx_word' id='word_1_160' title='bbox 1260 939 1429 972; x_wconf 75' lang='lat' dir='ltr'>obtinuere</span> 
     </span>
     <span class='ocr_line' id='line_1_18' title="bbox 91 986 1429 1027; baseline -0.001 -8"><span class='ocrx_word' id='word_1_161' title='bbox 91 988 225 1019; x_wconf 84' lang='lat' dir='ltr'>Patres:</span> <span class='ocrx_word' id='word_1_162' title='bbox 243 987 300 1027; x_wconf 89' lang='lat' dir='ltr'>qui</span> <span class='ocrx_word' id='word_1_163' title='bbox 319 987 351 1017; x_wconf 91' lang='lat' dir='ltr'>in</span> <span class='ocrx_word' id='word_1_164' title='bbox 369 986 526 1026; x_wconf 86' lang='lat' dir='ltr'>palatium</span> <span class='ocrx_word' id='word_1_165' title='bbox 541 986 583 1016; x_wconf 93' lang='lat' dir='ltr'>ob</span> <span class='ocrx_word' id='word_1_166' title='bbox 604 986 636 1017; x_wconf 92' lang='lat' dir='ltr'>id</span> <span class='ocrx_word' id='word_1_167' title='bbox 654 987 869 1025; x_wconf 85' lang='lat' dir='ltr'>vocabantur,</span> <span class='ocrx_word' id='word_1_168' title='bbox 892 988 928 1016; x_wconf 90' lang='lat' dir='ltr'>ut</span> <span class='ocrx_word' id='word_1_169' title='bbox 944 987 1064 1016; x_wconf 87' lang='lat' dir='ltr'>astaret</span> <span class='ocrx_word' id='word_1_170' title='bbox 1080 986 1198 1017; x_wconf 84' lang='lat' dir='ltr'>abditis</span> <span class='ocrx_word' id='word_1_171' title='bbox 1211 994 1229 1016; x_wconf 87' lang='lat' dir='ltr'>a</span> <span class='ocrx_word' id='word_1_172' title='bbox 1242 988 1331 1025; x_wconf 84' lang='lat' dir='ltr'>tergo</span> <span class='ocrx_word' id='word_1_173' title='bbox 1347 986 1359 1003; x_wconf 77' lang='lat'>³</span> <span class='ocrx_word' id='word_1_174' title='bbox 1379 986 1429 1018; x_wconf 79' lang='lat' dir='ltr'>fo-</span> 
     </span>
     <span class='ocr_line' id='line_1_19' title="bbox 89 1032 1429 1073; baseline -0.001 -7"><span class='ocrx_word' id='word_1_175' title='bbox 89 1034 179 1066; x_wconf 77' lang='lat' dir='ltr'>ribus</span> <span class='ocrx_word' id='word_1_176' title='bbox 197 1033 269 1065; x_wconf 88' lang='lat' dir='ltr'>velo</span> <span class='ocrx_word' id='word_1_177' title='bbox 284 1034 425 1065; x_wconf 87' lang='lat' dir='ltr'>discreta</span> <span class='ocrx_word' id='word_1_178' title='bbox 438 1058 446 1073; x_wconf 95' lang='lat'>‚</span> <span class='ocrx_word' id='word_1_179' title='bbox 471 1033 557 1073; x_wconf 90' lang='lat' dir='ltr'>quod</span> <span class='ocrx_word' id='word_1_180' title='bbox 572 1033 677 1064; x_wconf 91' lang='lat' dir='ltr'>visum</span> <span class='ocrx_word' id='word_1_181' title='bbox 703 1035 842 1071; x_wconf 82' lang='lat' dir='ltr'>arceret,</span> <span class='ocrx_word' id='word_1_182' title='bbox 860 1032 991 1063; x_wconf 86' lang='lat' dir='ltr'>auditus</span> <span class='ocrx_word' id='word_1_183' title='bbox 1008 1042 1072 1063; x_wconf 89' lang='lat' dir='ltr'>non</span> <span class='ocrx_word' id='word_1_184' title='bbox 1096 1033 1262 1063; x_wconf 82' lang='lat' dir='ltr'>adimeret.</span> <span class='ocrx_word' id='word_1_185' title='bbox 1288 1033 1373 1072; x_wconf 89' lang='lat' dir='ltr'>Quin</span> <span class='ocrx_word' id='word_1_186' title='bbox 1396 1035 1429 1065; x_wconf 81' lang='lat' dir='ltr'>et</span> 
     </span>
     <span class='ocr_line' id='line_1_20' title="bbox 89 1079 1427 1122; baseline -0.002 -9"><span class='ocrx_word' id='word_1_187' title='bbox 89 1081 205 1122; x_wconf 83' lang='lat' dir='ltr'>legatis</span> <span class='ocrx_word' id='word_1_188' title='bbox 224 1080 466 1119; x_wconf 86' lang='lat' dir='ltr'>Armeniorum,</span> <span class='ocrx_word' id='word_1_189' title='bbox 485 1089 617 1111; x_wconf 87' lang='lat' dir='ltr'>causam</span> <span class='ocrx_word' id='word_1_190' title='bbox 634 1080 741 1119; x_wconf 76' lang='lat' dir='ltr'>gentis</span> <span class='ocrx_word' id='word_1_191' title='bbox 761 1079 844 1119; x_wconf 88' lang='lat' dir='ltr'>apud</span> <span class='ocrx_word' id='word_1_192' title='bbox 868 1083 1027 1110; x_wconf 74' lang='lat' dir='ltr'>Neronem</span> <span class='ocrx_word' id='word_1_193' title='bbox 1050 1080 1236 1118; x_wconf 76' lang='lat' dir='ltr'>orantibus,</span> <span class='ocrx_word' id='word_1_194' title='bbox 1258 1080 1427 1110; x_wconf 77' lang='lat' dir='ltr'>escendere</span> 
     </span>
     <span class='ocr_line' id='line_1_21' title="bbox 89 1126 1429 1168; baseline -0.001 -8"><span class='ocrx_word' id='word_1_195' title='bbox 89 1131 276 1168; x_wconf 78' lang='lat' dir='ltr'>suggestum</span> <span class='ocrx_word' id='word_1_196' title='bbox 296 1127 504 1167; x_wconf 86' lang='lat' dir='ltr'>Imperatoris</span> <span class='ocrx_word' id='word_1_197' title='bbox 526 1129 558 1157; x_wconf 89' lang='lat' dir='ltr'>et</span> <span class='ocrx_word' id='word_1_198' title='bbox 583 1127 754 1166; x_wconf 84' lang='lat' dir='ltr'>praesidere</span> <span class='ocrx_word' id='word_1_199' title='bbox 777 1126 873 1156; x_wconf 89' lang='lat' dir='ltr'>simul</span> <span class='ocrx_word' id='word_1_200' title='bbox 892 1126 1041 1165; x_wconf 85' lang='lat' dir='ltr'>parabat,</span> <span class='ocrx_word' id='word_1_201' title='bbox 1064 1126 1145 1164; x_wconf 86' lang='lat' dir='ltr'>nisi,</span> <span class='ocrx_word' id='word_1_202' title='bbox 1171 1126 1286 1157; x_wconf 86' lang='lat' dir='ltr'>ceteris</span> <span class='ocrx_word' id='word_1_203' title='bbox 1309 1135 1429 1166; x_wconf 87' lang='lat' dir='ltr'>pavore</span> 
     </span>
     <span class='ocr_line' id='line_1_22' title="bbox 86 1173 1427 1214; baseline -0.001 -8"><span class='ocrx_word' id='word_1_204' title='bbox 86 1175 204 1206; x_wconf 74' lang='lat' dir='ltr'>defixis</span> <span class='ocrx_word' id='word_1_205' title='bbox 215 1199 224 1213; x_wconf 92' lang='lat'>,</span> <span class='ocrx_word' id='word_1_206' title='bbox 242 1178 360 1206; x_wconf 88' lang='lat' dir='ltr'>Seneca</span> <span class='ocrx_word' id='word_1_207' title='bbox 377 1173 613 1213; x_wconf 77' lang='lat' dir='ltr'>admonuisset,</span> <span class='ocrx_word' id='word_1_208' title='bbox 629 1175 778 1204; x_wconf 74' lang='lat' dir='ltr'>venienti</span> <span class='ocrx_word' id='word_1_209' title='bbox 794 1175 904 1204; x_wconf 79' lang='lat' dir='ltr'>matri</span> <span class='ocrx_word' id='word_1_210' title='bbox 917 1175 1124 1204; x_wconf 76' lang='lat' dir='ltr'>occurreret.</span> <span class='ocrx_word' id='word_1_211' title='bbox 1142 1173 1187 1203; x_wconf 87' lang='lat' dir='ltr'>ita</span> <span class='ocrx_word' id='word_1_212' title='bbox 1205 1173 1309 1213; x_wconf 82' lang='lat' dir='ltr'>specie</span> <span class='ocrx_word' id='word_1_213' title='bbox 1322 1173 1427 1214; x_wconf 83' lang='lat' dir='ltr'>pieta·</span> 
     </span>
     <span class='ocr_line' id='line_1_23' title="bbox 100 1221 560 1254; baseline -0.009 0"><span class='ocrx_word' id='word_1_214' title='bbox 100 1222 129 1254; x_wconf 86' lang='lat' dir='ltr'>is</span> <span class='ocrx_word' id='word_1_215' title='bbox 147 1222 277 1253; x_wconf 87' lang='lat' dir='ltr'>obviam</span> <span class='ocrx_word' id='word_1_216' title='bbox 295 1222 378 1252; x_wconf 90' lang='lat' dir='ltr'>itum</span> <span class='ocrx_word' id='word_1_217' title='bbox 396 1221 560 1251; x_wconf 82' lang='lat' dir='ltr'>dedecori.</span> 
     </span>
    </p>

    <p class='ocr_par' dir='ltr' id='par_1_4' title="bbox 87 1267 1430 2013">
     <span class='ocr_line' id='line_1_24' title="bbox 130 1267 1428 1307; baseline -0.002 -6"><span class='ocrx_word' id='word_1_218' title='bbox 130 1273 184 1301; x_wconf 91' lang='lat' dir='ltr'>VI.</span> <span class='ocrx_word' id='word_1_219' title='bbox 210 1270 286 1300; x_wconf 86' lang='lat' dir='ltr'>Fine</span> <span class='ocrx_word' id='word_1_220' title='bbox 303 1268 379 1299; x_wconf 87' lang='lat' dir='ltr'>anni</span> <span class='ocrx_word' id='word_1_221' title='bbox 395 1267 536 1299; x_wconf 87' lang='lat' dir='ltr'>turbidis</span> <span class='ocrx_word' id='word_1_222' title='bbox 551 1267 736 1298; x_wconf 86' lang='lat' dir='ltr'>rumoribus</span> <span class='ocrx_word' id='word_1_223' title='bbox 747 1268 950 1307; x_wconf 78' lang='lat' dir='ltr'>prorupisse</span> <span class='ocrx_word' id='word_1_224' title='bbox 969 1274 1113 1298; x_wconf 85' lang='lat' dir='ltr'>rursum</span> <span class='ocrx_word' id='word_1_225' title='bbox 1132 1267 1281 1298; x_wconf 80' lang='lat' dir='ltr'>Parthos</span> <span class='ocrx_word' id='word_1_226' title='bbox 1297 1269 1330 1299; x_wconf 81' lang='lat' dir='ltr'>et</span> <span class='ocrx_word' id='word_1_227' title='bbox 1347 1269 1428 1307; x_wconf 80' lang='lat' dir='ltr'>rapi</span> 
     </span>
     <span class='ocr_line' id='line_1_25' title="bbox 89 1313 1426 1354; baseline -0.003 -5"><span class='ocrx_word' id='word_1_228' title='bbox 89 1318 292 1350; x_wconf 78' lang='lat' dir='ltr'>Armeniam</span> <span class='ocrx_word' id='word_1_229' title='bbox 309 1315 443 1346; x_wconf 80' lang='lat' dir='ltr'>allatum</span> <span class='ocrx_word' id='word_1_230' title='bbox 457 1318 517 1353; x_wconf 81' lang='lat' dir='ltr'>est,</span> <span class='ocrx_word' id='word_1_231' title='bbox 532 1315 633 1354; x_wconf 78' lang='lat' dir='ltr'>pulso</span> <span class='ocrx_word' id='word_1_232' title='bbox 651 1314 893 1354; x_wconf 79' lang='lat' dir='ltr'>Rhadamisio‚</span> <span class='ocrx_word' id='word_1_233' title='bbox 906 1314 960 1353; x_wconf 83' lang='lat' dir='ltr'>qui</span> <span class='ocrx_word' id='word_1_234' title='bbox 978 1313 1081 1353; x_wconf 80' lang='lat' dir='ltr'>saepe&#39;</span> <span class='ocrx_word' id='word_1_235' title='bbox 1101 1314 1187 1353; x_wconf 85' lang='lat' dir='ltr'>regni</span> <span class='ocrx_word' id='word_1_236' title='bbox 1205 1314 1274 1353; x_wconf 84' lang='lat' dir='ltr'>ejus</span> <span class='ocrx_word' id='word_1_237' title='bbox 1291 1314 1426 1354; x_wconf 87' lang='lat' dir='ltr'>potituS‚</span> 
     </span>
     <span class='ocr_line' id='line_1_26' title="bbox 88 1360 1428 1403; baseline -0.004 -7"><span class='ocrx_word' id='word_1_238' title='bbox 88 1364 165 1396; x_wconf 85' lang='lat' dir='ltr'>dein</span> <span class='ocrx_word' id='word_1_239' title='bbox 182 1364 338 1403; x_wconf 72' lang='lat' dir='ltr'>profugus</span> <span class='ocrx_word' id='word_1_240' title='bbox 351 1386 359 1401; x_wconf 92' lang='lat'>‚</span> <span class='ocrx_word' id='word_1_241' title='bbox 382 1365 453 1392; x_wconf 88' lang='lat' dir='ltr'>tum</span> <span class='ocrx_word' id='word_1_242' title='bbox 477 1371 604 1401; x_wconf 78' lang='lat' dir='ltr'>quoque</span> <span class='ocrx_word' id='word_1_243' title='bbox 622 1361 739 1392; x_wconf 82' lang='lat' dir='ltr'>bellum</span> <span class='ocrx_word' id='word_1_244' title='bbox 757 1361 950 1392; x_wconf 84' lang='lat' dir='ltr'>deseruerat.</span> <span class='ocrx_word' id='word_1_245' title='bbox 972 1361 1068 1400; x_wconf 80' lang='lat' dir='ltr'>igitur</span> <span class='ocrx_word' id='word_1_246' title='bbox 1085 1360 1119 1391; x_wconf 90' lang='lat' dir='ltr'>in</span> <span class='ocrx_word' id='word_1_247' title='bbox 1139 1361 1221 1392; x_wconf 84' lang='lat' dir='ltr'>Urbe</span> <span class='ocrx_word' id='word_1_248' title='bbox 1240 1369 1428 1392; x_wconf 87' lang='lat' dir='ltr'>sermonum</span> 
     </span>
     <span class='ocr_line' id='line_1_27' title="bbox 91 1407 1427 1449; baseline -0.002 -7"><span class='ocrx_word' id='word_1_249' title='bbox 91 1411 188 1443; x_wconf 80' lang='lat' dir='ltr'>avida</span> <span class='ocrx_word' id='word_1_250' title='bbox 202 1434 210 1448; x_wconf 87' lang='lat'>‚</span> <span class='ocrx_word' id='word_1_251' title='bbox 236 1423 250 1436; x_wconf 88' lang='lat'>«</span> <span class='ocrx_word' id='word_1_252' title='bbox 267 1408 541 1449; x_wconf 85' lang='lat' dir='ltr'>quemadmodum</span> <span class='ocrx_word' id='word_1_253' title='bbox 559 1409 713 1448; x_wconf 82' lang='lat' dir='ltr'>Princeps</span> <span class='ocrx_word' id='word_1_254' title='bbox 731 1408 786 1438; x_wconf 82' lang='lat' dir='ltr'>vix</span> <span class='ocrx_word' id='word_1_255' title='bbox 804 1407 1031 1447; x_wconf 87' lang='lat' dir='ltr'>septemdecim</span> <span class='ocrx_word' id='word_1_256' title='bbox 1050 1416 1150 1438; x_wconf 90' lang='lat' dir='ltr'>annos</span> <span class='ocrx_word' id='word_1_257' title='bbox 1168 1416 1312 1447; x_wconf 78' lang='lat' dir='ltr'>egressus</span> <span class='ocrx_word' id='word_1_258' title='bbox 1327 1409 1427 1439; x_wconf 90' lang='lat' dir='ltr'>susci-</span> 
     </span>
     <span class='ocr_line' id='line_1_28' title="bbox 91 1453 1426 1499; baseline -0.001 -11"><span class='ocrx_word' id='word_1_259' title='bbox 91 1471 109 1487; x_wconf 71' lang='grc' dir='ltr'><strong>α</strong></span> <span class='ocrx_word' id='word_1_260' title='bbox 127 1467 203 1499; x_wconf 74' lang='lat' dir='ltr'>pere</span> <span class='ocrx_word' id='word_1_261' title='bbox 218 1466 288 1488; x_wconf 80' lang='lat' dir='ltr'>eam</span> <span class='ocrx_word' id='word_1_262' title='bbox 303 1456 421 1486; x_wconf 86' lang='lat' dir='ltr'>molem</span> <span class='ocrx_word' id='word_1_263' title='bbox 437 1453 494 1486; x_wconf 80' lang='lat' dir='ltr'>aut</span> <span class='ocrx_word' id='word_1_264' title='bbox 511 1455 697 1495; x_wconf 79' lang='lat' dir='ltr'>propulsare</span> <span class='ocrx_word' id='word_1_265' title='bbox 714 1458 823 1494; x_wconf 83' lang='lat' dir='ltr'>posset</span> <span class='ocrx_word' id='word_1_266' title='bbox 837 1458 849 1486; x_wconf 72' lang='grc' dir='ltr'><strong><em>Ρ</em></strong></span> <span class='ocrx_word' id='word_1_267' title='bbox 864 1455 952 1495; x_wconf 88' lang='lat' dir='ltr'>quod</span> <span class='ocrx_word' id='word_1_268' title='bbox 969 1454 1149 1485; x_wconf 83' lang='lat' dir='ltr'>subsidium</span> <span class='ocrx_word' id='word_1_269' title='bbox 1166 1455 1198 1485; x_wconf 89' lang='lat' dir='ltr'>in</span> <span class='ocrx_word' id='word_1_270' title='bbox 1216 1464 1254 1486; x_wconf 80' lang='lat' dir='ltr'>eo</span> <span class='ocrx_word' id='word_1_271' title='bbox 1268 1455 1323 1494; x_wconf 81' lang='lat' dir='ltr'>qui</span> <span class='ocrx_word' id='word_1_272' title='bbox 1342 1464 1360 1485; x_wconf 90' lang='lat' dir='ltr'>a</span> <span class='ocrx_word' id='word_1_273' title='bbox 1378 1455 1426 1486; x_wconf 84' lang='lat' dir='ltr'>se-</span> 
     </span>
     <span class='ocr_line' id='line_1_29' title="bbox 90 1501 1428 1543; baseline 0 -10"><span class='ocrx_word' id='word_1_274' title='bbox 90 1516 109 1533; x_wconf 72' lang='lat'><strong>«</strong></span> <span class='ocrx_word' id='word_1_275' title='bbox 126 1506 214 1536; x_wconf 86' lang='lat' dir='ltr'>mina</span> <span class='ocrx_word' id='word_1_276' title='bbox 232 1505 417 1543; x_wconf 77' lang='lat' dir='ltr'>regeretur?</span> <span class='ocrx_word' id='word_1_277' title='bbox 431 1511 508 1533; x_wconf 89' lang='lat' dir='ltr'>num</span> <span class='ocrx_word' id='word_1_278' title='bbox 532 1502 643 1541; x_wconf 69' lang='lat' dir='ltr'>proelia</span> <span class='ocrx_word' id='word_1_279' title='bbox 661 1510 790 1541; x_wconf 89' lang='lat' dir='ltr'>quoque</span> <span class='ocrx_word' id='word_1_280' title='bbox 810 1505 842 1533; x_wconf 90' lang='lat' dir='ltr'>et</span> <span class='ocrx_word' id='word_1_281' title='bbox 855 1501 1109 1541; x_wconf 82' lang='lat' dir='ltr'>oppugnationes</span> <span class='ocrx_word' id='word_1_282' title='bbox 1127 1501 1257 1532; x_wconf 90' lang='lat' dir='ltr'>urbium</span> <span class='ocrx_word' id='word_1_283' title='bbox 1276 1504 1308 1532; x_wconf 87' lang='lat' dir='ltr'>et</span> <span class='ocrx_word' id='word_1_284' title='bbox 1320 1503 1428 1533; x_wconf 84' lang='lat' dir='ltr'>cetera</span> 
     </span>
     <span class='ocr_line' id='line_1_30' title="bbox 92 1548 1428 1591; baseline -0.002 -8"><span class='ocrx_word' id='word_1_285' title='bbox 92 1564 109 1580; x_wconf 68' lang='grc' dir='ltr'>ι</span> <span class='ocrx_word' id='word_1_286' title='bbox 126 1552 201 1584; x_wconf 89' lang='lat' dir='ltr'>belli</span> <span class='ocrx_word' id='word_1_287' title='bbox 231 1560 288 1591; x_wconf 90' lang='lat' dir='ltr'>per</span> <span class='ocrx_word' id='word_1_288' title='bbox 316 1550 488 1589; x_wconf 76' lang='lat' dir='ltr'>magistros</span> <span class='ocrx_word' id='word_1_289' title='bbox 515 1549 735 1579; x_wconf 84' lang='lat' dir='ltr'>administrari</span> <span class='ocrx_word' id='word_1_290' title='bbox 766 1551 913 1588; x_wconf 86' lang='lat' dir='ltr'>possent,</span> <span class='ocrx_word' id='word_1_291' title='bbox 932 1562 947 1575; x_wconf 72' lang='grc' dir='ltr'>υ</span> <span class='ocrx_word' id='word_1_292' title='bbox 976 1548 1199 1587; x_wconf 82' lang='lat' dir='ltr'>anquirebant.</span> <span class='ocrx_word' id='word_1_293' title='bbox 1224 1550 1342 1579; x_wconf 87' lang='lat' dir='ltr'>Contra</span> <span class='ocrx_word' id='word_1_294' title='bbox 1373 1549 1428 1581; x_wconf 80' lang='lat' dir='ltr'>alii</span> 
     </span>
     <span class='ocr_line' id='line_1_31' title="bbox 90 1595 1428 1635; baseline -0.003 -5"><span class='ocrx_word' id='word_1_295' title='bbox 90 1611 108 1631; x_wconf 67' lang='grc' dir='ltr'>σς</span> <span class='ocrx_word' id='word_1_296' title='bbox 125 1599 241 1630; x_wconf 88' lang='lat' dir='ltr'>melius</span> <span class='ocrx_word' id='word_1_297' title='bbox 255 1597 399 1629; x_wconf 79' lang='lat' dir='ltr'>evenisse</span> <span class='ocrx_word' id='word_1_298' title='bbox 416 1609 430 1623; x_wconf 62' lang='lat'>³&gt;</span> <span class='ocrx_word' id='word_1_299' title='bbox 446 1597 622 1635; x_wconf 86' lang='lat' dir='ltr'>disserunt,</span> <span class='ocrx_word' id='word_1_300' title='bbox 643 1608 657 1622; x_wconf 87' lang='lat'>«</span> <span class='ocrx_word' id='word_1_301' title='bbox 667 1605 765 1635; x_wconf 83' lang='lat' dir='ltr'>quam</span> <span class='ocrx_word' id='word_1_302' title='bbox 779 1596 805 1627; x_wconf 88' lang='lat' dir='ltr'>si</span> <span class='ocrx_word' id='word_1_303' title='bbox 821 1595 984 1626; x_wconf 87' lang='lat' dir='ltr'>invalidus</span> <span class='ocrx_word' id='word_1_304' title='bbox 999 1598 1127 1626; x_wconf 84' lang='lat' dir='ltr'>senecta</span> <span class='ocrx_word' id='word_1_305' title='bbox 1141 1597 1172 1626; x_wconf 86' lang='lat' dir='ltr'>et</span> <span class='ocrx_word' id='word_1_306' title='bbox 1191 1595 1317 1635; x_wconf 79' lang='lat' dir='ltr'>ignavia</span> <span class='ocrx_word' id='word_1_307' title='bbox 1331 1596 1428 1627; x_wconf 85' lang='lat' dir='ltr'>Clau-</span> 
     </span>
     <span class='ocr_line' id='line_1_32' title="bbox 92 1642 1425 1682; baseline -0.002 -5"><span class='ocrx_word' id='word_1_308' title='bbox 92 1656 110 1676; x_wconf 73' lang='lat'><strong>«</strong></span> <span class='ocrx_word' id='word_1_309' title='bbox 129 1646 202 1677; x_wconf 85' lang='lat' dir='ltr'>dius</span> <span class='ocrx_word' id='word_1_310' title='bbox 230 1645 357 1676; x_wconf 81' lang='lat' dir='ltr'>militiae</span> <span class='ocrx_word' id='word_1_311' title='bbox 379 1643 420 1674; x_wconf 86' lang='lat' dir='ltr'>ad</span> <span class='ocrx_word' id='word_1_312' title='bbox 450 1643 575 1674; x_wconf 85' lang='lat' dir='ltr'>labores</span> <span class='ocrx_word' id='word_1_313' title='bbox 596 1645 780 1681; x_wconf 85' lang='lat' dir='ltr'>vocaretur,</span> <span class='ocrx_word' id='word_1_314' title='bbox 800 1642 974 1673; x_wconf 77' lang='lat' dir='ltr'>servilibus</span> <span class='ocrx_word' id='word_1_315' title='bbox 1000 1642 1101 1682; x_wconf 87' lang='lat' dir='ltr'>jussis</span> <span class='ocrx_word' id='word_1_316' title='bbox 1130 1642 1425 1682; x_wconf 84' lang='lat' dir='ltr'>obtemperaturus.</span> 
     </span>
     <span class='ocr_line' id='line_1_33' title="bbox 92 1689 1428 1729; baseline -0.003 -4"><span class='ocrx_word' id='word_1_317' title='bbox 92 1706 110 1724; x_wconf 68' lang='grc' dir='ltr'><strong>α</strong></span> <span class='ocrx_word' id='word_1_318' title='bbox 127 1697 266 1725; x_wconf 88' lang='lat' dir='ltr'>Burrum</span> <span class='ocrx_word' id='word_1_319' title='bbox 282 1695 391 1722; x_wconf 87' lang='lat' dir='ltr'>tamen</span> <span class='ocrx_word' id='word_1_320' title='bbox 416 1693 448 1721; x_wconf 86' lang='lat' dir='ltr'>et</span> <span class='ocrx_word' id='word_1_321' title='bbox 471 1694 624 1722; x_wconf 75' lang='lat' dir='ltr'>Senecam</span> <span class='ocrx_word' id='word_1_322' title='bbox 651 1689 827 1721; x_wconf 87' lang='lat' dir='ltr'>multarum</span> <span class='ocrx_word' id='word_1_323' title='bbox 853 1698 961 1720; x_wconf 89' lang='lat' dir='ltr'>rerum</span> <span class='ocrx_word' id='word_1_324' title='bbox 982 1689 1179 1729; x_wconf 76' lang='lat' dir='ltr'>experientia</span> <span class='ocrx_word' id='word_1_325' title='bbox 1200 1690 1369 1728; x_wconf 56' lang='lat' dir='ltr'>counitos;</span> <span class='ocrx_word' id='word_1_326' title='bbox 1394 1692 1428 1721; x_wconf 86' lang='lat' dir='ltr'>et</span> 
     </span>
     <span class='ocr_line' id='line_1_34' title="bbox 94 1736 1427 1780; baseline 0 -11"><span class='ocrx_word' id='word_1_327' title='bbox 94 1753 112 1769; x_wconf 71' lang='grc' dir='ltr'>«ι</span> <span class='ocrx_word' id='word_1_328' title='bbox 128 1738 321 1780; x_wconf 86' lang='lat' dir='ltr'>Imperatori</span> <span class='ocrx_word' id='word_1_329' title='bbox 342 1739 499 1777; x_wconf 82' lang='lat' dir='ltr'>quantum</span> <span class='ocrx_word' id='word_1_330' title='bbox 519 1737 558 1767; x_wconf 87' lang='lat' dir='ltr'>ad</span> <span class='ocrx_word' id='word_1_331' title='bbox 579 1737 677 1767; x_wconf 90' lang='lat' dir='ltr'>robur</span> <span class='ocrx_word' id='word_1_332' title='bbox 692 1736 821 1773; x_wconf 81' lang='lat' dir='ltr'>deesse,</span> <span class='ocrx_word' id='word_1_333' title='bbox 842 1745 943 1776; x_wconf 89' lang='lat' dir='ltr'>quum</span> <span class='ocrx_word' id='word_1_334' title='bbox 957 1736 1201 1767; x_wconf 81' lang='lat' dir='ltr'>octavodecimo</span> <span class='ocrx_word' id='word_1_335' title='bbox 1216 1737 1321 1767; x_wconf 83' lang='lat' dir='ltr'>aetatis</span> <span class='ocrx_word' id='word_1_336' title='bbox 1343 1746 1427 1769; x_wconf 85' lang='lat' dir='ltr'>anno</span> 
     </span>
     <span class='ocr_line' id='line_1_35' title="bbox 93 1783 1428 1825; baseline 0 -9"><span class='ocrx_word' id='word_1_337' title='bbox 93 1799 111 1817; x_wconf 89' lang='lat'>«</span> <span class='ocrx_word' id='word_1_338' title='bbox 129 1791 186 1820; x_wconf 87' lang='lat' dir='ltr'>Cn.</span> <span class='ocrx_word' id='word_1_339' title='bbox 206 1786 391 1825; x_wconf 85' lang='lat' dir='ltr'>Pompeius,</span> <span class='ocrx_word' id='word_1_340' title='bbox 408 1784 623 1815; x_wconf 82' lang='lat' dir='ltr'>nonodecimo</span> <span class='ocrx_word' id='word_1_341' title='bbox 639 1788 745 1815; x_wconf 81' lang='lat' dir='ltr'>Caesar</span> <span class='ocrx_word' id='word_1_342' title='bbox 761 1783 959 1815; x_wconf 87' lang='lat' dir='ltr'>Octavianus</span> <span class='ocrx_word' id='word_1_343' title='bbox 977 1783 1082 1814; x_wconf 90' lang='lat' dir='ltr'>civilia</span> <span class='ocrx_word' id='word_1_344' title='bbox 1094 1783 1174 1814; x_wconf 86' lang='lat' dir='ltr'>bella</span> <span class='ocrx_word' id='word_1_345' title='bbox 1192 1784 1428 1817; x_wconf 83' lang='lat' dir='ltr'>sustinuerint?</span> 
     </span>
     <span class='ocr_line' id='line_1_36' title="bbox 90 1829 1427 1873; baseline -0.001 -9"><span class='ocrx_word' id='word_1_346' title='bbox 90 1848 107 1864; x_wconf 88' lang='lat'>«</span> <span class='ocrx_word' id='word_1_347' title='bbox 124 1835 277 1873; x_wconf 83' lang='lat' dir='ltr'>Pleraque</span> <span class='ocrx_word' id='word_1_348' title='bbox 292 1833 324 1863; x_wconf 87' lang='lat' dir='ltr'>in</span> <span class='ocrx_word' id='word_1_349' title='bbox 341 1841 468 1862; x_wconf 88' lang='lat' dir='ltr'>summa</span> <span class='ocrx_word' id='word_1_350' title='bbox 487 1832 616 1862; x_wconf 78' lang='lat' dir='ltr'>fortuna</span> <span class='ocrx_word' id='word_1_351' title='bbox 639 1831 792 1871; x_wconf 80' lang='lat' dir='ltr'>auspiciis</span> <span class='ocrx_word' id='word_1_352' title='bbox 811 1833 844 1861; x_wconf 84' lang='lat' dir='ltr'>et</span> <span class='ocrx_word' id='word_1_353' title='bbox 876 1830 1018 1861; x_wconf 82' lang='lat' dir='ltr'>consiliis</span> <span class='ocrx_word' id='word_1_354' title='bbox 1032 1829 1043 1847; x_wconf 84' lang='lat'><strong>²</strong></span> <span class='ocrx_word' id='word_1_355' title='bbox 1065 1839 1163 1870; x_wconf 86' lang='lat' dir='ltr'>quam</span> <span class='ocrx_word' id='word_1_356' title='bbox 1184 1831 1255 1862; x_wconf 84' lang='lat' dir='ltr'>telis</span> <span class='ocrx_word' id='word_1_357' title='bbox 1272 1832 1305 1862; x_wconf 89' lang='lat' dir='ltr'>et</span> <span class='ocrx_word' id='word_1_358' title='bbox 1323 1832 1427 1863; x_wconf 88' lang='lat' dir='ltr'>mani-</span> 
     </span>
     <span class='ocr_line' id='line_1_37' title="bbox 89 1878 1428 1920; baseline -0.001 -8"><span class='ocrx_word' id='word_1_359' title='bbox 89 1897 105 1912; x_wconf 78' lang='lat'>«</span> <span class='ocrx_word' id='word_1_360' title='bbox 125 1882 187 1914; x_wconf 89' lang='lat' dir='ltr'>bus</span> <span class='ocrx_word' id='word_1_361' title='bbox 216 1881 293 1920; x_wconf 83' lang='lat' dir='ltr'>geri.</span> <span class='ocrx_word' id='word_1_362' title='bbox 321 1881 475 1910; x_wconf 81' lang='lat' dir='ltr'>daturum</span> <span class='ocrx_word' id='word_1_363' title='bbox 502 1879 596 1918; x_wconf 88' lang='lat' dir='ltr'>plane</span> <span class='ocrx_word' id='word_1_364' title='bbox 623 1879 855 1909; x_wconf 78' lang='lat' dir='ltr'>documentum</span> <span class='ocrx_word' id='word_1_365' title='bbox 868 1902 876 1917; x_wconf 92' lang='lat'>,</span> <span class='ocrx_word' id='word_1_366' title='bbox 905 1878 1049 1908; x_wconf 82' lang='lat' dir='ltr'>honestis</span> <span class='ocrx_word' id='word_1_367' title='bbox 1062 1901 1071 1917; x_wconf 91' lang='lat'>‚</span> <span class='ocrx_word' id='word_1_368' title='bbox 1103 1886 1142 1908; x_wconf 90' lang='lat' dir='ltr'>an</span> <span class='ocrx_word' id='word_1_369' title='bbox 1171 1887 1284 1918; x_wconf 79' lang='lat' dir='ltr'>secuS,</span> <span class='ocrx_word' id='word_1_370' title='bbox 1312 1879 1428 1911; x_wconf 85' lang='lat' dir='ltr'>amicis</span> 
     </span>
     <span class='ocr_line' id='line_1_38' title="bbox 87 1924 1430 1966; baseline -0.001 -8"><span class='ocrx_word' id='word_1_371' title='bbox 87 1944 104 1959; x_wconf 65' lang='grc' dir='ltr'>«ι</span> <span class='ocrx_word' id='word_1_372' title='bbox 125 1931 285 1966; x_wconf 90' lang='lat' dir='ltr'>uteretur,</span> <span class='ocrx_word' id='word_1_373' title='bbox 300 1927 326 1958; x_wconf 88' lang='lat' dir='ltr'>si</span> <span class='ocrx_word' id='word_1_374' title='bbox 341 1926 458 1957; x_wconf 88' lang='lat' dir='ltr'>ducem</span> <span class='ocrx_word' id='word_1_375' title='bbox 475 1928 583 1957; x_wconf 83' lang='lat' dir='ltr'>amota</span> <span class='ocrx_word' id='word_1_376' title='bbox 599 1925 722 1956; x_wconf 84' lang='lat' dir='ltr'>invidia</span> <span class='ocrx_word' id='word_1_377' title='bbox 739 1925 921 1965; x_wconf 75' lang='lat' dir='ltr'>egregium,</span> <span class='ocrx_word' id='word_1_378' title='bbox 939 1933 1037 1965; x_wconf 88' lang='lat' dir='ltr'>quam</span> <span class='ocrx_word' id='word_1_379' title='bbox 1054 1924 1081 1956; x_wconf 88' lang='lat' dir='ltr'>si</span> <span class='ocrx_word' id='word_1_380' title='bbox 1095 1926 1305 1965; x_wconf 91' lang='lat' dir='ltr'>pecuniosum</span> <span class='ocrx_word' id='word_1_381' title='bbox 1316 1927 1349 1957; x_wconf 85' lang='lat' dir='ltr'>et</span> <span class='ocrx_word' id='word_1_382' title='bbox 1360 1933 1430 1966; x_wconf 83' lang='lat' dir='ltr'>gra·</span> 
     </span>
     <span class='ocr_line' id='line_1_39' title="bbox 89 1972 823 2013; baseline -0.007 -6"><span class='ocrx_word' id='word_1_383' title='bbox 89 1989 105 2003; x_wconf 72' lang='lat' dir='ltr'>a</span> <span class='ocrx_word' id='word_1_384' title='bbox 125 1976 171 2008; x_wconf 86' lang='lat' dir='ltr'>tia</span> <span class='ocrx_word' id='word_1_385' title='bbox 188 1975 365 2006; x_wconf 83' lang='lat' dir='ltr'>subnixum</span> <span class='ocrx_word' id='word_1_386' title='bbox 380 1982 437 2013; x_wconf 86' lang='lat' dir='ltr'>per</span> <span class='ocrx_word' id='word_1_387' title='bbox 454 1973 612 2003; x_wconf 87' lang='lat' dir='ltr'>ambitum</span> <span class='ocrx_word' id='word_1_388' title='bbox 629 1972 823 2011; x_wconf 80' lang='lat' dir='ltr'>deligeret.»</span> 
     </span>
    </p>

    <p class='ocr_par' dir='ltr' id='par_1_5' title="bbox 86 2018 1428 2202">
     <span class='ocr_line' id='line_1_40' title="bbox 131 2018 1428 2060; baseline -0.002 -7"><span class='ocrx_word' id='word_1_389' title='bbox 131 2025 202 2053; x_wconf 82' lang='lat' dir='ltr'>VII.</span> <span class='ocrx_word' id='word_1_390' title='bbox 226 2025 302 2052; x_wconf 84' lang='lat' dir='ltr'>Haec</span> <span class='ocrx_word' id='word_1_391' title='bbox 319 2024 415 2060; x_wconf 87' lang='lat' dir='ltr'>atque</span> <span class='ocrx_word' id='word_1_392' title='bbox 441 2019 517 2050; x_wconf 86' lang='lat' dir='ltr'>talia</span> <span class='ocrx_word' id='word_1_393' title='bbox 537 2018 765 2059; x_wconf 81' lang='lat' dir='ltr'>vulgantibus,</span> <span class='ocrx_word' id='word_1_394' title='bbox 793 2023 876 2050; x_wconf 82' lang='lat' dir='ltr'>Nero</span> <span class='ocrx_word' id='word_1_395' title='bbox 901 2020 933 2049; x_wconf 86' lang='lat' dir='ltr'>et</span> <span class='ocrx_word' id='word_1_396' title='bbox 956 2018 1175 2057; x_wconf 85' lang='lat' dir='ltr'>juventutem,</span> <span class='ocrx_word' id='word_1_397' title='bbox 1192 2018 1356 2058; x_wconf 84' lang='lat' dir='ltr'>proximas</span> <span class='ocrx_word' id='word_1_398' title='bbox 1371 2027 1428 2058; x_wconf 86' lang='lat' dir='ltr'>per</span> 
     </span>
     <span class='ocr_line' id='line_1_41' title="bbox 87 2065 1427 2111; baseline -0.004 -11"><span class='ocrx_word' id='word_1_399' title='bbox 87 2068 272 2111; x_wconf 83' lang='lat' dir='ltr'>provincias</span> <span class='ocrx_word' id='word_1_400' title='bbox 289 2067 459 2107; x_wconf 85' lang='lat' dir='ltr'>quaesitam</span> <span class='ocrx_word' id='word_1_401' title='bbox 473 2091 482 2106; x_wconf 92' lang='lat'>,</span> <span class='ocrx_word' id='word_1_402' title='bbox 497 2066 685 2107; x_wconf 86' lang='lat' dir='ltr'>supplendis</span> <span class='ocrx_word' id='word_1_403' title='bbox 702 2065 844 2097; x_wconf 87' lang='lat' dir='ltr'>Orientis</span> <span class='ocrx_word' id='word_1_404' title='bbox 865 2065 1047 2104; x_wconf 84' lang='lat' dir='ltr'>legionibus</span> <span class='ocrx_word' id='word_1_405' title='bbox 1060 2065 1251 2104; x_wconf 87' lang='lat' dir='ltr'>admovere,</span> <span class='ocrx_word' id='word_1_406' title='bbox 1271 2065 1427 2104; x_wconf 83' lang='lat' dir='ltr'>legiones-</span> 
     </span>
     <span class='ocr_line' id='line_1_42' title="bbox 86 2111 1425 2157; baseline -0.003 -9"><span class='ocrx_word' id='word_1_407' title='bbox 86 2125 150 2157; x_wconf 87' lang='lat' dir='ltr'>que</span> <span class='ocrx_word' id='word_1_408' title='bbox 179 2116 266 2155; x_wconf 89' lang='lat' dir='ltr'>ipsas</span> <span class='ocrx_word' id='word_1_409' title='bbox 290 2114 422 2154; x_wconf 89' lang='lat' dir='ltr'>propius</span> <span class='ocrx_word' id='word_1_410' title='bbox 454 2114 638 2144; x_wconf 87' lang='lat' dir='ltr'>Armeniam</span> <span class='ocrx_word' id='word_1_411' title='bbox 666 2112 819 2144; x_wconf 89' lang='lat' dir='ltr'>collocari</span> <span class='ocrx_word' id='word_1_412' title='bbox 845 2112 959 2152; x_wconf 84' lang='lat' dir='ltr'>jubet,</span> <span class='ocrx_word' id='word_1_413' title='bbox 990 2111 1135 2151; x_wconf 88' lang='lat' dir='ltr'>duosque</span> <span class='ocrx_word' id='word_1_414' title='bbox 1163 2114 1287 2143; x_wconf 86' lang='lat' dir='ltr'>veteres</span> <span class='ocrx_word' id='word_1_415' title='bbox 1317 2121 1425 2152; x_wconf 80' lang='lat' dir='ltr'>regeS‚</span> 
     </span>
     <span class='ocr_line' id='line_1_43' title="bbox 86 2158 1427 2202; baseline -0.002 -9"><span class='ocrx_word' id='word_1_416' title='bbox 86 2162 274 2202; x_wconf 84' lang='lat' dir='ltr'>Agrippam¹</span> <span class='ocrx_word' id='word_1_417' title='bbox 305 2163 337 2192; x_wconf 87' lang='lat' dir='ltr'>et</span> <span class='ocrx_word' id='word_1_418' title='bbox 354 2161 547 2192; x_wconf 81' lang='lat' dir='ltr'>Antiochum</span> <span class='ocrx_word' id='word_1_419' title='bbox 561 2160 587 2199; x_wconf 84' lang='lat'>²,</span> <span class='ocrx_word' id='word_1_420' title='bbox 614 2159 765 2200; x_wconf 80' lang='lat' dir='ltr'>expedire</span> <span class='ocrx_word' id='word_1_421' title='bbox 791 2159 910 2199; x_wconf 64' lang='lat' dir='ltr'>copiam,</span> <span class='ocrx_word' id='word_1_422' title='bbox 931 2160 1004 2198; x_wconf 89' lang='lat' dir='ltr'>quis</span> <span class='ocrx_word' id='word_1_423' title='bbox 1021 2159 1212 2189; x_wconf 81' lang='lat' dir='ltr'>Parthorum</span> <span class='ocrx_word' id='word_1_424' title='bbox 1241 2158 1320 2190; x_wconf 83' lang='lat' dir='ltr'>fines</span> <span class='ocrx_word' id='word_1_425' title='bbox 1342 2160 1427 2190; x_wconf 85' lang='lat' dir='ltr'>ultro</span> 
     </span>
    </p>
   </div>
   <div class='ocr_carea' id='block_1_3' title="bbox 85 2216 1429 2462">
    <p class='ocr_par' dir='ltr' id='par_1_6' title="bbox 85 2216 1429 2320">
     <span class='ocr_line' id='line_1_44' title="bbox 117 2216 1429 2248; baseline -0.002 -3"><span class='ocrx_word' id='word_1_426' title='bbox 117 2221 161 2245; x_wconf 85' lang='lat' dir='ltr'>lv.</span> <span class='ocrx_word' id='word_1_427' title='bbox 181 2226 201 2244; x_wconf 72' lang='grc' dir='ltr'>ί.</span> <span class='ocrx_word' id='word_1_428' title='bbox 213 2221 256 2244; x_wconf 73' lang='lat' dir='ltr'>Sc.</span> <span class='ocrx_word' id='word_1_429' title='bbox 273 2226 339 2247; x_wconf 74' lang='lat' dir='ltr'>esse,</span> <span class='ocrx_word' id='word_1_430' title='bbox 350 2220 424 2243; x_wconf 87' lang='lat' dir='ltr'>Burri</span> <span class='ocrx_word' id='word_1_431' title='bbox 439 2221 466 2243; x_wconf 83' lang='lat' dir='ltr'>ct</span> <span class='ocrx_word' id='word_1_432' title='bbox 480 2222 603 2248; x_wconf 52' lang='grc' dir='ltr'>δευρί-εκ</span> <span class='ocrx_word' id='word_1_433' title='bbox 618 2220 644 2243; x_wconf 91' lang='lat' dir='ltr'>in</span> <span class='ocrx_word' id='word_1_434' title='bbox 657 2219 793 2247; x_wconf 70' lang='lat' dir='ltr'>exemplis</span> <span class='ocrx_word' id='word_1_435' title='bbox 811 2218 945 2247; x_wconf 73' lang='lat' dir='ltr'>praecipue</span> <span class='ocrx_word' id='word_1_436' title='bbox 959 2218 1109 2245; x_wconf 74' lang='lat' dir='ltr'>Augustum</span> <span class='ocrx_word' id='word_1_437' title='bbox 1124 2216 1313 2246; x_wconf 48' lang='lat' dir='ltr'>jactabam—2.</span> <span class='ocrx_word' id='word_1_438' title='bbox 1324 2217 1359 2241; x_wconf 90' lang='lat' dir='ltr'>Ut</span> <span class='ocrx_word' id='word_1_439' title='bbox 1373 2218 1429 2248; x_wconf 39' lang='lat' dir='ltr'>sub,</span> 
     </span>
     <span class='ocr_line' id='line_1_45' title="bbox 87 2253 1424 2286; baseline -0.003 -5"><span class='ocrx_word' id='word_1_440' title='bbox 87 2257 208 2286; x_wconf 73' lang='lat' dir='ltr'>Augusto</span> <span class='ocrx_word' id='word_1_441' title='bbox 222 2257 285 2286; x_wconf 87' lang='lat' dir='ltr'>post</span> <span class='ocrx_word' id='word_1_442' title='bbox 297 2255 365 2279; x_wconf 73' lang='lat' dir='ltr'>bella</span> <span class='ocrx_word' id='word_1_443' title='bbox 378 2255 467 2278; x_wconf 78' lang='lat' dir='ltr'>civilia</span> <span class='ocrx_word' id='word_1_444' title='bbox 483 2257 510 2278; x_wconf 86' lang='lat' dir='ltr'>ct</span> <span class='ocrx_word' id='word_1_445' title='bbox 525 2256 549 2278; x_wconf 85' lang='lat' dir='ltr'>in</span> <span class='ocrx_word' id='word_1_446' title='bbox 560 2256 655 2284; x_wconf 82' lang='lat' dir='ltr'>jurgiis</span> <span class='ocrx_word' id='word_1_447' title='bbox 673 2255 826 2284; x_wconf 72' lang='lat' dir='ltr'>Agrippinae</span> <span class='ocrx_word' id='word_1_448' title='bbox 840 2259 900 2277; x_wconf 88' lang='lat' dir='ltr'>cum</span> <span class='ocrx_word' id='word_1_449' title='bbox 917 2254 1036 2281; x_wconf 77' lang='lat' dir='ltr'>Augusta</span> <span class='ocrx_word' id='word_1_450' title='bbox 1051 2259 1058 2276; x_wconf 71' lang='grc' dir='ltr'><strong><em>ε</em></strong></span> <span class='ocrx_word' id='word_1_451' title='bbox 1074 2258 1099 2275; x_wconf 84' lang='grc' dir='ltr'>ν.</span> <span class='ocrx_word' id='word_1_452' title='bbox 1111 2253 1154 2281; x_wconf 84' lang='lat' dir='ltr'>lv,</span> <span class='ocrx_word' id='word_1_453' title='bbox 1168 2258 1195 2276; x_wconf 70' lang='grc' dir='ltr'><em>η</em></span> <span class='ocrx_word' id='word_1_454' title='bbox 1207 2254 1235 2276; x_wconf 80' lang='lat' dir='ltr'>et</span> <span class='ocrx_word' id='word_1_455' title='bbox 1248 2257 1287 2277; x_wconf 71' lang='lat'>4⁰.</span> <span class='ocrx_word' id='word_1_456' title='bbox 1298 2265 1327 2269; x_wconf 97' lang='lat'><strong>—</strong></span> <span class='ocrx_word' id='word_1_457' title='bbox 1340 2259 1362 2277; x_wconf 79' lang='lat'>5.</span> <span class='ocrx_word' id='word_1_458' title='bbox 1374 2254 1424 2278; x_wconf 84' lang='lat' dir='ltr'>Se-</span> 
     </span>
     <span class='ocr_line' id='line_1_46' title="bbox 85 2287 1044 2320; baseline -0.006 -3"><span class='ocrx_word' id='word_1_459' title='bbox 85 2292 201 2319; x_wconf 79' lang='lat' dir='ltr'>natoriae</span> <span class='ocrx_word' id='word_1_460' title='bbox 215 2291 256 2315; x_wconf 87' lang='lat' dir='ltr'>vel</span> <span class='ocrx_word' id='word_1_461' title='bbox 272 2291 371 2320; x_wconf 84' lang='lat' dir='ltr'>populi,</span> <span class='ocrx_word' id='word_1_462' title='bbox 383 2291 512 2319; x_wconf 80' lang='lat' dir='ltr'>oppositae</span> <span class='ocrx_word' id='word_1_463' title='bbox 525 2292 661 2314; x_wconf 58' lang='lat' dir='ltr'>Caesareis.</span> <span class='ocrx_word' id='word_1_464' title='bbox 677 2302 706 2307; x_wconf 91' lang='lat'>--</span> <span class='ocrx_word' id='word_1_465' title='bbox 722 2295 742 2313; x_wconf 68' lang='lat'>4.</span> <span class='ocrx_word' id='word_1_466' title='bbox 763 2292 805 2314; x_wconf 79' lang='lat' dir='ltr'>Sc.</span> <span class='ocrx_word' id='word_1_467' title='bbox 819 2287 1044 2319; x_wconf 58' lang='lat' dir='ltr'>provincialibus</span> 
     </span>
    </p>

    <p class='ocr_par' dir='ltr' id='par_1_7' title="bbox 117 2324 1287 2355">
     <span class='ocr_line' id='line_1_47' title="bbox 117 2324 1287 2355; baseline -0.005 -4"><span class='ocrx_word' id='word_1_468' title='bbox 117 2329 146 2351; x_wconf 87' lang='lat' dir='ltr'>V.</span> <span class='ocrx_word' id='word_1_469' title='bbox 160 2333 181 2351; x_wconf 81' lang='grc' dir='ltr'>ι.</span> <span class='ocrx_word' id='word_1_470' title='bbox 198 2326 272 2352; x_wconf 83' lang='lat' dir='ltr'>conr.</span> <span class='ocrx_word' id='word_1_471' title='bbox 291 2327 335 2354; x_wconf 75' lang='lat' dir='ltr'>xl,</span> <span class='ocrx_word' id='word_1_472' title='bbox 351 2332 371 2350; x_wconf 92' lang='lat'>7.</span> <span class='ocrx_word' id='word_1_473' title='bbox 382 2332 439 2349; x_wconf 80' lang='lat'>—2.</span> <span class='ocrx_word' id='word_1_474' title='bbox 457 2326 524 2349; x_wconf 84' lang='lat' dir='ltr'>Olim</span> <span class='ocrx_word' id='word_1_475' title='bbox 541 2327 662 2355; x_wconf 72' lang='lat' dir='ltr'>imposita</span> <span class='ocrx_word' id='word_1_476' title='bbox 674 2332 687 2349; x_wconf 79' lang='lat' dir='ltr'>a</span> <span class='ocrx_word' id='word_1_477' title='bbox 703 2325 830 2353; x_wconf 79' lang='lat' dir='ltr'>Claudio;</span> <span class='ocrx_word' id='word_1_478' title='bbox 845 2330 869 2347; x_wconf 74' lang='grc' dir='ltr'>ν,</span> <span class='ocrx_word' id='word_1_479' title='bbox 885 2324 928 2351; x_wconf 80' lang='lat' dir='ltr'>XI,</span> <span class='ocrx_word' id='word_1_480' title='bbox 940 2328 963 2347; x_wconf 86' lang='lat'>⁷.</span> <span class='ocrx_word' id='word_1_481' title='bbox 977 2335 1005 2339; x_wconf 70' lang='lat'>—</span> <span class='ocrx_word' id='word_1_482' title='bbox 1018 2329 1042 2346; x_wconf 78' lang='lat'>5-</span> <span class='ocrx_word' id='word_1_483' title='bbox 1060 2324 1103 2347; x_wconf 83' lang='lat' dir='ltr'>Sc.</span> <span class='ocrx_word' id='word_1_484' title='bbox 1120 2324 1287 2347; x_wconf 84' lang='lat' dir='ltr'>senatorum.</span> 
     </span>
    </p>

    <p class='ocr_par' dir='ltr' id='par_1_8' title="bbox 108 2359 1152 2391">
     <span class='ocr_line' id='line_1_48' title="bbox 108 2359 1152 2391; baseline -0.005 -5"><span class='ocrx_word' id='word_1_485' title='bbox 108 2364 158 2386; x_wconf 49' lang='lat'>4¹1.</span> <span class='ocrx_word' id='word_1_486' title='bbox 175 2368 197 2386; x_wconf 71' lang='grc' dir='ltr'>ς.</span> <span class='ocrx_word' id='word_1_487' title='bbox 219 2363 325 2386; x_wconf 82' lang='lat' dir='ltr'>Postea</span> <span class='ocrx_word' id='word_1_488' title='bbox 338 2368 396 2391; x_wconf 81' lang='lat' dir='ltr'>quae</span> <span class='ocrx_word' id='word_1_489' title='bbox 410 2364 518 2385; x_wconf 85' lang='lat' dir='ltr'>narrata</span> <span class='ocrx_word' id='word_1_490' title='bbox 531 2363 595 2385; x_wconf 80' lang='lat' dir='ltr'>sunt</span> <span class='ocrx_word' id='word_1_491' title='bbox 605 2362 663 2389; x_wconf 76' lang='grc' dir='ltr'>ΧΗ,</span> <span class='ocrx_word' id='word_1_492' title='bbox 677 2367 714 2389; x_wconf 70' lang='lat'>50,</span> <span class='ocrx_word' id='word_1_493' title='bbox 733 2361 795 2384; x_wconf 84' lang='lat' dir='ltr'>anni</span> <span class='ocrx_word' id='word_1_494' title='bbox 810 2360 840 2383; x_wconf 82' lang='lat' dir='ltr'>U.</span> <span class='ocrx_word' id='word_1_495' title='bbox 853 2364 905 2383; x_wconf 75' lang='lat'>80⁴.</span> <span class='ocrx_word' id='word_1_496' title='bbox 919 2363 983 2382; x_wconf 78' lang='lat'>—2.</span> <span class='ocrx_word' id='word_1_497' title='bbox 1001 2360 1045 2382; x_wconf 86' lang='lat' dir='ltr'>Sc.</span> <span class='ocrx_word' id='word_1_498' title='bbox 1060 2359 1152 2387; x_wconf 71' lang='lat' dir='ltr'>magis.</span> 
     </span>
    </p>

    <p class='ocr_par' dir='ltr' id='par_1_9' title="bbox 86 2389 1427 2462">
     <span class='ocr_line' id='line_1_49' title="bbox 115 2389 1423 2426; baseline -0.004 -5"><span class='ocrx_word' id='word_1_499' title='bbox 115 2399 173 2422; x_wconf 86' lang='lat' dir='ltr'>Vll.</span> <span class='ocrx_word' id='word_1_500' title='bbox 195 2403 215 2421; x_wconf 80' lang='lat'>¹.</span> <span class='ocrx_word' id='word_1_501' title='bbox 238 2398 384 2425; x_wconf 74' lang='lat' dir='ltr'>Minorem,</span> <span class='ocrx_word' id='word_1_502' title='bbox 399 2397 480 2420; x_wconf 82' lang='lat' dir='ltr'>[ilium</span> <span class='ocrx_word' id='word_1_503' title='bbox 495 2399 567 2426; x_wconf 69' lang='lat' dir='ltr'>ejus,</span> <span class='ocrx_word' id='word_1_504' title='bbox 583 2398 615 2420; x_wconf 87' lang='lat' dir='ltr'>de</span> <span class='ocrx_word' id='word_1_505' title='bbox 629 2403 682 2426; x_wconf 82' lang='lat' dir='ltr'>quo</span> <span class='ocrx_word' id='word_1_506' title='bbox 701 2396 800 2419; x_wconf 81' lang='lat' dir='ltr'>mentio</span> <span class='ocrx_word' id='word_1_507' title='bbox 818 2396 889 2418; x_wconf 81' lang='lat' dir='ltr'>facta</span> <span class='ocrx_word' id='word_1_508' title='bbox 906 2394 966 2420; x_wconf 78' lang='grc' dir='ltr'>ΧΠ,</span> <span class='ocrx_word' id='word_1_509' title='bbox 984 2398 1021 2417; x_wconf 72' lang='lat'>25.</span> <span class='ocrx_word' id='word_1_510' title='bbox 1037 2393 1164 2417; x_wconf 79' lang='lat' dir='ltr'>Claudius</span> <span class='ocrx_word' id='word_1_511' title='bbox 1179 2394 1201 2417; x_wconf 83' lang='lat' dir='ltr'>ei</span> <span class='ocrx_word' id='word_1_512' title='bbox 1223 2394 1331 2423; x_wconf 82' lang='lat' dir='ltr'>partem</span> <span class='ocrx_word' id='word_1_513' title='bbox 1344 2389 1423 2423; x_wconf 74' lang='lat' dir='ltr'>regul</span> 
     </span>
     <span class='ocr_line' id='line_1_50' title="bbox 86 2428 1427 2462; baseline -0.004 -4"><span class='ocrx_word' id='word_1_514' title='bbox 86 2434 203 2462; x_wconf 71' lang='lat' dir='ltr'>Herodis</span> <span class='ocrx_word' id='word_1_515' title='bbox 217 2434 245 2457; x_wconf 85' lang='lat' dir='ltr'>et</span> <span class='ocrx_word' id='word_1_516' title='bbox 261 2432 413 2462; x_wconf 79' lang='lat' dir='ltr'>Coelesyriae</span> <span class='ocrx_word' id='word_1_517' title='bbox 425 2435 599 2457; x_wconf 80' lang='lat' dir='ltr'>concesserat</span> <span class='ocrx_word' id='word_1_518' title='bbox 620 2445 645 2449; x_wconf 80' lang='grc'>-</span> <span class='ocrx_word' id='word_1_519' title='bbox 656 2437 679 2456; x_wconf 77' lang='lat'>2.</span> <span class='ocrx_word' id='word_1_520' title='bbox 693 2433 728 2455; x_wconf 87' lang='lat' dir='ltr'>De</span> <span class='ocrx_word' id='word_1_521' title='bbox 739 2437 792 2460; x_wconf 89' lang='lat' dir='ltr'>quo</span> <span class='ocrx_word' id='word_1_522' title='bbox 804 2431 860 2459; x_wconf 76' lang='grc' dir='ltr'>ΧΠ,</span> <span class='ocrx_word' id='word_1_523' title='bbox 875 2435 920 2459; x_wconf 71' lang='lat'>55}</span> <span class='ocrx_word' id='word_1_524' title='bbox 936 2428 1034 2453; x_wconf 82' lang='lat' dir='ltr'>Ciliciae</span> <span class='ocrx_word' id='word_1_525' title='bbox 1047 2430 1154 2458; x_wconf 85' lang='lat' dir='ltr'>partem</span> <span class='ocrx_word' id='word_1_526' title='bbox 1164 2431 1193 2454; x_wconf 85' lang='lat' dir='ltr'>et</span> <span class='ocrx_word' id='word_1_527' title='bbox 1205 2430 1427 2459; x_wconf 69' lang='lat' dir='ltr'>Commagenam</span> 
     </span>
    </p>
   </div>
  </div>
 </body>
</html>
