1539 2668
533 161 569 191 A.
594 161 633 190 U.
658 161 693 189 C.
718 160 789 190 785.
815 160 851 189 A.
875 160 910 189 C.
934 160 986 190 32.
1367 158 1425 188 131

98 240 225 282 egregie
242 237 403 271 toleravit.
420 236 494 268 dein
511 236 596 275 Piso,
612 235 727 275 viginti
743 234 752 252 ⁵
774 244 830 275 per
847 242 948 266 annos
966 232 1086 273 pariter
1108 232 1277 274 probatus,
1294 233 1428 274 publico

98 289 210 321 sunere
221 295 262 318 ex
283 286 411 316 decreto
429 286 557 315 senatus
574 283 750 314 celebratus
763 285 822 313 est.

141 339 209 368 XII.
235 334 382 365 Relatum
399 331 475 362 inde
489 330 528 361 ad
546 333 654 361 Patres
669 339 686 360 a
707 329 907 368 Quintiliano
930 327 1061 359 tribuno
1077 326 1185 368 plebei
1207 327 1248 359 de
1267 327 1354 359 libro
1375 329 1428 360 Sz'-

99 382 219 423 byltae,
235 389 334 422 quem
349 378 502 410 Caninius
519 377 626 408 Gallus
641 377 931 417 quimlecimvirum
946 376 953 393 ¹
972 377 1078 415 recipi
1092 377 1185 406 inter
1198 376 1326 406 ceteros
1339 376 1431 415 eJ'us·

99 429 177 461 dem
189 430 279 460 vatis
292 429 325 458 et
341 435 382 457 ea
400 426 441 457 de
460 433 496 456 re
509 425 857 456 senatusconsultum
878 423 1097 470 postulaverat
1112 431 1120 452 :
1138 431 1204 462 quo
1218 431 1276 462 per
1303 423 1429 454 disces·

99 477 225 509 sionem
237 473 249 492 ²
265 474 362 512 facto,
381 472 470 503 misit
486 472 609 503 litteras
625 476 742 510 Caesar,
759 471 884 502 modice
896 471 1063 502 tribunum
1081 469 1251 509 increpans
1263 471 1429 509 {qnorum

97 523 236 564 antiqui
247 522 355 552 moris
373 520 413 551 ob
423 520 618 559 juventam.
631 519 720 550 Gallo
731 518 961 558 exprobrabat,
982 531 996 544 «
1013 517 1100 557 quod
1120 516 1265 547 scientiae
1279 517 1430 547 caerimo-

100 582 118 598 «
131 570 323 607 niarumque
337 570 431 598 vetus
446 566 457 584 ³
473 566 597 597 incerto
613 568 745 597 auctore
757 589 766 603 ‚
782 567 855 596 ante
873 564 1064 596 sententiam
1082 563 1207 602 collegii
1222 563 1232 581 ⁴
1250 587 1260 603 ,
1281 572 1346 594 uon
1360 587 1369 602 ,
1392 562 1431 594 ut

99 629 117 645 «
131 616 264 655 assolet,
281 615 364 645 lecto
382 623 437 654 per
454 614 622 651 magistros
637 613 648 629 ὃ
667 613 892 651 aestimatoque
906 612 1047 643 carmine
1059 635 1068 651 ‚
1089 610 1173 651 apud
1192 610 1431 651 infrequentem

100 676 118 691 «ι
132 664 281 696 senatum
295 662 306 681 ⁶
325 662 455 701 egisset.
470 674 486 688 υ
502 661 600 691 simul
617 660 885 698 commonefecit,
905 660 982 699 quia
998 659 1103 690 multa
1117 666 1200 689 vana
1219 657 1279 689 sub
1299 656 1432 688 nomine

97 711 217 744 celebri
228 710 444 749 vulgabantur
455 733 464 747 ‚
479 710 636 739 sanxisse
648 709 839 747 „tuqus-{um
854 715 954 747 quem
968 708 1065 737 intra
1077 706 1167 737 diem
1180 705 1226 736 ad
1239 707 1431 745 praetorem

101 758 275 790 urbanum
291 756 517 795 deferrentur
537 763 646 795 neque
664 755 791 785 habere
805 755 976 793 privatim
994 753 1112 783 liceret
1124 752 1150 782 ⁷.
1167 752 1255 792 quod
1273 761 1291 782 a
1304 750 1432 792 majori-

99 805 158 836 bus
175 812 304 845 quoque
317 803 483 834 decretum
503 807 572 833 erat
592 805 665 841 post
680 803 833 832 exustum
847 800 959 831 sociali
977 800 1061 831 bello
1077 799 1088 817 ⁸
1110 799 1304 839 Capitolium
1318 822 1326 837 ,
1343 807 1431 839 quae-

97 852 168 885 sitis
184 854 299 890 Samo,
316 851 392 889 llio,
411 849 574 889 Erythris,
592 858 649 889 per
674 849 813 880 Africam
829 848 926 879 etiam
941 856 978 878 ac
994 847 1135 878 Siciliam
1153 848 1185 877 et
1199 846 1326 878 Italicas
1343 845 1432 876 colo-

97 900 168 931 nias
191 898 393 930 carminibus
423 897 552 936 sibyllae
563 920 572 935 ,
599 905 662 927 una
688 905 744 927 seu
771 896 880 935 plures
902 895 989 925 fuere
1010 918 1018 934 ‚
1045 894 1187 934 datoque
1208 892 1432 924 sacerdotibus

98 945 248 986 negotio,
275 948 434 985 quantum
457 944 599 975 humana
617 951 678 983 ope
695 942 899 982 potuissent,
919 950 996 972 vera
1016 940 1212 972 discernere.
1238 940 1335 980 igitur
1352 942 1434 971 tunc

96 1001 228 1033 quoque
244 992 367 1023 notioni
385 991 680 1031 quindecimvirum
697 990 724 1020 is
741 989 821 1020 liber
836 988 1017 1028 subjicitur.

140 1043 224 1071 XIII.
249 1039 367 1070 lisdem
386 1038 571 1069 consulibus
588 1037 747 1077 gravitate
764 1044 905 1067 annonae
919 1037 1012 1075 juxta
1031 1035 1038 1052 ¹
1059 1034 1252 1066 seditionem
1271 1034 1406 1066 ventum
1423 1046 1433 1073 ;

100 1087 267 1126 multaque
280 1088 315 1117 et
329 1086 439 1126 plures
457 1094 513 1125 per
531 1085 600 1115 dies
618 1085 649 1115 in
667 1085 797 1115 theatro
815 1083 968 1114 licentius
992 1082 1165 1122 efflagitata
1183 1090 1280 1121 quam
1302 1081 1435 1112 solitum

99 1133 273 1165 adversum
287 1135 529 1172 Imperatorem.
546 1133 618 1170 quis
632 1135 817 1162 commotus
834 1130 997 1161 incusavit
1011 1130 1219 1169 magistratus
1237 1130 1411 1168 patresque
1424 1153 1435 1168 ,

100 1180 190 1221 quod
206 1188 274 1211 non
287 1180 432 1219 publica
448 1180 659 1210 auctoritate
668 1178 1091 1217 populumcoercuissent5
1106 1176 1295 1214 addiditque
1308 1175 1437 1215 quibus

99 1236 117 1259 e
128 1228 318 1267 provinciis
340 1228 373 1257 et
394 1229 527 1266 quanto
549 1226 736 1264 majorem,
761 1232 869 1264 quam
891 1225 1088 1264 Auqustus,
1112 1225 1162 1254 ret
1180 1222 1437 1262 ιϊιηιῃιεηίανίζε

99 1276 236 1314 copiam
256 1273 469 1304 adveclaret.
488 1273 533 1303 ita
552 1272 750 1310 castigandae
770 1271 854 1311 plebi
879 1270 1099 1310 compositum
1120 1269 1436 1301 senatusconsultum

102 1321 207 1361 prisca
222 1321 411 1358 severitate3
432 1328 538 1360 neque
556 1319 687 1357 segnius
711 1318 857 1349 consules
881 1318 1036 1349 edixere:
1063 1318 1230 1348 silentium
1249 1317 1352 1357 ipsius
1368 1325 1437 1347 non

101 1368 218 1406 civile,
237 1371 273 1397 ut
289 1367 492 1405 crediderat,
514 1366 572 1397 sed
587 1366 619 1395 in
636 1365 820 1404 superbiam
836 1364 847 1382 ²
867 1365 1099 1404 accipiebatur.

143 1418 224 1446 xlv.
239 1415 317 1445 Fine
331 1414 406 1444 anni
423 1413 591 1445 Geminius
601 1437 610 1451 ‚
627 1412 739 1443 Celsus
751 1435 759 1450 ,
774 1412 966 1451 PompeiuS‚
981 1411 1110 1451 Equites
1127 1411 1278 1450 Romani,
1293 1411 1437 1443 cecidere

101 1461 335 1501 conjurationis
349 1460 496 1491 crimine.
511 1469 551 1491 ex
565 1461 638 1499 quis
649 1459 816 1490 Geminius
831 1458 1034 1499 prodigentia
1047 1467 1145 1498 opum
1159 1467 1196 1488 ac
1213 1457 1348 1489 mollitia
1359 1458 1437 1489 vitae

102 1508 226 1539 amicus
248 1510 361 1548 SeJano
377 1531 385 1547 ,
406 1508 488 1538 nihil
515 1507 555 1537 ad
580 1507 702 1537 serium
719 1507 740 1535 ¹.
761 1508 794 1537 et
817 1505 920 1536 Julius
937 1505 1050 1537 Celsus
1071 1505 1245 1545 tribunus,
1271 1505 1303 1536 in
1320 1505 1437 1536 vinclis

101 1556 244 1587 laxatam
257 1558 404 1586 catenam
422 1557 454 1586 et
469 1554 704 1585 circumdatam
719 1554 755 1584 in
772 1553 939 1584 diversum
956 1553 1091 1585 tendens
1106 1576 1114 1592 ,
1133 1562 1227 1584 suain
1250 1553 1317 1592 ipse
1333 1553 1435 1584 cervi·

101 1610 172 1634 cem
190 1602 351 1643 perfregit.
372 1603 404 1633 at
420 1602 542 1633 Rubrio
560 1601 679 1632 Fabato
692 1625 700 1641 ‚
722 1603 912 1641 tamquam,
937 1600 1117 1641 desperatis
1141 1600 1237 1631 rebus
1257 1600 1410 1631 Romanis
1426 1625 1436 1640 ,

102 1650 296 1682 Parthorum
321 1649 363 1680 ad
389 1649 645 1680 misericordiam
664 1648 809 1688 fugeret,
835 1648 990 1679 custodes
1013 1647 1124 1679 additi.
1146 1656 1222 1679 sane
1246 1647 1272 1678 is
1290 1648 1437 1686 repertus

100 1698 188 1737 apud
205 1698 324 1728 fretum
338 1697 453 1728 siciliae
466 1721 475 1736 ‚
492 1698 717 1736 retractusque
733 1705 791 1736 per
808 1696 1031 1727 centurionem
1048 1695 1153 1726 nullas
1168 1694 1351 1735 probabiles
1364 1703 1440 1725 cau·

102 1753 154 1776 sas
167 1745 351 1784 longinquae
362 1743 630 1784 peregrinationis
641 1743 812 1774 asserebat.
826 1743 945 1774 mansit
959 1744 1069 1775 tamen
1085 1743 1260 1773 incolumis
1273 1741 1439 1773 oblivione

104 1792 205 1832 magis
221 1800 318 1831 quam
336 1791 519 1837 clementia.

146 1842 211 1870 XV.
225 1842 292 1870 ser.
310 1838 422 1878 Galba,
440 1842 474 1869 L.
488 1838 574 1870 Sulla
587 1841 678 1870 Coss.
698 1839 723 1877 ¹,
740 1837 795 1868 diu
808 1836 945 1877 quaesito
962 1845 1044 1876 quos
1057 1836 1211 1877 neptibus
1223 1836 1290 1867 suis
1303 1835 1439 1867 maritos

106 1927 199 1951 ierunt
211 1927 328 1956 primum
342 1926 501 1955 praefectum
514 1926 593 1954 Urbi,
606 1926 641 1949 ab
656 1932 680 1949 a.
693 1926 723 1949 U.
738 1930 781 1949 735
793 1925 827 1948 ad
840 1929 892 1953 758,
906 1930 961 1954 quo
969 1924 1074 1948 Taurus
1089 1929 1151 1947 eum
1165 1923 1343 1954 exceperit.—-
1350 1928 1371 1947 ⁴.
1383 1924 1439 1948 Da-

105 1968 165 1987 cem
178 1962 282 1992 potius,
301 1962 332 1985 ut
349 1968 381 1985 ex
398 1962 512 1985 aliorum
526 1962 689 1990 scriptorum
707 1961 812 1983 indiciis
825 1966 958 1989 apparere
972 1960 1090 1983 videtur.

135 1998 194 2023 xil.
207 2003 227 2020 ι.
240 1998 277 2021 Ex
292 1998 515 2026 quindecimviris
527 2002 667 2020 sacrorum
678 1997 735 2019 sive
749 1996 834 2020 saci-is
848 1995 980 2019 faciundis
989 2013 995 2024 ‚
1006 1994 1103 2024 quibus
1114 1994 1192 2023 soliS,
1206 1995 1302 2018 senatu
1313 1994 1438 2025 jubente,

102 2034 192 2059 adire
207 2033 309 2057 licebat
325 2033 410 2057 libros
420 2032 528 2062 Sibyllae
542 2032 568 2055 in
583 2032 686 2055 difficili
701 2033 823 2061 tempore
837 2031 877 2054 rei
890 2032 1028 2054 Romanae.
1040 2042 1069 2046 —
1079 2035 1100 2053 2.
1116 2030 1146 2052 V.
1162 2029 1195 2052 ad
1209 2030 1246 2053 111
1256 2048 1262 2058 ‚
1276 2035 1313 2054 25.
1325 2042 1354 2046 —
1366 2036 1388 2054 5.
1399 2032 1440 2055 Ac

105 2068 220 2099 proinde
232 2068 329 2092 sciens.
341 2073 399 2092 ——4.
415 2067 705 2097 Quindecimvirorum.
719 2079 747 2083 -
761 2072 785 2089 5.
800 2066 936 2096 Maqistrz'
950 2066 977 2088 in
992 2064 1112 2094 collegiis
1127 2064 1341 2089 sacerdotalibus
1354 2071 1439 2090 voca-

104 2103 206 2128 bantur
220 2104 266 2133 qui
279 2104 395 2133 primum
412 2105 439 2127 in
454 2103 485 2127 iis
495 2103 585 2126 locum
600 2102 741 2125 tenebant.
763 2113 789 2118 -
806 2107 829 2125 6.
842 2102 901 2125 Non
920 2102 1054 2130 praesente
1068 2100 1188 2130 legitimo
1202 2106 1316 2124 numero
1329 2103 1440 2125 senato-

106 2144 176 2168 rum,
185 2139 454 2169 quadringentis—7.
463 2139 507 2162 Sic
521 2138 622 2162 factum
635 2139 665 2161 ut
677 2138 813 2166 Augustus
821 2136 1018 2166 fatidicorum
1030 2136 1172 2160 librorum
1183 2136 1275 2160 Groeci
1286 2136 1441 2165 Latinique

105 2175 233 2206 generis,
251 2175 301 2204 qui
323 2174 414 2198 nullis
435 2174 478 2198 vel
490 2179 599 2203 parum
619 2174 727 2197 idoneis
747 2172 916 2197 auctoribus
929 2172 1114 2202 ferebantur,
1131 2177 1223 2201 supra
1245 2171 1303 2195 duo
1324 2172 1438 2200 millia,

106 2211 260 2236 contracta
273 2210 409 2240 undique,
424 2210 572 2238 cremarit,
586 2210 696 2233 sueton.
715 2214 740 2232 c.
755 2214 791 2232 ai.
804 2220 832 2224 ——
841 2214 863 2232 8.
877 2209 962 2233 lmmo
976 2208 1064 2237 civili,
1082 2209 1112 2232 ut
1123 2208 1233 2232 Tacitus
1246 2206 1304 2236 ipse
1316 2207 1381 2230 l-list.
1393 2206 1438 2235 111,

108 2250 146 2274 72,
163 2246 236 2271 inter
245 2246 361 2270 Marium
379 2247 407 2270 et
419 2246 535 2273 Sullam,
548 2251 571 2269 a.
588 2245 618 2269 U.
636 2250 689 2268 67¹.
708 2244 832 2267 Ceterum
851 2244 945 2267 eodem
960 2245 1084 2272 tempore
1098 2243 1227 2267 adversus
1240 2242 1341 2267 Sullam
1360 2247 1439 2265 accr-

106 2281 178 2305 rime
193 2281 367 2310 pugnabatur
380 2287 396 2305 a
409 2281 574 2305 Samnitibus
587 2282 615 2304 et
628 2280 688 2304 aliis
700 2279 783 2303 ltaliae
799 2279 920 2309 populis,
936 2281 966 2304 ut
978 2279 1079 2304 bellum
1090 2278 1155 2302 illud
1169 2279 1250 2302 etiam
1260 2277 1376 2303 socialis
1387 2283 1439 2301 no-

110 2316 182 2339 mine
198 2317 311 2340 indicari
324 2317 455 2347 potuerit.
471 2317 538 2340 Cum
549 2316 684 2346 Capitolio
695 2317 752 2339 tum
767 2315 903 2346 absumpti
915 2315 978 2341 libri
988 2315 1114 2345 sibyllini
1126 2315 1154 2340 in
1166 2319 1199 2340 eo
1214 2313 1343 2344 depositi.

140 2351 212 2376 xm.
227 2357 249 2376 ι.
266 2353 367 2382 Prope,
379 2353 464 2376 ferme
477 2352 556 2376 ad.-
571 2357 592 2376 2.
608 2353 659 2376 Pro
671 2351 807 2380 superbia.

140 2386 211 2411 nv.
224 2391 245 2412 ι.
258 2387 300 2412 Ad
315 2387 418 2412 nullam
429 2393 487 2412 rem
497 2388 611 2418 seriam,
629 2392 748 2417 gravem.

139 2421 199 2446 xv.
214 2427 235 2447 ι.
250 2422 280 2447 Δ.
294 2422 324 2448 U.
334 2427 388 2453 ⁷86,
401 2428 428 2453 p.
443 2423 506 2448 Chr.
520 2428 558 2448 ⁵5.
