1539 2668
113 189 170 219 172
484 188 618 216 TAClTI
641 187 852 216 ANNALIUM
875 189 948 218 LIB.
973 189 1041 218 ΧΠ.

108 261 195 301 ptius
211 260 355 301 veniret,
370 261 496 293 colonia
511 260 770 292 Camulodunum
786 261 893 293 valida
906 263 1135 294 veteranorum
1151 270 1251 294 manu
1268 262 1440 297 deducitur

108 308 141 339 in
158 317 249 347 agros
262 309 407 350 captivos
421 333 429 348 ‚
446 308 628 339 subsidium
645 307 801 340 adversus
823 309 958 341 rebelles
969 334 977 350 ,
999 313 1031 342 et
1046 309 1233 342 imbuendis
1246 309 1258 328 ³
1283 310 1382 343 sociis
1397 311 1439 344 ad

108 355 216 387 officia
232 356 352 397 legum.

149 406 285 435 XXXIII.
311 404 397 434 ltum
411 402 485 433 inde
503 402 535 433 iu
550 402 689 441 Siluras,
706 410 805 443 super
828 404 991 444 propriam
1016 403 1169 435 ferociam
1187 404 1350 435 Caractaci
1366 405 1439 437 viri-

107 449 169 481 bus
188 450 347 489 coustsos,
367 459 464 489 quem
483 449 585 480 multa
602 449 751 490 ambigua
764 474 773 489 ‚
789 451 891 482 multa
918 460 1069 491 prospera
1089 451 1283 490 extulerant,
1298 452 1335 482 ut
1359 454 1441 484 cete·

109 505 160 528 ros
176 497 402 529 Britannorum
420 496 630 536 imperatores
645 497 860 536 praemineret.
884 498 940 530 sed
957 500 1028 530 tum
1045 499 1137 537 astu,
1163 497 1309 528 locorum
1328 497 1442 531 fraude

108 544 196 584 prior
210 544 234 584 ¹,
252 544 284 575 vi
301 544 441 574 militum
460 543 606 581 inferior,
624 545 777 576 transfert
796 544 915 576 belluni
933 545 965 576 in
982 545 1172 583 Ordovicas‚
1191 544 1374 585 additisque
1387 544 1443 585 qui

108 600 221 632 pacem
244 594 384 622 nostram
401 590 412 608 ²
444 591 648 630 metuebant,
673 591 886 623 novissimum
913 601 1025 623 casum
1048 594 1232 632 experitur,
1258 594 1389 632 sumpto
1402 591 1444 623 ad

109 638 257 679 proelium
272 639 344 669 loco
358 663 369 678 ,
388 638 424 669 ut
437 638 543 669 aditus
559 663 567 677 ,
585 637 772 677 abscessus,
792 642 911 670 cuncta
929 639 1023 670 nobis
1040 639 1224 679 importuna
1238 662 1247 678 ‚
1265 640 1298 670 et
1313 639 1382 670 suis
1409 639 1444 670 in

107 685 222 717 melius
235 687 344 717 essent
358 710 367 725 ,
383 687 461 716 tunc
482 685 650 717 montibus
664 685 775 717 arduis
788 686 814 725 ³,
830 688 861 717 et
874 686 901 717 si
916 695 978 726 qua
993 686 1168 717 clementer
1182 686 1192 704 ⁴
1220 686 1329 717 accedi
1351 687 1443 726 pote·

108 735 198 772 rant,
214 733 247 764 in
263 732 395 763 modum
410 733 486 764 valli
504 742 582 764 saxa
600 733 767 773 praestruit
786 743 793 764 ε
812 736 844 765 et
861 733 1049 774 praefluebat
1070 733 1175 764 amnis
1196 733 1278 764 vado
1294 733 1418 765 incerto
1432 757 1444 774 ,

109 782 301 820 catervaque
319 781 521 811 armatorum
539 789 596 820 pro
613 779 824 811 munimentis
837 780 848 797 '³
865 779 1091 818 constiterant,

151 830 285 858 XXXIV.
312 827 359 857 Ad
381 827 442 858 lioc
464 827 610 866 gentium
637 827 788 858 ductores
804 827 975 858 circumire
988 850 996 865 ,
1012 826 1155 866 hortari,
1173 826 1300 859 firmare
1318 827 1444 858 animos

109 874 286 905 minuendo
308 877 396 904 metu
411 898 419 913 ‚
447 874 654 906 accendenda
669 883 724 915 spe
738 898 746 913 ‚
768 874 903 913 aliisque
923 874 1000 905 belli
1028 873 1259 906 incitamentis.
1281 874 1446 905 enimvero

109 923 300 953 Caractacus
326 921 389 951 huc
413 921 489 951 illuc
502 920 642 952 volitans
656 946 664 960 ,
689 922 793 953 illum
807 921 915 960 diem,
937 921 1040 952 illam
1056 922 1165 952 aciem
1186 921 1365 952 testabatur
1382 923 1447 953 auc

110 967 346 1008 reciperamlce
361 968 546 1004 libertatis,
560 970 623 999 auc
633 970 814 999 servitutis
825 970 968 999 celernce
980 967 1208 1007 initiiemfore
1219 980 1231 1007 ;
1245 968 1446 1008 vocabatque

112 1015 241 1046 nomina
254 1015 447 1054 majoriam,
471 1017 530 1055 qui
547 1014 752 1046 dictatorem
770 1017 943 1046 Coesarem
951 1015 1191 1056 pepulissent3
1214 1024 1361 1056 quorum
1380 1017 1448 1047 vir-

113 1064 186 1094 tute
200 1064 302 1093 vacui
317 1070 339 1093 a
352 1062 529 1093 securibus
545 1064 577 1093 ct
596 1062 737 1093 tributis
749 1086 759 1101 ,
779 1064 990 1093 intemerata
1010 1062 1195 1102 eonjuyum
1211 1064 1244 1092 et
1260 1061 1447 1094 liberorum

111 1117 258 1149 corpora
283 1111 484 1141 retinerent.
513 1109 584 1140 haec
607 1110 705 1148 atque
734 1109 811 1140 talia
839 1109 958 1139 dicenti
984 1111 1144 1148 astrepere
1172 1109 1308 1148 vulgus3
1338 1110 1448 1148 gentili

111 1156 247 1196 quisque
265 1155 438 1195 religione¹
460 1155 629 1195 obstringi,
645 1164 712 1187 non
733 1156 821 1195 telis,
837 1164 903 1187 non
921 1155 1125 1187 vulneribus
1142 1164 1308 1186 cessuros.

153 1206 273 1234 XXXV.
300 1202 525 1242 Obstupefecit
559 1212 597 1233 ea
622 1202 772 1233 alacritas
798 1203 914 1233 ducem
937 1207 1121 1234 Romanum
1144 1212 1151 1232 :
1180 1202 1277 1233 simul
1303 1202 1449 1242 objectus

113 1249 218 1281 amnis
232 1272 241 1288 ‚
260 1249 407 1281 additum
422 1249 543 1280 vallum
555 1273 563 1287 ,
585 1249 788 1281 imminentia
803 1249 880 1289 juga
896 1273 905 1288 ‚
928 1249 1007 1280 nillil
1025 1249 1087 1280 nisi
1104 1251 1197 1281 atrox
1223 1251 1255 1280 et
1273 1258 1449 1291 propugna-

112 1296 240 1329 toribus
265 1296 414 1336 frequens
430 1320 439 1335 ,
456 1296 610 1328 terrebat.
634 1296 689 1328 sed
706 1297 798 1328 miles
818 1297 968 1336 proelium
994 1305 1144 1337 poscere,
1173 1299 1298 1328 cuncta
1319 1299 1449 1329 virtute

113 1344 365 1384 expuqnabilia
377 1343 543 1375 clamitare
555 1355 564 1383 ;
580 1344 790 1384 praefectique
807 1352 844 1374 ac
857 1343 978 1374 tribuni
994 1344 1083 1384 paria
1097 1344 1290 1375 disserentes
1300 1343 1449 1376 ardorem

115 1391 278 1424 exercitus
297 1390 520 1421 intendebant.
545 1392 616 1422 tum
635 1391 800 1430 Ostorius,
823 1391 1068 1431 circumspectis
1096 1400 1169 1431 quae
1194 1390 1449 1430 impenetrabilia

116 1446 254 1478 quaeque
277 1437 406 1478 pervia,
421 1437 511 1468 ducit
530 1437 672 1469 infensos
687 1462 696 1477 ‚
719 1447 913 1478 amnemque
933 1437 1018 1469 liaud
1038 1437 1210 1469 difficulter
1228 1437 1337 1469 evadit
1354 1438 1376 1467 ¹.
1392 1437 1447 1469 ubi

116 1486 252 1516 ventum
266 1484 306 1516 ad
325 1493 487 1524 aggerem,
503 1485 580 1515 dum
599 1485 776 1517 missilibus
792 1485 975 1517 certabatur
989 1510 998 1525 ,
1015 1485 1087 1525 plus
1106 1485 1278 1516 vulnerum
1294 1484 1327 1515 in
1342 1493 1401 1516 nos
1416 1488 1449 1518 et

118 1533 281 1573 pleraeque
297 1531 403 1563 caedes
430 1531 626 1563 oriebantur.
645 1535 873 1572 posteaquam,
892 1532 976 1563 sacta
992 1531 1156 1563 testudine
1172 1531 1183 1549 ²
1197 1556 1206 1571 ,
1228 1532 1325 1563 rudes
1346 1533 1379 1564 et
1401 1532 1449 1564 in—

119 1581 238 1612 formes
253 1588 404 1610 saxorum
422 1588 594 1619 compages
617 1579 800 1619 distraclae,
818 1588 941 1619 parque
958 1579 1108 1610 cominus
1134 1579 1235 1618 acies,
1265 1579 1419 1611 decedere
1434 1579 1446 1598 ³

119 1626 246 1659 barbari
261 1626 294 1656 in
306 1628 382 1666 Juga
396 1627 571 1657 montium.
588 1626 642 1657 sed
660 1635 698 1658 eo
720 1634 850 1666 quoque
866 1625 1012 1666 irrupere
1036 1625 1228 1657 ferentarius
1242 1625 1251 1643 ⁴
1281 1627 1449 1667 gravisque

119 1675 230 1713 miles,
245 1673 291 1704 illi
307 1673 376 1704 telis
399 1673 592 1705 assultantcs
604 1697 613 1712 ,
628 1673 662 1703 hi
678 1673 821 1704 conferto
839 1672 937 1712 gradu
951 1697 959 1712 ,
988 1672 1128 1704 turbatis
1155 1674 1267 1703 contra
1285 1673 1448 1704 Britanno-

120 1730 192 1753 rum
215 1720 382 1752 ordinibus
397 1745 406 1759 ,
426 1720 513 1760 apud
533 1729 613 1761 quos
640 1720 730 1751 nulla
747 1720 923 1751 loricarum
952 1719 1156 1759 galearumve
1178 1719 1340 1759 tegmina;
1366 1722 1399 1752 et
1422 1721 1449 1752 si

120 1767 332 1800 auxiliaribus
351 1768 556 1807 resisterent,
571 1767 684 1807 gladiis
700 1776 737 1798 ac
750 1767 824 1807 pilis
838 1767 1107 1806 legionariorum3
1134 1766 1160 1797 si
1184 1767 1247 1798 liuc
1263 1768 1425 1799 verterent
1439 1792 1448 1807 ,

120 1815 243 1855 spathis
256 1817 288 1846 et
302 1814 401 1845 hastis
416 1814 624 1846 auxiliarium
636 1814 875 1845 sternebantur.
895 1816 985 1845 Clara
1002 1823 1039 1845 ea
1051 1813 1190 1845 victoria
1205 1813 1276 1853 suit,
1292 1815 1449 1855 captaque

121 1871 221 1894 uxore
234 1864 266 1892 et
282 1861 345 1892 filia
359 1862 519 1893 Caractaci
531 1885 540 1900 ,
558 1861 672 1892 fratres
685 1870 813 1901 quoque
829 1861 860 1892 in
879 1861 1074 1892 deditionem
1087 1861 1221 1901 accepti.

162 1910 297 1941 XXXVI.
323 1912 404 1948 Ipse,
420 1911 457 1940 ut
470 1908 569 1940 ferme
584 1908 691 1939 intuta
707 1910 783 1940 sunt
797 1907 932 1940 adversa
943 1932 951 1947 ‚
967 1917 1068 1948 quum
1082 1907 1177 1939 fidem
1199 1907 1448 1947 Cartimanduae,

121 1956 242 1996 reginae
260 1958 447 1995 Brigantum
460 1979 469 1994 ,
485 1955 654 1996 petivisset
668 1978 678 1995 ‚
695 1955 828 1987 vinctus
845 1963 882 1986 ac
900 1954 1079 1986 victoribus
1096 1954 1235 1987 traditus
1251 1956 1319 1995 est,
1334 1964 1420 1987 nono
1437 1956 1444 1974 ¹

121 2054 254 2079 Sirientes
270 2054 373 2079 ibimus
385 2053 482 2083 Afros.
495 2067 524 2071 —
537 2059 560 2078 s.
574 2054 764 2084 instituendis,
777 2054 809 2078 ut
831 2053 980 2077 secundum
1003 2052 1076 2083 leges
1095 2052 1204 2077 vivendi
1225 2052 1448 2078 consuetudinem

122 2091 301 2114 assumerent.
1164 2112 1166 2114 .

152 2127 272 2152 xxxm.
289 2132 308 2151 l.
322 2127 451 2157 Superior
474 2128 601 2152 Romanis
616 2128 716 2157 peritia
735 2127 872 2155 locorum,
886 2133 937 2157 qua
955 2126 989 2150 ad
1008 2126 1116 2150 fraudes
1134 2127 1265 2150 uteretur.
1281 2126 1354 2150 Astu
1364 2126 1449 2157 junge

124 2169 186 2189 cum
200 2162 350 2191 transfert·
364 2175 391 2179 —
408 2167 429 2185 2.
446 2164 542 2187 Pacem
554 2163 641 2192 qualis
652 2163 685 2186 ab
694 2164 814 2187 Romano
826 2162 925 2192 populo
940 2162 1063 2190 dabatur,
1072 2160 1181 2185 tributis
1190 2162 1311 2185 onerata.
1323 2174 1351 2178 —-
1361 2167 1385 2186 5.
1397 2162 1450 2188 Ad-

124 2203 229 2226 diturus
240 2199 300 2220 erat
309 2197 416 2221 Tacitus
431 2197 543 2226 insedit,
558 2199 648 2227 copias
662 2198 743 2226 locat,
767 2198 813 2221 sed
828 2198 969 2227 sequeutia
986 2197 1019 2220 ad
1039 2196 1091 2220 alia
1111 2201 1172 2220 eum
1185 2195 1448 2226 perduxerunt—4,

126 2236 240 2262 Leniter,
259 2233 291 2256 de
306 2232 372 2256 locis
384 2234 489 2256 modice
500 2233 657 2257 acclivibus.
673 2246 702 2250 —
713 2234 775 2257 5.V.
791 2233 825 2257 ad
836 2234 866 2262 ll,
881 2238 917 2256 ai.

154 2268 271 2295 XXXIV.
285 2272 305 2291 i.
326 2268 380 2290 Diis
392 2268 486 2297 patriis
500 2274 548 2297 per
559 2268 759 2297 jusjurandum.

154 2304 263 2330 XXXV.
281 2308 304 2327 ι.
320 2303 457 2330 Pei-vadit,
472 2305 591 2333 superat.
609 2317 636 2320 —
648 2309 669 2327 2.
682 2305 767 2328 Tecto
779 2304 904 2329 coriaceo
914 2303 958 2328 vel
969 2309 1001 2328 ex
1017 2303 1069 2327 alia
1084 2302 1196 2327 materia
1205 2321 1211 2332 ,
1223 2303 1273 2328 sub
1284 2310 1337 2334 quo
1349 2306 1447 2331 milltes

126 2339 318 2370 impedimenta
335 2337 496 2362 amolientcs
510 2338 561 2362 tuti
574 2340 674 2362 essent.
689 2345 750 2363 —5.
769 2341 809 2363 Sc.
834 2339 867 2363 de
890 2339 949 2363 loco
972 2344 1029 2368 suo,
1049 2338 1111 2362 inde
1125 2338 1273 2362 evadentes
1287 2339 1316 2363 in
1328 2340 1408 2370 juqa.
1419 2355 1449 2359 —

127 2380 147 2398 ⁴.
163 2375 238 2399 Levis
256 2373 416 2399 armaturae:
442 2374 502 2402 quia
522 2373 648 2397 instructi
668 2373 758 2398 fundis
775 2376 802 2398 et
816 2374 876 2398 telis
889 2380 946 2404 quae
954 2374 1100 2404 seruntur
1114 2375 1173 2403 (per
1183 2379 1274 2398 aerem
1287 2375 1449 2407 jaciuntur),

128 2415 181 2435 non
195 2410 337 2437 tenentur,
350 2409 379 2432 ut
390 2409 493 2438 gladius
510 2410 537 2432 et
550 2410 665 2432 scutum.

160 2444 277 2469 XXXVI.
294 2449 313 2468 i.
328 2444 411 2470 Nono
422 2443 547 2468 dubium:
566 2444 637 2469 cont.
656 2446 767 2470 Dionem
784 2447 853 2471 (ἶπες.
869 2446 921 2475 LX,
937 2450 970 2474 ia,
987 2444 1094 2470 erinna
1118 2445 1190 2471 Hist.
1203 2445 1252 2475 lll,
1264 2450 1300 2470 ω.
1311 2458 1338 2464 -
1353 2450 1374 2471 2.
1386 2445 1449 2472 scu.
