1539 2668
157 154 196 184 56
549 152 680 181 TACITI
703 151 909 181 ANNALIUM
930 152 1002 180 LIB.
1027 152 1065 180 11.

156 240 173 254 a
193 226 332 257 nuiSse.»
350 224 535 265 legebantur
543 226 574 256 et
589 224 708 256 indicta
724 224 872 264 gentibus
886 224 1019 263 tributa,
1043 223 1169 264 pondus
1185 223 1307 263 argenti
1331 223 1364 255 et
1389 226 1472 265 auri,

152 282 308 306 numerus
319 281 482 304 armorum
499 280 731 312 equorumque,
746 272 778 303 et
793 271 876 303 dona
886 271 1026 312 templis,
1040 271 1118 303 ebur
1134 272 1229 311 atque
1242 270 1367 312 odores,
1377 283 1473 313 quas-

153 330 216 362 que
234 320 341 360 copias
360 320 513 351 frumenti
526 320 558 350 et
580 319 724 350 omnium
737 318 922 350 utensilium
936 327 1072 359 quaeque
1095 318 1183 350 natio
1200 318 1369 359 penderet,
1387 320 1473 352 haud

152 369 259 400 minus
275 367 445 407 magnifica
461 376 558 406 quam
574 375 661 397 nunc
676 366 708 397 vi
722 367 911 397 Parthorum
927 368 982 397 aut
997 366 1140 406 potentia
1149 370 1292 397 Romana
1305 366 1471 406 jubentur.

195 419 270 446 LXI.
295 416 445 446 Ceterum
479 413 688 445 Germanicus
705 413 775 444 aliis
797 422 926 454 quoque
950 412 1112 444 miraculis
1143 413 1281 444 intendit
1312 414 1470 444 animum.

152 471 292 503 quorum
309 461 471 502 praecipua
487 461 575 492 suere
592 460 768 491 Memnonis
785 469 881 492 saxea
896 460 1017 500 effigies
1028 484 1036 499 ‚
1054 460 1109 491 ubi
1130 460 1226 491 radiis
1242 461 1318 492 solis
1332 461 1394 492 icta
1410 461 1472 498 est,

150 511 296 542 vocalem
320 517 437 540 sonum
456 508 593 539 reddens
605 531 613 545 ,
632 507 846 547 disjectasque
862 508 945 538 inter
961 508 993 538 et
1010 508 1065 538 vix
1084 507 1210 547 pervias
1236 517 1347 539 arenas
1370 508 1473 538 instar

149 557 312 589 montium
336 555 461 587 eductae
474 553 659 595 pyramides
676 555 851 585 certamine
867 556 899 585 et
913 553 1029 594 opibus
1042 562 1170 593 regum,
1189 554 1342 594 lacusque
1356 555 1473 586 effossa

152 604 252 635 humo
269 603 295 642 ⁴,
315 601 541 642 superfluentis
559 601 621 632 Nili
644 602 864 642 receptacula,
889 603 986 640 atque
1002 600 1079 631 alibi
1096 595 1251 640 angustiae
1267 604 1299 633 et
1314 601 1474 641 profunda

152 650 303 689 altitudo,
325 649 423 680 nullis
438 648 669 689 inquirentium
686 649 796 689 spatiis
813 648 1018 689 penetrabilis
1031 647 1056 678 ².
1075 647 1155 679 Exin
1171 649 1304 679 ventum
1319 649 1471 689 Elephan-

151 699 241 729 tinen
256 706 293 728 ac
310 701 434 736 syenen
446 721 454 736 ,
476 696 617 727 claustra
639 696 716 727 olim
733 696 869 728 Romani
886 695 1013 736 imperii
1026 718 1035 734 ,
1051 695 1136 735 quod
1154 703 1241 725 nunc
1263 695 1408 727 Rubrum
1430 698 1469 729 ad

148 754 237 777 mare
250 744 261 762 ³
285 743 431 784 patescit.
536 772 539 775 i

190 795 282 823 LXII.
307 795 391 822 Dum
407 799 444 822 ea
461 791 555 822 aestas
572 791 760 822 Germaniw
778 790 885 831 plures
901 799 958 830 per
976 788 1157 830 provincias
1174 789 1371 829 transigitur,
1385 791 1471 823 haud

147 840 218 871 leve
241 838 338 869 decus
366 842 489 868 Drusus
508 837 683 877 quaesivit,
712 837 848 868 illiciens
879 838 1058 868 Germanos
1083 835 1123 866 ad
1152 836 1344 876 discordias,
1370 838 1472 878 utque

149 886 251 918 fracto
265 885 329 924 jam
350 884 550 915 Maroboduo
571 885 718 924 usquein
736 884 870 915 exitium
893 883 1107 915 insisteretur.
1126 885 1194 914 erat
1208 884 1292 915 inter
1309 885 1471 916 Gotliones

148 932 266 966 nobilis
282 931 412 971 juvenis
429 931 559 962 nomine
582 932 737 963 Catualda
750 956 758 972 ‚
787 931 943 972 profugus
959 930 1036 962 olim
1053 930 1086 962 vi
1107 930 1314 971 Marobodui,
1339 934 1371 963 et
1392 934 1471 964 tunc

150 980 259 1013 dubiis
277 979 373 1010 rebus
393 978 462 1018 ejus
481 979 635 1009 ultionem
653 987 762 1010 ausus.
782 979 809 1009 is
825 978 929 1009 valida
948 987 1046 1009 manu
1071 977 1149 1009 fines
1170 982 1470 1011 Marcomannorum

146 1026 338 1067 ingreditur,
357 1025 581 1065 corruptisque
597 1025 793 1066 primoribus
810 1026 850 1057 ad
873 1025 1078 1058 societatem,
1100 1025 1250 1065 irrumpit
1278 1026 1396 1066 regiam
1417 1036 1471 1058 ca·

146 1075 342 1113 stellumque
359 1073 452 1112 juxta
465 1073 574 1104 situm.
585 1075 709 1104 veteres
723 1073 787 1104 illic
801 1077 979 1105 suevorum
997 1072 1114 1113 praedae
1129 1074 1160 1104 et
1179 1072 1294 1103 nostris
1307 1082 1324 1104 e
1337 1074 1470 1113 provin—

145 1121 205 1152 ciis
221 1121 295 1152 lixae
312 1129 349 1151 ac
363 1120 576 1159 negotiatores
592 1120 720 1160 reperti,
734 1129 815 1160 quos
829 1121 880 1159 jus
897 1119 1100 1157 commercii,
1118 1119 1192 1150 dein
1207 1119 1323 1158 cupido
1334 1122 1470 1160 augendi

147 1168 339 1209 pecuniam,
366 1168 565 1207 postremum
583 1167 702 1198 oblivio
719 1167 832 1206 patriae
850 1168 918 1198 suis
937 1175 1100 1206 quemque
1113 1165 1153 1196 ab
1170 1165 1301 1198 sedibus
1318 1166 1469 1200 hostilem

144 1214 178 1246 in
193 1224 305 1255 agrum
326 1214 543 1245 transtulerat.

189 1266 295 1293 LXIII.
321 1260 519 1292 Maroboduo
535 1260 678 1300 undique
698 1259 822 1291 deserto
844 1269 909 1291 non
927 1260 1015 1292 aliud
1037 1259 1217 1291 subsidium
1234 1269 1331 1300 quam
1347 1261 1471 1294 miSeri-

145 1309 254 1340 cordia
278 1307 413 1340 Caesaris
435 1307 508 1338 I'uit.
539 1310 755 1347 transgressus
777 1307 980 1346 Danubium,
1007 1316 1069 1347 qua
1096 1307 1244 1337 Noricam
1270 1308 1468 1347 provinciam

145 1355 302 1396 praefluit,
318 1354 446 1393 scripsit
461 1353 609 1393 Tiberio,
626 1363 692 1384 non
710 1355 746 1384 ut
768 1354 922 1393 profugus
940 1356 995 1384 aut
1017 1353 1149 1393 supplex
1164 1377 1172 1392 ,
1193 1353 1246 1384 sed
1260 1363 1300 1385 ex
1316 1356 1470 1388 memoria

145 1402 264 1443 prioris
281 1401 421 1431 fortunae
437 1410 443 1430 1
460 1408 543 1430 nam
560 1401 683 1431 multis
700 1400 900 1431 nationibus
915 1401 1148 1432 clarissimum
1165 1400 1339 1440 quondam
1358 1411 1468 1442 reyem

144 1449 240 1481 adse
258 1447 459 1480 vocantibus
476 1450 669 1478 Romanam
691 1449 884 1478 amicitiam
904 1448 1118 1488 praetulisse.
1145 1456 1336 1487 responsum
1358 1457 1377 1480 a
1400 1453 1468 1481 Cac-

143 1505 214 1528 sare
227 1519 237 1535 ,
256 1497 369 1526 italam
384 1496 413 1525 ei
431 1494 712 1535 honoratamque
729 1494 842 1525 sedem
867 1497 902 1526 in
929 1495 1042 1526 Italia
1052 1494 1151 1533 sore,
1167 1496 1195 1525 si
1212 1498 1371 1527 maneret
1392 1498 1469 1528 :sin

144 1543 246 1576 rebus
274 1541 346 1581 ejics
373 1540 475 1572 aliud
500 1541 720 1580 conduceret,
747 1541 931 1572 abiturum
950 1540 1024 1580 fide
1041 1549 1111 1582 qua
1137 1543 1294 1573 venisset.
1326 1544 1469 1575 ceterum

144 1590 232 1630 apud
254 1589 401 1620 senatum
422 1587 594 1627 disseruit,
613 1596 679 1619 non
694 1588 895 1628 Philippum
911 1588 1169 1620 Atheniensibus
1181 1612 1191 1629 ,
1208 1597 1275 1620 non
1288 1589 1470 1629 Pyrrhum

145 1639 210 1670 aut
242 1635 447 1668 Antioc-irum
471 1635 602 1674 populo
633 1638 782 1666 Romano
808 1635 954 1674 perinde
981 1636 1182 1667 metuendos
1209 1635 1329 1675 fuisse.
1365 1639 1471 1670 exstat

144 1683 248 1717 oratio
264 1706 272 1721 ,
292 1691 356 1722 qua
378 1682 654 1722 inaqnitudincin
671 1684 756 1721 viri,
780 1682 979 1714 violentiam
995 1682 1230 1721 subjectarum
1255 1685 1283 1714 ei
1302 1685 1468 1723 centium,

145 1734 179 1764 et
194 1738 300 1772 quam
312 1731 532 1769 propinquus
549 1730 671 1761 [calice
687 1730 794 1761 nostis
807 1754 816 1763 .
832 1738 963 1770 suaque
989 1731 1024 1760 in
1039 1729 1246 1761 destruendo
1272 1738 1308 1760 eo
1324 1730 1469 1762 consilia

145 1777 271 1812 extuIIt.
302 1778 339 1807 Et
351 1776 569 1807 Maroboduus
588 1776 719 1816 quidem
735 1780 898 1808 Ravennae
911 1776 1040 1807 habitus
1051 1800 1059 1815 ‚
1085 1784 1125 1807 ne
1137 1800 1145 1815 ,
1165 1776 1192 1807 si
1219 1776 1348 1816 quando
1361 1801 1369 1816 ‚
1384 1777 1469 1808 inso-

144 1825 302 1859 lescerent
322 1823 329 1840 ¹
351 1822 469 1861 suevi,
489 1823 581 1862 quasi
608 1823 770 1854 rediturus
796 1823 829 1854 in
845 1832 980 1863 regnum
1003 1823 1237 1854 ostentabatur.
1267 1823 1322 1855 sed
1338 1832 1403 1855 non
1417 1832 1470 1855 ex·

144 1872 243 1904 cessit
270 1869 361 1901 Italia
389 1878 445 1909 per
473 1869 695 1909 duodeviginti
723 1879 843 1909 annOS‚
873 1870 1106 1910 consenuitque
1133 1870 1274 1901 multum
1297 1870 1469 1901 imminuta

145 1918 289 1951 claritate
302 1916 344 1948 ob
359 1916 493 1947 nimiam
509 1916 639 1947 vivendi
657 1916 852 1957 cupidinem.
872 1916 960 1948 Idem
977 1916 1143 1948 Catualdae
1159 1925 1252 1948 casus
1265 1926 1368 1957 neque
1381 1917 1467 1949 aliud

144 1964 338 2006 perfugium.
361 1963 470 2004 pulsus
500 1963 586 1994 haud
602 1964 704 1994 multo
731 1967 805 2003 post
828 1964 1127 1995 Hermundurorum
1152 1964 1269 2004 opibus
1292 1967 1323 1995 et
1351 1964 1468 1996 Vibilio

145 2012 227 2042 duce
239 2034 246 2045 ‚
264 2014 475 2051 receptusque
488 2014 605 2041 Forum
619 2014 633 2041 J
638 2011 751 2050 ulium,
764 2011 981 2042 Narbonensis
996 2011 1105 2043 Galliae
1128 2010 1298 2049 coloniam,
1317 2011 1467 2044 mittitur.

145 2057 274 2088 barbari
293 2059 469 2096 utrumque
489 2058 656 2097 comitati,
682 2067 723 2089 ne
749 2058 872 2097 quietas
899 2058 1082 2097 provincias
1111 2056 1250 2088 immixti
1280 2057 1468 2097 turbarent,

146 2104 330 2138 Danubium
343 2104 429 2135 ultra
442 2104 524 2135 inter
537 2104 669 2136 flumina
683 2109 808 2136 Marum
822 2106 984 2137 etCusum
1000 2105 1159 2144 locantur,
1171 2103 1246 2135 dato
1261 2112 1332 2143 rege
1343 2105 1469 2137 Vannio

145 2151 250 2192 gentis
266 2151 464 2190 Quadorum.

188 2201 292 2230 LXIV.
317 2197 417 2228 simul
442 2197 595 2229 nunciato
621 2207 733 2238 reqem
755 2200 940 2231 Artaxiam
955 2199 1125 2230 Armeniis
1141 2206 1164 2229 a
1185 2198 1384 2229 Germanico
1408 2197 1467 2230 da-

176 2273 242 2298 LXI.
260 2278 279 2296 ι.
294 2273 410 2296 Nomine
428 2273 529 2296 Moeris.
545 2286 571 2290 ν-
583 2278 604 2296 2.
617 2273 740 2298 Fortasse
757 2274 802 2298 illa
812 2275 883 2298 inter
895 2273 1092 2302 Elephantinen
1105 2273 1133 2296 et
1145 2274 1260 2302 Syenen,
1273 2273 1306 2296 de
1317 2279 1368 2302 qua
1380 2273 1467 2297 saites

147 2309 257 2339 quidam
271 2308 392 2331 narravit
409 2308 547 2331 Herodoto
565 2309 597 2337 11,
613 2314 651 2332 28.
676 2309 782 2338 spatiis
796 2310 853 2334 scil.
867 2314 1053 2333 mensurarum
1068 2307 1259 2332 adhibitarum.
1273 2321 1301 2325 -—
1312 2314 1333 2332 3.
1349 2309 1404 2332 Hoc
1415 2313 1466 2332 no·

148 2349 211 2368 men
233 2343 371 2366 veteribus
396 2349 479 2372 usque
501 2343 534 2366 ad
560 2343 680 2367 Indicum
708 2345 845 2368 Oceanum
870 2343 1075 2368 extendebatur.
1099 2343 1227 2373 InteIIIgIt
1247 2345 1336 2367 autem
1357 2343 1467 2373 Traiani

147 2384 194 2404 res
205 2383 334 2408 prospere
345 2379 435 2407 gestas
447 2379 472 2401 in
489 2377 595 2404 Arabia,
609 2379 801 2408 Mesopotamia
816 2381 843 2403 et
857 2379 974 2409 Assyria,
989 2378 1068 2403 annis
1083 2383 1133 2405 iu,
1150 2383 1191 2402 ¹¹⁵
1204 2384 1229 2408 p.
1244 2379 1307 2403 Chr.

180 2414 270 2438 LXIII.
284 2419 304 2437 ¹.
319 2414 356 2438 Ne
370 2414 512 2437 occasione
526 2413 596 2437 torte
611 2413 673 2437 data
685 2415 889 2439 insolescerent.
