1539 2668
67 170 124 201 124
458 168 592 197 TACITI
617 168 831 199 ANNALiUM
854 172 926 199 LIB.
951 172 990 201 V.

65 241 107 273 ob
127 243 249 273 metum
266 249 398 281 paucae,
413 241 523 281 plures
540 241 749 273 assuetudine
767 243 798 258 ⁴¹*
817 242 849 269 ²«
866 244 944 274 milii
964 243 1118 284 pudorem
1142 247 1198 276 aut
1217 245 1331 286 sejano
1346 247 1394 279 in-

66 301 83 316 «
102 289 223 320 vidiam
239 288 413 319 allaturum
430 288 555 319 censui.
572 289 607 303 *⁴
625 297 718 320 versa
736 292 784 320 est
801 290 930 322 fortuna
947 315 955 330 ,
973 293 1004 323 et
1021 292 1072 323 ille
1087 291 1238 332 quidem,
1256 294 1311 334 qui
1330 295 1394 326 col·

68 348 84 363 α
103 336 205 374 legam
228 337 260 367 et
286 344 437 375 generum
459 336 617 367 asciverat
630 335 654 374 ³,
668 336 728 368 sibi
751 337 903 378 ignoscit;
919 339 1030 377 ceteri,
1045 348 1141 379 quem
1166 348 1222 379 per
1241 340 1407 373 dedecora?

69 395 85 410 «ι
104 383 212 414 fovere
224 407 233 422 ,
252 391 327 414 cum
345 383 464 414 scelere
489 383 701 414 insectantur.
723 384 759 400 *³*
773 385 920 416 miserius
937 385 980 417 sit
996 386 1037 416 ob
1058 386 1235 418 amicitiam
1252 388 1403 424 accusari}

68 443 84 457 a
100 439 141 461 an
155 430 297 461 amicum
315 438 484 469 accusare,
503 430 590 461 haud
607 431 828 463 discreverim.
845 433 881 450 Η
899 442 963 464 non
980 433 1205 465 crudelitatem
1219 457 1228 474 ,
1245 442 1310 466 non
1332 435 1399 467 cle-

68 490 84 504 «
103 478 259 509 mentiam
285 478 478 516 cujusquam
494 479 664 518 experiar,
680 478 734 510 sed
753 479 834 511 liber
861 482 893 512 et
922 480 999 511 mihi
1022 481 1083 521 ipsi
1105 481 1261 521 probatus
1288 483 1398 516 antibo

69 536 85 551 α
106 525 300 564 periculum.
316 533 374 556 vos
386 523 530 555 obtestor
551 533 591 556 ne
609 525 800 557 memoriam
819 527 922 558 nostri
937 537 992 567 per
1006 537 1177 560 moerorem
1189 528 1200 546 ⁴
1220 537 1317 570 quarn
1332 529 1399 561 iaeti

70 583 86 598 α
103 571 289 612 retineatis,
309 570 490 611 adjiciendo
505 580 558 603 nie
575 581 706 613 quoque
722 572 760 604 iis
774 574 829 614 qui
847 573 909 605 iiue
935 575 1060 615 egregio
1074 575 1202 615 publica
1217 577 1300 608 mala
1315 576 1398 608 effu·

68 630 84 645 «
101 620 228 658 gerunt.
250 631 266 646 u

107 668 175 696 VII.
201 670 293 697 Tunc
309 665 475 706 singulos,
492 669 528 698 ut
546 666 662 707 cuique
678 667 827 699 assistere
840 692 848 707 ,
869 669 988 708 alloqui
1010 669 1140 701 animus·
1153 670 1242 709 erat,
1259 670 1400 703 retinens

67 713 123 743 aut
137 712 305 744 dimittens
323 713 329 730 ¹
352 714 476 753 partem
494 713 556 744 diei
581 714 781 755 absumpsit,
799 716 968 756 multoque
985 716 1091 747 adhuc
1113 720 1198 748 coetu
1215 718 1247 748 et
1276 716 1400 749 cunctis

68 758 267 800 intrepidum
285 760 415 791 vultum
428 760 497 801 ejus
514 762 753 798 spectantibus.
768 771 867 798 ouum
882 772 1047 803 superesse
1062 766 1190 805 tempus
1216 764 1401 796 novissimis

68 807 257 847 crederent,
284 807 410 847 gladio,
437 817 534 848 quem
561 810 634 840 sinu
658 808 850 849 abdiderat,
877 810 1036 841 incubuit.
1060 820 1164 851 neque
1191 815 1297 844 Caesar
1324 809 1401 842 ullis

68 854 258 885 criminibus
273 858 329 886 aut
343 855 470 895 probris
485 855 677 887 defunctum
692 856 866 889 insectatus
882 860 930 889 est
947 882 956 898 ‚
975 867 1077 898 quum
1094 859 1126 890 in
1147 859 1282 891 Blaesum
1299 858 1401 890 muita

70 901 216 941 nimiaque
230 902 454 935 incusavisset.

110 953 194 980 VIII.
219 949 367 980 Relatum
385 949 459 981 inde
473 948 512 980 de
526 951 561 981 P.
581 950 711 981 Vitellio
728 951 736 968 ¹
758 952 791 983 et
807 952 984 992 Pomponio
1000 953 1148 984 Secundo
1160 953 1185 984 ².
1208 953 1302 985 ilium
1315 953 1401 984 indi·

69 1004 121 1026 ces
134 996 312 1036 arguebant
325 998 486 1028 claustra
502 999 638 1036 cerarii,
655 1000 710 1029 cui
721 998 910 1039 prccfcctus
933 1002 1011 1030 crat
1022 1023 1030 1038 ‚
1047 1003 1081 1031 et
1095 1001 1286 1032 militarem
1305 1009 1402 1040 pecu-

69 1044 163 1074 mam
177 1044 281 1075 rebus
299 1046 393 1075 novis
407 1044 571 1075 obtulisse
577 1057 590 1084 ;
608 1045 684 1075 huic
701 1054 719 1076 a
734 1046 899 1086 Considio,
919 1049 1058 1086 praetura
1082 1047 1403 1087 suueto„ob1ectaba—

69 1090 124 1120 tur
139 1091 224 1122 AEliz‘
243 1092 338 1122 Galli
353 1091 364 1108 ³
381 1093 545 1130 cinicino,
561 1095 619 1132 qui
630 1095 758 1132 pimilo
772 1093 894 1132 Sejano
910 1096 943 1123 in
960 1093 1077 1124 hortos
1093 1096 1286 1134 Pomponii,
1301 1096 1402 1134 quasi

65 1135 277 1176 fidissimum
307 1138 354 1169 ad
382 1138 574 1169 subsidium
590 1162 598 1176 ,
621 1139 845 1179 perj'uyissct.
884 1149 988 1179 neque
1024 1141 1111 1171 aliud
1143 1141 1404 1181 periclitantibus

72 1184 183 1215 auxilii
196 1194 296 1225 quam
311 1185 343 1216 in
362 1185 498 1216 fratrum
515 1187 697 1217 constantia
712 1186 784 1225 suit,
800 1187 855 1226 qui
871 1187 968 1217 vades
982 1188 1136 1219 exstitere
1154 1188 1179 1218 ⁴.
1195 1197 1271 1219 mox
1284 1187 1405 1218 crebris

71 1231 316 1271 prolationibus,
332 1242 423 1273 spem
439 1241 475 1263 ac
489 1236 612 1264 metum
624 1233 719 1272 juxta
734 1235 885 1273 gravatus
899 1234 1057 1273 Vitellius,
1076 1236 1178 1275 petito
1194 1244 1251 1276 per
1264 1235 1404 1276 speciem

72 1279 255 1310 studiorum
279 1281 405 1320 scalpro
421 1280 432 1298 ⁵
450 1305 458 1320 ‚
483 1280 586 1312 levem
611 1281 713 1312 ictum
736 1281 829 1312 venis
852 1281 985 1321 intulit,
1017 1282 1182 1323 vitamque
1212 1282 1405 1323 aegritudine

72 1326 173 1357 animi
194 1327 309 1359 linivit.
328 1329 361 1358 at
377 1328 575 1367 Pomponius
588 1352 597 1367 ,
621 1328 724 1359 multa
747 1337 875 1359 morum
893 1329 1050 1369 elegantia
1065 1332 1097 1361 et
1122 1330 1250 1370 iugenio
1267 1329 1403 1369 illustri,

73 1372 150 1404 dum
168 1374 337 1405 adversam
356 1375 518 1405 fortunam
536 1384 649 1414 aequus
665 1376 791 1414 tolerat,
810 1375 941 1406 Tiberio
956 1378 1117 1416 superstes
1133 1377 1205 1407 suit.

116 1425 166 1452 ΙΧ.
205 1422 362 1453 Placitum
392 1423 546 1462 posthac,
565 1424 606 1453 ut
627 1424 662 1453 in
681 1423 830 1463 reliquos
855 1423 971 1463 Sejam'
995 1423 1118 1455 liberos
1141 1423 1403 1463 adverteretur,

76 1471 273 1500 vanescente
289 1478 487 1510 quamquam
504 1469 605 1509 plebis
620 1470 677 1508 ira,
693 1479 729 1501 ac
747 1470 907 1510 plerisque
919 1479 974 1510 per
986 1471 1095 1510 priora
1111 1471 1271 1511 supplicia
1287 1470 1404 1502 lenitis,

29 1528 38 1540 v
76 1515 172 1554 igitur
188 1518 359 1556 portantur
378 1516 411 1546 in
429 1525 608 1554 carcerem,
625 1517 710 1547 filius
728 1517 969 1548 imminentium
990 1517 1190 1558 intelligens,
1206 1518 1310 1558 puella
1327 1517 1407 1549 adeo

77 1562 196 1602 nescia,
214 1565 249 1594 ut
266 1564 379 1594 crebro
396 1563 607 1603 interrogaret
627 1563 717 1604 quod
734 1564 776 1595 ol]
790 1564 956 1596 delictum
972 1566 1005 1596 et
1024 1573 1090 1606 quo
1107 1565 1335 1597 traheretur?
1354 1573 1409 1596 ne-

76 1610 340 1649 quesacturam
356 1612 469 1649 ultra,
488 1612 519 1641 et
533 1620 629 1651 posse
643 1621 678 1642 sc
688 1612 820 1652 puerili
834 1612 975 1643 verbere
986 1615 1127 1644 moneri.
1140 1612 1252 1644 oblisis
1265 1611 1409 1643 saucibus

77 1657 109 1688 id
125 1658 230 1689 aetatis
251 1667 386 1698 corpora
404 1658 436 1688 in
455 1659 624 1689 Gemonias
639 1659 773 1699 abjecta.

120 1709 156 1736 X.
184 1709 242 1736 Per
256 1705 340 1735 idem
355 1707 484 1745 tempus
497 1706 572 1736 Asia
583 1709 679 1746 atque
693 1706 811 1737 Achaia
825 1707 989 1738 exterritae
1010 1709 1088 1737 sunt
1109 1706 1177 1738 acri
1196 1706 1298 1747 magis
1313 1714 1412 1746 quam

80 1752 236 1783 diuturno
250 1761 391 1791 rumore,
407 1755 576 1793 Drusum,
594 1753 916 1793 Germanici-filium
933 1754 956 1793 ¹,
972 1754 1069 1793 apud
1085 1753 1260 1794 Cycladas
1272 1753 1407 1785 insulas

80 1808 162 1831 mox
175 1801 210 1830 ‘In
226 1801 413 1830 continenti
428 1802 551 1831 visum.
569 1801 601 1831 et
615 1801 824 1840 eratjuvenis
842 1801 927 1832 haud
944 1801 1062 1840 dispari
1084 1802 1200 1840 aetate,
1218 1800 1415 1841 quibusdam

81 1847 219 1878 Caesaris
234 1846 356 1878 libertis
369 1847 460 1878 velut
476 1848 621 1887 agnitus,
639 1857 695 1888 per
709 1848 885 1888 dolumque
902 1848 913 1865 2
934 1848 1176 1878 comitantibus.
1197 1847 1405 1880 alliciebantu

85 1895 186 1934 ignari
210 1895 295 1925 sama
318 1895 457 1926 nominis
491 1896 524 1926 et
552 1895 711 1936 promptis
738 1899 921 1927 Graecorum
954 1896 1072 1927 animis
1096 1896 1135 1927 ad
1160 1905 1245 1927 nova
1261 1898 1293 1928 et
1310 1895 1418 1928 mira‘:

84 1944 212 1982 quippe
230 1942 391 1982 elapsum
416 1941 582 1974 custodiae
601 1951 747 1984 peryere
767 1943 814 1975 acl
825 1946 996 1984 paternos
1017 1945 1209 1983 exercitus,
1233 1944 1422 1984 AEqyptum

87 1991 150 2022 aut
169 1991 309 2030 Syriam
336 1992 543 2021 invasurum
570 1989 733 2030 fingebant
756 1991 853 2023 simul
875 1991 1125 2031 credebantque.
1150 1991 1218 2030 jam
1241 1990 1423 2031 juventutis

94 2045 271 2076 concursu,
291 2036 359 2076 jam
377 2036 519 2078 publicis
534 2038 655 2070 studiis
672 2038 956 2079 frequentabatur,
974 2039 1067 2070 laetus
1083 2037 1296 2078 praesentibus
1312 2037 1345 2069 et
1359 2037 1424 2068 ina·

93 2139 197 2173 capitis.
213 2144 290 2168 Dicta
306 2146 369 2168 sunt
381 2145 453 2170 inter
467 2146 588 2175 amiCOS,
604 2151 659 2171 non
671 2146 699 2170 in
713 2148 825 2175 senatu,
840 2152 855 2171 a
869 2146 1003 2175 quodam,
1017 2146 1051 2170 ut
1065 2144 1183 2173 videtur,
1198 2144 1274 2169 Blaesi
1288 2143 1426 2173 familiari.

91 2191 119 2196 -—
130 2184 154 2203 2.
165 2180 373 2204 Assentatoriae
385 2181 441 2204 sive
452 2182 569 2205 serviles
581 2183 681 2211 erant;
696 2182 828 2212 eJ'usmodi
842 2182 944 2211 aliquid
957 2181 1078 2205 additum
1090 2179 1172 2204 tuisse
1184 2180 1301 2204 videtur.
1312 2193 1342 2197 -
1351 2187 1374 2205 ³.
1383 2181 1428 2206 'ri-

92 2212 199 2244 bei-ius,
215 2215 257 2238 cui
271 2215 384 2244 Sejanus
401 2215 506 2245 collega
519 2217 625 2246 imperii
638 2219 817 2247 etproqener
828 2217 979 2241 destinatus
996 2216 1023 2240 in
1037 2217 1120 2245 nepte
1133 2215 1204 2240 Julia
1213 2234 1220 2245 ,
1233 2215 1312 2240 Drusi
1324 2215 1388 2240 fllia.
1401 2228 1426 2233 —

94 2253 116 2273 ⁴.
128 2251 170 2274 Sc.
184 2250 282 2279 potius.

125 2285 182 2308 Vll.
202 2290 225 2309 i.
239 2286 282 2309 sc.
298 2291 345 2309 eos
359 2286 458 2315 quibus
470 2292 527 2312 non
540 2289 606 2312 erat
617 2288 734 2312 animus
750 2288 892 2312 assistere.

126 2320 195 2344 Vlll.
211 2325 231 2344 ι.
246 2321 348 2350 Legato
361 2322 529 2352 Germanici,
545 2328 625 2352 quem
638 2323 711 2347 ultus
725 2323 814 2348 ruerat
832 2324 858 2347 in
873 2323 986 2352 Pisone,
1001 2322 1055 2352 iil,
1071 2328 1106 2348 is.
1123 2334 1151 2340 —
1168 2327 1192 2347 2.
1212 2322 1310 2352 Poeta,
1328 2321 1362 2346 de
1379 2326 1433 2360 quq

100 2355 161 2384 xil,
176 2360 213 2379 ευ.
225 2368 252 2372 —-
263 2362 285 2380 5.
297 2356 476 2381 celeberrimi
487 2358 738 2386 iurisconsulti-4.
750 2360 796 2384 Rei
810 2359 836 2382 in
849 2358 1000 2382 custodiam
1015 2359 1072 2384 dati
1084 2358 1229 2387 iratribus,
1243 2358 1289 2388 qui
1301 2363 1349 2382 eos
1359 2357 1430 2382 domi

100 2395 155 2413 suu}
169 2391 308 2415 tenebant.
320 2404 349 2409 -
362 2398 384 2416 a.
398 2393 457 2421 Quo
471 2393 567 2416 calami
581 2393 758 2418 acuebantur.

108 2426 158 2451 xi.
172 2426 222 2456 Qui
252 2427 281 2452 in
294 2428 349 2452 ima
363 2429 441 2458 parte
451 2428 545 2458 palatii
557 2430 615 2454 tum
626 2430 840 2454 custodiebatur.
852 2435 912 2454 -2.
926 2431 967 2455 Sc.
989 2430 1019 2454 ut
1033 2429 1204 2460 corriperent
1225 2434 1303 2459 eum,
1316 2427 1424 2459 quando
