1539 2668
505 151 542 180 A.
565 151 604 179 U.
629 150 664 178 C.
688 150 763 179 813.
783 149 822 181 A.
844 149 881 179 C.
902 149 956 178 fio.
1331 146 1393 179 215

71 226 139 260 e-id
154 235 254 268 genus
271 224 443 266 spectaculi
458 230 492 255 m
507 222 592 256 Urbe
611 223 797 264 praebuerit.
827 221 885 254 sed
902 223 935 254 et
950 221 1137 253 consultum
1159 221 1395 267 parcimoniae,

71 286 90 304 ιι
105 274 191 315 quod
205 275 360 314 perpetua
377 272 467 304 sedes
482 271 610 302 theatro
636 272 741 302 locata
761 271 804 302 sit
826 269 933 310 potius
955 277 1053 310 quam
1080 268 1236 300 immenso
1260 273 1395 313 sumptu

71 334 89 349 «
106 321 250 362 singulos
267 329 322 361 per
338 328 439 351 annos
454 319 679 358 consurgeret,
693 317 925 350 destrueretur.
942 325 1001 348 nec
1018 316 1151 357 perinde
1169 317 1391 357 magistratus⁴

71 380 88 397 a<
104 377 174 400 rem
189 368 378 399 familiarem
391 366 622 405 exhausturos,
641 366 699 396 aut
714 365 833 405 populo
847 363 1042 403 efflagitandi
1061 368 1170 395 Graeca
1186 366 1363 399 certamina
1375 376 1396 401 a

72 429 88 444 «
105 415 350 455 magistratibus
363 422 493 444 causam
511 412 597 453 fore,
619 421 718 452 quum
734 421 772 443 eo
788 414 920 452 sumptu
938 410 1119 451 respublica
1135 411 1296 451 fungatur.
1325 424 1395 448 ora.

71 475 88 491 κ
103 464 213 495 torum
227 470 264 493 ac
277 463 388 493 vatum
397 460 548 492 victorias
562 459 808 491 incitamentum
830 459 963 499 ingeniis
979 459 1131 490 allaturas
1144 471 1152 499 ;
1170 469 1230 491 nec
1241 461 1394 502 cuiquam

71 521 88 539 «
103 509 205 549 judici
221 517 318 549 grave
336 516 428 539 aures
442 506 562 539 studiis
578 507 721 538 honestis
744 512 777 538 et
788 507 1008 547 voluptatibus
1033 507 1193 538 concessis
1215 507 1392 549 impartire.

72 556 223 588 «laetitiae
235 556 335 595 magis
348 563 444 595 quam
461 554 603 585 lasciviae
618 554 685 585 dari
704 562 824 594 paucas
839 555 938 585 totius
952 554 1167 594 quinquennii
1185 558 1307 596 noctes,
1324 557 1395 598 qui-

72 616 89 632 «
104 603 164 635 hus
181 605 269 634 tanta
290 603 362 633 luce
380 602 501 641 ignium
526 601 607 632 nihil
627 601 773 632 illicitum
795 602 950 632 occultari
974 604 1081 641 queat.
1100 614 1114 628 υ
1142 605 1222 633 Sane
1245 604 1334 635 nullo
1351 604 1397 635 in-

68 651 150 690 signi
186 650 473 681 dehonestamento
500 648 533 679 id
561 649 781 689 spectaculum
806 649 945 680 transiit.
975 657 1012 679 ac
1043 657 1082 680 ne
1111 649 1240 681 modica
1265 651 1397 691 quidem

68 697 176 729 studia
192 697 293 737 plebis
311 705 478 734 exarsere,
496 695 572 735 quia
589 695 706 727 redditi
734 705 930 736 quamquam
955 705 1062 727 scenae
1086 696 1279 736 pantomimi
1297 700 1398 732 certa-

69 744 213 775 minibus
230 743 330 775 sacris
341 743 351 761 ⁵
371 742 636 783 prohibebantur.
657 743 854 782 Eloquentiae
869 744 989 783 primas
1003 753 1097 774 nemo
1113 745 1205 783 tulit,
1223 745 1279 776 sed
1293 747 1397 778 victo-

69 799 143 822 rem
160 799 229 822 esse
245 791 417 821 Caesarem
434 790 693 829 pronuntiatum.
712 789 813 821 Graeci
826 791 966 822 amictus
979 815 988 829 ,
1013 794 1084 830 quis
1104 800 1160 831 per
1177 800 1232 823 eos
1249 791 1318 824 dies
1333 792 1397 833 ple-

68 838 164 878 rique
178 838 397 875 incesserant,
415 838 488 868 tum
501 836 708 868 exoleverant
722 837 747 867 ⁶.

111 888 204 916 XXII.
230 885 316 915 Inter
332 892 406 923 qnae
420 886 453 914 et
465 884 553 915 sidus
567 886 709 915 cometes
722 884 842 915 effulsit
858 894 865 914 :
883 883 923 914 de
941 893 1005 923 quo
1026 884 1113 923 vulgi
1132 885 1240 924 opinio
1258 887 1307 917 est
1320 885 1400 918 tam-

70 938 167 970 quam
189 931 403 962 mutationem
429 931 532 970 reguis
548 931 732 971 portendat.
757 931 856 970 igitur
881 931 972 971 quasi
1000 932 1064 970 Jain
1092 932 1225 971 depulso
1252 937 1400 973 Nerone,

69 978 216 1018 quisnam
230 978 434 1017 deligeretur,
452 978 675 1018 anquirebant.
700 979 732 1009 et
745 979 890 1009 omnium
906 987 960 1009 ore
980 978 1148 1009 Rubellius
1167 979 1300 1011 Plautus
1317 979 1325 997 ¹
1352 989 1402 1013 ce-

69 1023 225 1064 lebratur,
246 1025 297 1056 cui
311 1024 464 1056 nobilitas
478 1034 535 1065 per
549 1027 686 1056 matrem
704 1034 743 1056 ex
757 1030 772 1056 J
777 1026 841 1056 nlia
867 1026 1000 1056 familia.
1023 1026 1088 1065 ipse
1107 1026 1223 1065 placita
1238 1027 1401 1066 majorum

72 1072 214 1111 colebat,
231 1072 344 1102 habitu
360 1080 472 1103 severo
484 1097 492 1111 ‚
509 1075 598 1103 casta
614 1075 646 1104 et
661 1076 781 1104 secreta
795 1073 904 1111 domo,
919 1076 1106 1112 quantoque
1124 1078 1211 1104 metu
1229 1074 1399 1115 occultior,

70 1120 162 1150 tanto
174 1118 246 1158 plus
260 1118 354 1149 famae
376 1118 520 1158 adeptus.
537 1119 635 1150 Auxit
653 1128 818 1150 rumorem
834 1120 901 1159 pari
926 1120 1069 1150 vanitate
1087 1122 1157 1150 orta
1178 1121 1401 1161 interpretatio

72 1165 218 1204 fulguris.
236 1173 312 1195 nam
329 1165 404 1204 quia
417 1164 652 1196 discumbentis
668 1165 805 1196 Neronis
819 1166 903 1205 apud
919 1166 1104 1197 Snnlnnina
1120 1169 1244 1207 stagna,
1254 1168 1306 1199 cui
1320 1168 1402 1200 Sub·

73 1213 237 1253 laqueum
259 1220 376 1242 nomen
390 1213 439 1242 est
455 1210 482 1251 ²,
514 1211 587 1242 ictae
601 1212 701 1252 dapes
715 1221 890 1251 mensaque
905 1213 1037 1251 disjecta
1063 1216 1129 1244 erat
1142 1238 1150 1253 ‚
1167 1214 1265 1254 idque
1282 1214 1400 1246 tinibus

73 1259 244 1291 Tiburtum
261 1258 432 1296 acciderat,
450 1258 537 1290 unde
557 1261 688 1298 paterna
708 1259 933 1298 Plautoorigo,
955 1260 1039 1289 nnnc
1052 1261 1143 1291 illum
1158 1262 1293 1292 numine
1305 1261 1402 1294 deum

73 1305 227 1339 destinari
245 1304 434 1344 credebant,
462 1305 678 1345 fovebantque
693 1306 807 1345 multi,
830 1307 947 1345 quihus
964 1316 1042 1336 noxa
1060 1309 1091 1337 vt
1113 1308 1266 1348 ancipitia
1283 1317 1402 1348 praeco-

72 1354 138 1386 lere
150 1352 245 1383 avida
258 1354 290 1382 et
305 1351 499 1391 plerumque
516 1352 612 1383 fallax
630 1353 768 1384 ambitio
787 1355 848 1384 est.
868 1358 946 1392 Ergo
964 1357 1128 1391 permotus
1155 1355 1195 1385 iis
1217 1360 1301 1386 Nero
1317 1365 1402 1387 ccm-

72 1398 218 1442 ponitaael
236 1399 384 1429 Plautum
402 1399 543 1438 litteras,
567 1400 761 1431 consuleret
786 1402 890 1440 quieti
914 1402 1012 1430 lsi-ms
1035 1410 1136 1441 seque.
1153 1410 1267 1440 prava
1291 1402 1402 1442 dissa-

71 1445 497 1479 mantibus³sublralzeret
511 1457 521 1478 ,-
537 1455 605 1477 csse
618 1447 671 1477 illi
683 1455 748 1486 per
762 1449 876 1477 Asiam
888 1449 997 1477 (tullos
1011 1456 1124 1486 aqi-os,
1135 1450 1167 1478 in
1184 1448 1306 1487 (suibus
1322 1451 1402 1480 tecta

73 1497 108 1526 ct
121 1492 305 1525 inturbida
314 1492 669 1531 jtcventasrzceretur.
695 1494 739 1524 ita
758 1493 834 1523 illuc
851 1503 923 1523 (vum
938 1495 1074 1532 conjuge
1096 1495 1231 1525 Antistia
1244 1496 1275 1526 et
1290 1496 1402 1535 paucis

73 1541 282 1573 familiarium
299 1539 469 1570 concessit.
488 1539 603 1570 Iisdem
617 1540 731 1571 diebus
747 1541 847 1571 nimia
864 1541 958 1570 luxusv
973 1541 1091 1579 cupido
1106 1542 1273 1573 infamiam
1295 1544 1327 1574 et
1349 1552 1401 1583 pe-

72 1588 210 1621 riculum
223 1586 341 1618 Neroni
356 1586 443 1625 tulit,
455 1587 532 1626 quia
545 1587 665 1618 fontem
679 1596 774 1627 aquae
792 1588 918 1618 narciae
932 1589 970 1618 ad
986 1589 1100 1618 Urbem
1116 1588 1276 1620 deductae⁵
1295 1589 1402 1621 nando

72 1637 265 1673 incesseram
281 1633 514 1673 videbaturque
537 1636 633 1674 potus
653 1643 762 1665 sacros
806 1637 838 1665 et
856 1635 1072 1665 caerimoniari]
1095 1636 1154 1666 loci
1177 1645 1312 1677 corpore
1334 1637 1402 1669 loto

73 1682 237 1724 polluisse.
263 1681 439 1719 secutaque
452 1689 568 1720 anceps
583 1682 734 1713 valetudo
750 1682 830 1712 iram
848 1682 942 1712 ‹leun›
965 1683 1149 1713 alin-mavit.

114 1732 224 1761 XXIII.
247 1729 288 1758 At
300 1727 439 1758 Corbulo
452 1729 526 1767 post
544 1728 651 1759 deleta
665 1732 819 1760 Artaxata
836 1729 842 1746 ¹
862 1730 1017 1759 utendum
1038 1730 1156 1761 recenti
1177 1733 1299 1762 terrore
1313 1731 1403 1762 ratus

73 1776 114 1808 ad
126 1774 313 1814 occupanda
329 1774 569 1814 Tigranocerta,
585 1775 700 1815 quibus
717 1776 832 1807 excisis
849 1779 973 1806 metum
994 1777 1132 1807 nostium
1145 1778 1326 1809 intenderet
1338 1778 1401 1818 vel,

75 1823 104 1855 si
121 1821 315 1862 pepercisset
329 1844 337 1859 ‚
354 1821 535 1852 clementiae
551 1822 670 1852 famam
688 1822 932 1862 adipisceretur,
949 1824 1026 1853 illuc
1042 1824 1161 1863 1›=·=·git‚
1190 1833 1253 1855 non
1277 1824 1403 1855 infenso

74 1868 236 1907 exercitu,
254 1875 295 1898 ne
309 1875 398 1906 spem
413 1868 517 1898 veniae
529 1868 688 1907 auferret,
703 1877 807 1907 neque
821 1872 929 1899 tamen
946 1870 1082 1899 remissa
1099 1879 1177 1901 cura
1188 1894 1196 1908 ,
1217 1879 1337 1910 gnarus
1358 1871 1402 1902 fa-

76 1916 169 1947 cilem
185 1915 314 1945 mutatu
327 1915 474 1952 gentem,
493 1916 529 1944 ut
545 1922 675 1953 segnem
693 1914 732 1944 ad
747 1915 890 1954 pericula
901 1939 909 1953 ,
926 1915 970 1946 ita
993 1916 1125 1946 infidam
1145 1917 1185 1947 ad
1201 1919 1400 1948 occasiones.

74 1961 214 2000 barbari,
232 1969 289 2000 pro
304 1960 429 2000 ingenio
446 1960 582 2000 quisque
602 1961 654 1992 alii
670 1970 780 2001 preces
793 1962 912 1992 offerre
925 1986 933 1999 ,
951 1963 1082 2001 quidam
1107 1964 1255 1995 deserere
1269 1965 1358 1995 vicos
1371 1968 1404 1998 et

75 2008 109 2040 in
135 2008 206 2040 avia
223 2007 364 2047 digredi3
384 2016 421 2038 ac
435 2007 525 2038 fuere
541 2008 644 2047 quise
669 2010 830 2048 speluncis
854 2012 885 2040 et
908 2010 1073 2040 carissima
1100 2019 1211 2041 secum
1234 2010 1401 2043 abderent.

75 2056 173 2096 igitur
186 2054 253 2085 dux
276 2058 440 2085 Romanus
464 2054 600 2086 diversis
627 2056 750 2087 artibus
763 2080 772 2095 ,
798 2057 1019 2088 misericordia
1039 2058 1195 2089 adversus
1216 2058 1379 2098 supplices
1393 2083 1402 2097 ,

76 2131 143 2156 Inde
155 2131 219 2155 Iudi
236 2131 327 2155 (ἕπεο-ι·
337 2131 441 2155 invecti
452 2132 478 2155 in
487 2132 651 2156 Urbem—4.
663 2132 764 2161 Quibus
779 2138 828 2157 sno
842 2134 948 2162 sumptu
962 2133 1014 2155 ludi
1033 2134 1157 2157 consueti
1171 2134 1270 2159 edendi
1285 2135 1402 2158 erant—

76 2166 174 2190 s.-—Sc.
187 2166 319 2190 festorum
333 2166 513 2196 publicorum.
523 2167 648 2196 Reddin,
659 2169 688 2190 ut
698 2167 776 2191 brevi
789 2170 853 2191 aute
865 2169 966 2197 expulsu
980 2168 1062 2196 ltalia,
1078 2170 1145 2197 xm,
1160 2174 1254 2194 era-c.
1272 2170 1335 2194 Non
1348 2176 1404 2194 amw

77 2202 146 2230 plius
162 2202 317 2231 placebant.

106 2237 189 2261 xxn.
205 2243 225 2261 ι.
237 2238 276 2262 De
286 2239 419 2268 quoxnl,
432 2244 469 2263 ¹9.
489 2244 548 2263 —2.
562 2239 639 2269 Quod
653 2246 667 2263 a
681 2239 800 2264 lacubus
814 2241 925 2263 amoenis
936 2241 1006 2264 illius
1021 2243 1141 2271 regionis
1152 2242 1286 2270 derivant,
1301 2243 1335 2266 de
1349 2249 1402 2272 qua

77 2271 149 2295 conf.
164 2272 211 2299 xl,
221 2278 257 2297 ιε.
271 2273 323 2297 Cui
334 2279 374 2297 sc.
392 2274 462 2298 loeo.
474 2288 503 2292 —-
513 2281 534 2299 5.
548 2276 660 2299 Pravam
672 2275 771 2299 famam
783 2276 982 2305 spargentibus.
996 2290 1024 2293 —
1041 2282 1064 2300 4.
1082 2280 1099 2300 Α
1116 2279 1232 2306 praetore
1249 2278 1279 2307 Qv
1299 2278 1402 2301 Marcio

78 2307 158 2335 Rege,
173 2308 233 2331 a.U.
244 2313 304 2331 eoa:
319 2310 394 2338 cujus
405 2309 582 2339 aquaeductus
594 2310 735 2339 splendida
750 2311 848 2334 rudera
863 2314 1009 2340 supersunt
1020 2313 1054 2335 ad
1066 2315 1171 2342 portam
1181 2313 1211 2338 dc·
1224 2313 1251 2337 S.
1263 2313 1399 2337 Lorenz-o.

78 2347 128 2365 —5-
144 2342 213 2365 Nota
222 2344 285 2366 sunt
301 2345 411 2368 numina
425 2344 552 2375 fontium,
569 2347 684 2371 Naiades
701 2348 728 2370 ct
745 2347 804 2370 aliis
818 2347 981 2370 nominibus.

106 2377 201 2402 xxm.
217 2383 236 2402 ι.
249 2377 311 2402 Vid.
323 2378 399 2409 xm,
413 2384 451 2405 ⁴¹.
