1539 2668
95 208 156 252 438
547 205 583 234 C·
607 204 794 233 CORNELII
817 204 949 233 TAClTI

91 275 260 315 jussisset,
282 278 449 315 acceptum
467 275 597 315 aliquod
614 275 734 306 vulnus
751 284 806 315 per
822 275 956 306 nimiam
972 273 1124 305 fiduciam
1142 272 1236 305 foret.
1256 274 1398 306 ceterum
1410 299 1422 315 ,

94 324 151 354 ubi
167 323 362 362 compositos
379 322 479 353 firmis
495 321 665 353 ordinibus
680 321 771 362 sequi
787 330 897 353 rursus
913 321 1023 353 videre
1034 344 1043 360 ‚
1060 321 1093 351 in
1112 320 1218 361 fugam
1233 321 1317 352 versi
1330 345 1338 360 ‚
1356 331 1423 354 non

92 369 276 410 agminibus
289 393 296 407 ‚
316 373 352 401 ut
369 369 477 409 prins,
497 378 557 400 nec
571 368 653 399 alius
673 369 772 399 alium
790 371 1030 409 respectantes,
1052 367 1117 399 rari
1134 370 1168 399 et
1182 367 1354 399 vitabundi
1373 369 1422 399 in-

92 418 197 449 vicem
209 441 218 456 ‚
237 417 412 457 longinqua
439 420 535 456 atque
554 416 627 447 avia
645 416 775 455 petiere.
795 416 869 447 finis
889 415 1047 456 sequendi
1066 424 1131 446 nox
1148 417 1180 446 et
1199 415 1330 446 satietas
1347 415 1420 446 fuit.

92 473 175 497 caesa
194 464 336 495 hostium
354 464 394 495 ad
415 464 526 495 decem
541 463 641 494 millia
657 473 664 494 :
682 466 867 494 nostrorum
884 463 1020 494 trecenti
1037 462 1201 502 sexaginta
1215 462 1368 502 cecidere,
1387 461 1422 493 in
1460 477 1463 481 -

93 511 166 551 quis
191 512 292 543 Aulus
319 512 464 550 Atticus,
488 510 662 551 praefectus
683 510 825 542 cohortis
838 534 847 550 ‚
870 510 1008 550 juvenili
1026 509 1143 541 ardore
1160 512 1193 542 et
1210 509 1330 541 ferocia
1346 509 1421 549 equi
1448 517 1451 520 ⁴
1470 514 1474 549 j,

92 557 240 589 hostibus
259 559 377 589 illatus.
1475 566 1479 574 ’

133 609 298 637 ΧΧΧνΙΠ,
321 608 357 636 Et
371 614 435 636 uox
449 604 583 645 quidem
597 604 714 644 gaudio
728 605 903 645 praedaque
918 605 991 635 laeta
1004 603 1194 635 victoribus.
1210 602 1354 634 Britanni
1368 611 1423 642 pa-

91 651 194 683 lantes
208 652 375 692 mixtoque
389 652 534 683 virorum
548 652 788 692 mulierumque
802 652 926 691 ploratu
943 651 1069 682 trahere
1082 650 1271 681 vulneratos
1282 674 1291 689 ‚
1306 656 1422 680 vocare

90 697 232 737 integros
243 723 251 738 ‚
268 699 413 731 deserere
428 699 541 730 domos
556 708 594 730 ac
616 708 672 740 per
692 699 772 730 iram
789 699 874 729 ultro
896 697 1084 736 incendere3
1106 696 1221 736 eligere
1236 696 1373 727 latebras
1390 698 1424 727 et

91 744 203 776 statim
222 746 425 786 relinquere3
444 747 579 778 miscere
602 746 743 776 invicem
766 744 901 776 consilia
915 744 1040 785 aliqua,
1061 743 1138 775 dein
1160 751 1308 783 separare
1321 742 1326 759 ¹
1341 753 1350 781 ;
1368 741 1422 772 ali·

89 792 220 831 quando
246 793 350 833 frangi
377 793 534 833 adspectu
558 794 727 833 pignorum
752 801 885 823 snorum
900 791 931 832 ²,
950 791 1068 831 saepius
1085 790 1262 830 concitari3
1279 788 1423 828 satisque
1469 825 1471 829 Α

89 839 276 879 constabat,
301 840 432 872 saevisse
457 840 614 880 quosdam
640 839 673 870 in
699 839 850 878 conjuges
877 848 915 870 ac
939 839 1077 877 liberos,
1102 841 1271 878 tamquam
1294 835 1424 867 misere·

91 886 213 916 rentur.
229 887 401 919 Proximus
416 888 483 918 dies
496 888 612 918 faciem
626 886 771 917 victoriae
785 886 840 916 lati
846 894 883 917 us
896 885 1033 926 aperuit.
1048 886 1178 916 vastum
1193 883 1313 924 ubique
1326 881 1422 914 silen-

90 930 184 970 tium,
198 935 312 965 secreti
327 934 338 951 ³
354 935 452 966 colles
463 959 470 971 ‚
486 933 646 965 fumantia
664 933 775 973 procul
788 934 873 964 tecta
886 957 895 972 ‚
910 941 1005 964 nemo
1020 931 1278 971 exploratoribus
1292 929 1422 961 obvius.

90 978 209 1017 quibus
235 981 268 1011 in
293 990 423 1012 omnem
448 985 574 1021 partem
603 980 768 1020 dimissis,
796 980 852 1011 ubi
877 980 1001 1011 incerta
1025 980 1111 1018 fugae
1134 978 1289 1018 vestigia,
1316 983 1422 1016 neque

90 1034 226 1065 usquam
240 1028 427 1067 conglobari
442 1029 552 1059 hostes
564 1029 779 1068 compertum,
794 1030 826 1059 ct
836 1030 948 1059 exacta
958 1029 1024 1066 jam
1035 1027 1146 1057 aestate
1160 1025 1264 1065 spargi
1279 1024 1396 1055 bellum
1407 1022 1419 1040 ⁴

89 1073 247 1112 nequibat
259 1099 267 1113 ‚
283 1075 315 1105 in
331 1075 411 1106 fines
426 1077 632 1107 Borestorum
645 1075 654 1092 ⁵
671 1074 850 1105 exercitum
866 1074 1005 1105 deducit.
1024 1073 1067 1104 ibi
1085 1073 1225 1112 acceptis
1238 1070 1421 1110 obsidibus,

88 1119 241 1157 praefecto
260 1123 372 1153 classis
389 1122 597 1154 circumvehi
620 1123 847 1153 Britanniam
864 1122 1028 1161 praecepit.
1051 1119 1134 1151 datae
1157 1119 1198 1150 ad
1217 1118 1250 1149 id
1266 1118 1351 1149 vires
1363 1142 1372 1157 ‚
1390 1119 1423 1149 et

89 1172 296 1204 praecesserat
320 1171 434 1200 terror.
455 1173 526 1209 Ipse
549 1168 690 1209 peditem
708 1170 807 1207 atque
829 1168 955 1207 equites
974 1168 1062 1199 lento
1086 1167 1221 1205 itinere,
1243 1174 1308 1205 quo
1324 1173 1423 1196 nova-

89 1220 161 1243 rum
175 1213 186 1232 ⁶
203 1215 347 1253 gentium
364 1216 464 1247 animi
483 1217 551 1256 ipsa
566 1215 721 1246 transitus
742 1224 833 1246 mora
846 1217 1058 1255 terrerentur,
1075 1214 1108 1245 in
1124 1212 1268 1245 hibernis
1286 1211 1421 1244 locavit.

88 1260 121 1290 et
134 1260 228 1292 simul
244 1262 358 1294 classis
372 1264 514 1295 secunda
528 1263 718 1303 tempestate
735 1271 772 1293 ac
789 1263 874 1293 fama
886 1262 1112 1293 Trutulensem
1124 1261 1133 1279 ⁷
1155 1262 1285 1302 portum
1301 1259 1421 1299 tenuit,

89 1307 176 1338 unde
190 1307 200 1325 ⁸
221 1310 370 1349 proximo
386 1311 485 1342 latere
500 1310 675 1341 Britanniae
693 1310 776 1341 lecto
794 1309 882 1341 omni
899 1309 1051 1341 redierat.

130 1358 266 1387 XXXIX.
284 1361 376 1388 Hunc
394 1366 503 1389 rerum
520 1366 653 1389 cursum
671 1366 870 1397 quamquam
888 1356 978 1388 nulla
996 1356 1168 1388 verborum
1185 1353 1340 1394 iactantia
1358 1350 1424 1392 epi-

88 1401 180 1432 stolis
200 1403 354 1442 Agricolae
374 1406 507 1436 auctum
520 1428 528 1443 ‚
550 1406 586 1435 ut
600 1405 782 1435 Domitiano
803 1404 904 1436 moris
924 1405 1011 1443 erat,
1032 1404 1139 1435 fronte
1159 1402 1272 1440 laetus,
1292 1402 1423 1441 pectore

90 1448 205 1480 anxius
222 1451 360 1490 excepit.
388 1452 512 1483 ineratl
543 1451 759 1491 conscicntia,
785 1451 907 1483 derisui
929 1451 1027 1483 fuisse
1048 1459 1150 1490 nuper
1174 1449 1292 1480 falsum
1312 1456 1331 1478 e
1348 1450 1422 1478 Ger·

88 1496 196 1526 mania
216 1497 439 1537 triumphum,
464 1499 582 1539 emptis
606 1508 661 1538 per
684 1499 878 1530 commercia
895 1507 1033 1538 quorum
1051 1497 1184 1529 habitus
1209 1499 1241 1527 et
1264 1493 1363 1526 crinis
1387 1493 1422 1524 in

90 1543 293 1583 captivorum
311 1546 454 1585 speciem
480 1546 698 1578 formarentur
723 1556 729 1576 :
754 1555 841 1577 nnnc
866 1555 978 1577 veram
997 1552 1213 1584 magnamque
1232 1541 1421 1580 victoriam,

88 1591 137 1621 tot
151 1590 294 1622 millibus
307 1592 450 1623 hostium
464 1593 573 1632 caesiS,
589 1593 712 1632 ingenti
727 1593 814 1624 sama
833 1592 996 1624 celebrari.
1021 1592 1054 1623 id
1073 1590 1134 1622 sibi
1154 1589 1295 1620 maxime
1311 1587 1420 1619 formi-

87 1637 258 1677 dolosum,
282 1639 400 1678 privati
417 1640 561 1670 hominis
578 1649 697 1670 nomen
721 1649 816 1679 supra
840 1639 999 1679 Principis
1015 1638 1119 1671 attolli
1142 1646 1150 1667 ε
1174 1637 1293 1667 frustra
1311 1634 1421 1666 studia

88 1682 148 1714 fori
162 1687 195 1715 et
211 1685 355 1716 civilium
372 1687 490 1718 artium
507 1687 607 1718 decus
622 1687 654 1717 in
670 1687 835 1717 silentium
852 1689 924 1717 acta
936 1710 944 1725 ‚
961 1686 987 1717 si
1000 1685 1175 1717 militarem
1188 1683 1324 1722 gloriam
1337 1682 1421 1714 alius

88 1733 280 1771 occuparet;
298 1734 330 1764 et
347 1735 454 1765 cetera
480 1736 657 1773 utcumque
678 1734 801 1764 facilius
821 1733 1019 1764 dissimulari
1042 1742 1049 1762 :
1074 1732 1168 1762 ducis
1191 1729 1269 1761 boni
1285 1730 1423 1769 impera-

88 1777 203 1809 toriam
218 1779 371 1811 virtutem
387 1790 470 1812 esse.
485 1781 618 1812 Talibus
636 1780 722 1811 curis
739 1781 900 1812 exercitus
910 1804 919 1820 ,
937 1779 1090 1820 quodque
1103 1786 1199 1810 saevae
1217 1775 1420 1816 cogitationis

86 1824 243 1856 indicium
261 1829 350 1865 erat,
369 1829 495 1859 secreto
511 1837 570 1859 suo
586 1827 596 1845 ²
616 1827 773 1867 satiatus,
794 1827 957 1867 optimum
974 1826 1007 1858 in
1026 1825 1199 1866 praesentia
1215 1824 1352 1864 statuit,
1367 1831 1421 1854 re·

89 1880 207 1910 ponere
220 1872 331 1904 odium
342 1898 350 1913 ‚
365 1874 468 1906 donec
484 1874 627 1914 impetus
648 1874 744 1905 famae
760 1875 793 1905 et
813 1874 905 1905 favor
923 1873 1085 1905 exercitus
1097 1873 1329 1912 languesceret.
1343 1877 1421 1901 nam

88 1919 186 1950 etiam
204 1921 276 1951 tum
295 1921 446 1960 Agricola
461 1920 660 1953 Britanniam
677 1921 855 1952 obtinebat.

129 1970 190 1997 LX.
209 1967 310 2006 Igitur
334 1968 569 2009 triumphalia
587 1970 795 2000 ornamenta
812 1969 845 2000 et
862 1967 1032 1999 illustr-w
1051 1968 1182 1999 statuoe
1203 1965 1366 1998 honorem
1387 1961 1422 1994 et

87 2012 246 2053 quidquid
263 2023 322 2054 pro
338 2015 505 2055 triumpho
522 2016 630 2055 datur,
649 2015 753 2047 multo
769 2014 943 2046 verborum
959 2014 1082 2046 honore
1099 2013 1275 2051 cumulata,
1290 2007 1421 2042 decerni

87 2059 119 2089 in
134 2062 250 2092 senatu
264 2062 358 2101 jubet
374 2072 381 2093 :
397 2063 537 2104 addique
556 2063 689 2103 insuper
710 2062 897 2103 opinionem
917 2086 927 2102 ,
941 2062 1066 2101 Syriam
1087 2059 1286 2101 provinciam
1298 2057 1309 2075 ²
1331 2055 1419 2095 Agri-

116 2154 262 2178 XXXVlII.
280 2160 300 2179 1.
316 2156 365 2179 Pro
380 2162 409 2180 se
429 2157 528 2187 quique
542 2157 655 2182 consilia
669 2162 783 2187 capere,
796 2162 851 2181 non
865 2156 979 2186 amplius
992 2156 1110 2180 miscere
1124 2156 1151 2178 et
1171 2151 1417 2178 communicare.—

85 2193 107 2211 2.
123 2188 273 2218 conjugum
291 2192 320 2214 et
336 2191 495 2217 liberorum.
510 2206 538 2210 ——
550 2199 571 2217 s.
590 2193 724 2221 solitarii,
737 2192 884 2216 deserti.—
895 2196 916 2215 ⁴.
929 2191 986 2215 Vid.
1008 2191 1042 2214 ad
1056 2190 1164 2216 Annal.
1179 2190 1223 2217 lll,
1237 2193 1274 2212 2¹.
1286 2200 1313 2204 -
1324 2192 1347 2210 ὅ.
1365 2185 1419 2210 Alii

85 2224 283 2249 Borestorum.
299 2227 370 2250 Gens
386 2227 449 2251 alibi
469 2234 524 2251 non
541 2230 700 2252 memorata.
712 2241 739 2244 —
752 2233 774 2251 e.
794 2229 885 2257 Nuper
906 2227 1030 2250 Romanis
1049 2226 1252 2255 acquisitarum.
1264 2222 1419 2256 -pUnus

86 2259 173 2283 codex
199 2259 427 2286 Trucculensem.
456 2263 560 2287 Nomen
581 2264 643 2288 alibi
666 2269 720 2287 non
740 2263 858 2286 obvium.
872 2268 931 2286 -a.
948 2262 1025 2286 neser
1042 2262 1076 2285 ad
1097 2261 1167 2285 lecto
1181 2268 1191 2284 .·
1214 2259 1292 2290 quasi
1312 2258 1416 2282 dictum

85 2295 175 2319 esset:
190 2296 262 2318 unde
276 2301 383 2325 egressa
395 2296 460 2327 legit
474 2305 553 2322 omne
567 2299 637 2322 latus
650 2299 794 2323 Britannia:
805 2300 831 2321 et
845 2297 961 2327 (codem)
974 2297 1062 2321 rediit.

114 2330 237 2353 XXXlX.
252 2336 271 2354 ι.
286 2332 326 2355 Sc.
343 2334 375 2355 ei.
390 2334 428 2357 De
442 2340 471 2357 re
485 2340 509 2357 v.
525 2335 652 2362 Plinium,
667 2336 808 2362 Panefmr.
825 2339 847 2357 c.
865 2338 908 2362 «a,
926 2334 1038 2356 Dionem
1051 2333 1124 2356 Cass.
1144 2331 1237 2356 vau
1248 2347 1257 2360 ‚
1270 2335 1290 2353 ⁴-
1302 2331 1365 2351 -31-
1376 2328 1416 2351 De
1452 2334 1456 2351 1

87 2371 141 2396 quo
154 2364 284 2394 legendus
299 2367 408 2397 Plinius,
420 2369 561 2399 Paneqyr-
577 2376 600 2393 e.
614 2375 650 2392 411.
666 2371 804 2397 Satialus,
819 2370 886 2392 satis
898 2374 970 2392 usus.

115 2401 167 2424 XL.
182 2406 201 2424 ι.
215 2401 365 2426 Laureata
378 2404 477 2427 dicitur
497 2405 607 2429 Annal.
631 2406 671 2433 lv,
686 2411 729 2433 aa,
751 2404 948 2433 triumphalis,
962 2403 1036 2426 [list.
1052 2402 1077 2431 1,
1091 2408 1134 2431 ⁷9,
1154 2401 1201 2426 ubi
1221 2407 1247 2425 v.
1261 2401 1316 2424 not.
1339 2397 1414 2423 Adde

86 2436 199 2461 Dionem
214 2437 285 2460 Cass.
300 2437 362 2466 LlV,
380 2443 403 2461 11
420 2440 447 2462 et
460 2444 497 2467 24,
512 2440 544 2463 de
559 2440 590 2462 iis
606 2446 665 2468 quae
678 2441 726 2463 snb
743 2439 956 2469 imperatoribus
971 2438 1108 2461 dabantur
1121 2437 1183 2461 loco
1195 2434 1324 2465 triumphi
1333 2434 1418 2458 Caesa-

87 2470 162 2495 ribus
174 2471 237 2495 soils
249 2472 413 2496 servam—2.
430 2474 494 2502 Quae
511 2474 650 2503 ditissima,
662 2477 689 2499 ct
703 2476 779 2503 cnjus
794 2475 879 2498 bonor
895 2474 1034 2502 maximus,
1047 2474 1116 2497 teste
1127 2472 1281 2496 Herodiano
1295 2470 1330 2499 ll,
1345 2473 1419 2492 2⁷.—
