1539 2668
112 188 174 218 348
476 189 609 218 TACITI
632 188 912 219 HISTORIARUM
934 190 1007 219 LIB.
1032 190 1090 220 111.

113 262 231 294 Atilius
249 265 352 293 Verus
368 262 466 302 primi
480 262 536 303 pili
550 263 695 294 centurio
708 262 718 281 ⁵
738 262 840 295 multa
853 273 928 296 cum
944 264 1095 296 hostium
1111 265 1218 306 strage
1235 265 1269 297 et
1283 265 1324 298 ad
1341 268 1446 301 extre·

115 318 207 340 mum
225 309 371 340 moriens
385 311 583 342 servaverat.

93 387 96 390 ,
157 360 266 388 XXIII.
292 357 451 388 Sustinuit
465 357 628 389 labantem
645 358 746 390 aciem
767 359 926 390 Antonius
943 359 1057 391 accitis
1076 360 1290 399 praetorianis.
1314 361 1370 402 qui
1390 361 1445 393 ubi

114 411 270 443 excepere
284 413 424 444 pugnam
440 428 449 443 ‚
466 405 587 444 pellunt
603 405 748 444 hostem,
764 405 837 437 dein
854 407 1028 446 pelluntur.
1043 416 1187 447 namque
1200 408 1362 439 Vitelliani
1379 409 1445 440 tor·

115 452 224 482 menta
244 451 275 482 in
295 460 444 491 aggerem
461 451 522 481 viae
538 451 762 491 contulerant,
781 454 818 484 ut
835 453 897 484 tela
916 463 1020 485 vacuo
1036 455 1138 494 atque
1155 457 1268 494 aperto
1283 455 1288 472 ¹
1312 457 1444 488 excute·

114 499 238 535 rentur,
258 498 402 538 dispersa
422 498 525 538 primo
544 500 576 529 et
595 499 734 530 arbustis
751 500 819 532 sine
839 500 979 532 bostium
997 510 1081 532 noxa
1105 501 1200 532 illisa.
1227 502 1446 541 magnitudine

116 544 235 584 eximia
258 545 519 585 quintaedecimae
545 546 677 585 legionis
702 547 828 578 ballista
847 547 1032 587 ingentibus
1056 549 1143 579 saxis
1167 548 1318 580 hostilem
1344 549 1444 581 aciem

114 592 291 631 proruebat
312 602 319 622 :
338 592 463 632 lateque
483 592 605 624 cladem
624 593 803 633 intulisset,
821 594 853 625 ni
870 595 934 625 duo
950 596 1071 627 milites
1085 620 1093 634 ,
1111 596 1304 635 praeclarum
1323 596 1447 629 facinus

116 639 198 677 ausi,
212 639 347 679 arreptis
364 648 381 670 e
392 643 496 679 strage
514 640 634 671 scutis²
653 641 805 680 ignorati,
824 641 931 672 vincla
948 651 984 672 ac
1001 642 1195 673 libramenta
1209 645 1446 675 tormentorum

117 684 338 717 abscidissent.
363 687 474 718 statim
499 688 641 719 confossi
666 690 762 727 sunt,
788 697 892 727 eoque
911 688 1104 720 intercidere
1133 690 1261 721 nomina
1280 700 1286 720 :
1306 691 1345 722 de
1361 691 1447 723 facto

117 729 204 762 haud
226 733 412 772 ambigitur.
437 738 552 765 neutro
580 735 792 766 inclinaverat
815 735 964 773 fortuna,
982 735 1085 767 donec
1117 736 1227 767 adulta
1250 738 1343 769 nocte
1371 737 1447 769 luna

116 784 250 818 surgens
267 781 449 812 ostenderet
464 781 549 813 acies
570 782 766 822 falleretque.
785 783 841 814 sed
857 782 1018 813 Flavianis
1034 783 1160 823 aequior
1185 792 1203 814 a
1220 784 1308 824 tergo
1320 784 1330 801 ³
1348 794 1355 815 z
1372 784 1448 816 hinc

116 826 256 864 majores
275 836 430 867 equorum
454 829 664 870 virorumque
680 829 805 860 umbrae
816 856 826 870 ,
843 831 875 860 et
891 829 972 860 salso
986 853 994 869 ,
1018 832 1055 862 ut
1071 830 1103 861 in
1123 839 1259 870 corpora
1271 854 1279 869 ‚
1296 831 1364 862 ictu
1382 831 1448 863 tela

116 871 258 904 hostium
286 875 367 906 citra
393 876 552 908 cadebant
570 886 577 906 :
594 877 754 908 Vitelliani
779 877 914 908 adverso
932 877 1055 908 lumine
1082 877 1281 909 collucentes
1298 879 1388 910 velut
1407 887 1447 910 ex

117 921 243 951 occulto
255 921 475 960 jaculantibus
491 924 612 954 incauti
630 924 863 955 offerebantur.

157 970 265 1000 XXIV.
290 969 392 1009 Igitur
405 970 564 1002 Antonius
578 971 632 1001 ubi
651 980 782 1002 noscere
798 980 875 1002 suos
895 971 1051 1011 noscique
1066 973 1209 1011 poterat,
1227 972 1306 1002 alios
1323 972 1448 1011 pudore

117 1014 150 1045 et
165 1015 313 1056 probris,
332 1017 452 1048 multos
470 1018 565 1049 laude
581 1020 613 1049 et
631 1019 758 1049 hortatu
773 1042 781 1057 ‚
799 1027 915 1049 omnes
933 1027 987 1057 spe
1004 1018 1234 1058 promissisque
1251 1019 1446 1060 accendens,

118 1068 182 1092 cur
197 1071 276 1094 rurs
283 1064 340 1094 dm
353 1067 578 1104 sumpsissent
591 1074 692 1095 arma
705 1069 723 1095 ,³
737 1066 937 1096 Pannonicas
954 1066 1095 1105 legiones
1110 1066 1329 1104 interrogabat
1342 1077 1351 1106 3
1366 1067 1445 1098 illos

118 1116 188 1140 esse
204 1118 341 1150 campos
358 1113 392 1142 in
409 1112 532 1152 quihus
549 1113 685 1143 abolere
705 1112 816 1143 labem
835 1114 964 1151 prioris
982 1114 1179 1152 icstzominioe
1195 1112 1219 1151 ¹,
1234 1112 1294 1143 ubi
1309 1121 1448 1153 recupe-

117 1162 201 1187 rare
211 1158 360 1196 qlorz'am
374 1161 521 1198 possent.
538 1161 608 1190 tum
622 1159 663 1189 ad
677 1158 825 1189 Moesicos
839 1167 1016 1190 conversus
1026 1161 1204 1199 principes
1220 1161 1450 1201 auctoresque

119 1200 200 1233 belli·
213 1202 223 1220 ²
239 1204 343 1235 ciebat
358 1205 518 1244 :frustra
538 1207 640 1237 minis
655 1208 688 1237 et
708 1206 820 1237 verbis
836 1208 1036 1246 provocatos
1054 1207 1267 1246 Vitellianos,
1281 1208 1309 1238 sz'
1322 1214 1449 1240 manus

118 1257 239 1282 eorum
258 1252 439 1292 oculosque
465 1262 532 1284 non
558 1254 717 1284 tolerent.
740 1253 811 1285 baec
825 1278 833 1293 ‚
854 1255 890 1285 ut
915 1262 1063 1293 quosque
1082 1255 1279 1292 accesserat3
1298 1254 1391 1294 plura
1407 1254 1449 1287 ad

117 1298 295 1338 tertiarios,
321 1301 469 1330 veterum
492 1301 739 1340 recentiumque
764 1301 965 1338 admonens,
991 1302 1026 1331 ut
1050 1300 1112 1331 sub
1129 1303 1177 1331 M.
1200 1302 1345 1332 Antonio
1364 1303 1451 1332 Par·

119 1344 195 1375 thos
208 1344 233 1385 ³,
251 1345 314 1376 sab
334 1347 526 1379 Corbulone
549 1349 723 1379 Armenios
736 1347 763 1387 4,
779 1357 798 1379 71
806 1357 891 1388 uper
905 1350 1086 1379 sarmatas
1098 1348 1107 1365 ⁵
1127 1349 1354 1388 pepulissent.
1371 1357 1449 1381 mox

117 1389 277 1423 infensius
290 1393 301 1410 ⁶
322 1394 526 1433 praetorianis
538 1420 546 1434 ‚
572 1397 650 1434 Vos,
668 1395 795 1435 inquit,
814 1397 878 1427 nisi
896 1397 1052 1435 vincitis,
1073 1398 1201 1434 paqui
1213 1395 1238 1435 ⁷,
1260 1398 1334 1436 quis
1356 1397 1448 1430 alius

118 1439 337 1479 Imperator,
359 1450 437 1482 quae
457 1444 577 1473 castra
593 1443 668 1474 alia
681 1445 880 1482 excipient?
899 1443 971 1473 illic
984 1442 995 1459 ⁸
1019 1444 1118 1482 siqua
1138 1451 1309 1483 omnaque
1330 1446 1449 1476 vestra

118 1488 221 1526 sunt,
240 1489 273 1518 et
289 1496 380 1519 mors
398 1491 497 1520 victis
515 1498 525 1517 .·
544 1498 627 1520 nam
648 1491 875 1529 iynonziniam
899 1491 1158 1528 consumpsistis
1174 1490 1199 1520 ⁹.
1224 1489 1366 1530 undique
1384 1492 1448 1523 cla-

118 1539 210 1572 mor;
229 1536 261 1564 et
277 1536 435 1567 orientem
454 1537 555 1567 solem
571 1537 630 1576 (ita
648 1536 682 1567 in
696 1537 785 1576 Syria
804 1546 874 1568 mos
892 1536 961 1576 est)
979 1536 1109 1567 tertiani
1129 1536 1154 1553 ¹⁰
1176 1536 1369 1569 salutavere.

160 1585 252 1615 XXV.
278 1587 385 1623 Vagus
407 1585 502 1623 inde,
526 1593 566 1615 an
593 1585 729 1615 consilio
748 1585 842 1616 ducis
860 1584 1013 1615 subditus
1032 1593 1154 1621 rumor,
1172 1584 1348 1616 advenisse
1372 1588 1447 1617 Mu·

118 1629 272 1669 Cianum,
286 1633 459 1662 exercitus
475 1633 510 1661 in
526 1632 632 1661 vicem
649 1631 838 1662 salutasse.
851 1631 987 1670 gradum
1006 1630 1150 1660 inferunt
1167 1632 1257 1669 quasi
1268 1631 1449 1664 recentibus

117 1676 246 1707 auxiliis
262 1678 367 1719 aucti,
384 1678 504 1709 rariore
515 1678 582 1717 jam
597 1677 845 1708 Vitellianorum
862 1678 932 1709 acie
943 1701 952 1717 ,
970 1679 1006 1708 ut
1022 1687 1108 1718 quos
1124 1677 1214 1708 nullo
1235 1681 1357 1710 rectore
1370 1689 1449 1711 suus

118 1731 282 1764 quemque
299 1726 442 1766 impetus
459 1726 510 1756 vel
533 1735 634 1765 pavor
656 1726 866 1756 contraheret
882 1725 1060 1756 duceretve
1078 1726 1098 1754 ¹.
1122 1727 1290 1765 postquam
1309 1728 1418 1766 pulsos
1434 1728 1446 1746 ²

118 1772 220 1802 sensit
240 1775 417 1813 Antonius,
437 1774 536 1805 denso
560 1774 692 1812 agmine
710 1773 921 1805 obturbabat.
945 1774 1008 1804 laxi
1032 1774 1165 1805 ordines
1189 1774 1447 1818 abrumpuntur3

117 1827 179 1850 nec
198 1821 322 1852 restitui
346 1822 479 1861 quivere
495 1821 753 1861 impedientibus
779 1821 942 1852 vehiculis
964 1821 1214 1862 tormentisque.
1237 1831 1293 1861 per
1313 1823 1448 1856 limitem

118 1867 181 1900 viae
195 1869 390 1908 sparguntur
407 1869 612 1900 festinatione
626 1868 835 1900 consectandi
853 1869 1003 1900 victores.
1018 1878 1055 1900 eo
1069 1869 1240 1900 notabilior
1253 1870 1359 1901 caedes
1372 1871 1446 1912 suit,

117 1915 195 1955 quia
214 1916 298 1947 filius
320 1918 445 1956 patrem
472 1916 645 1948 interfecit.
672 1925 739 1948 rem
764 1916 962 1956 nominaque
989 1918 1124 1947 auctore
1140 1917 1297 1957 Vipstano
1314 1918 1446 1951 Messala

118 1963 255 1994 tradam.
275 1963 381 1994 Julius
393 1966 581 1995 Mansuetus
595 1973 632 1995 ex
650 1964 804 2004 Hispania
818 1989 826 2003 ,
842 1963 959 2003 Rapaci
974 1963 1094 2003 legioni
1111 1963 1240 1994 additus
1253 1988 1261 2003 ‚
1279 1964 1447 2004 impubem

116 2009 221 2040 filium
248 2010 335 2041 domi
360 2010 508 2051 liquerat.
537 2012 563 2042 is
589 2020 664 2042 mox
691 2012 844 2050 adultus,
873 2010 958 2042 inter
980 2011 1178 2050 septimanos
1198 2020 1216 2042 a
1241 2011 1339 2043 Galba
1367 2020 1445 2043 con-

116 2057 276 2098 scriptus,
302 2058 447 2090 oblatum
474 2059 556 2091 forte
582 2061 707 2099 patrem
729 2060 762 2091 et
790 2059 925 2091 vulnere
947 2060 1089 2090 stratum
1114 2058 1193 2089 dum
1219 2058 1443 2090 semianimem

116 2156 138 2175 ὅ.
152 2149 334 2178 primipilaris,
346 2150 373 2173 in
385 2149 462 2179 cujus
479 2150 600 2174 custodia
614 2151 673 2174 erat
689 2150 777 2180 aquila
788 2150 912 2181 legionis.

147 2185 241 2209 ΧΧΙΙΙ.
255 2185 317 2208 1.ln
332 2191 456 2214 campum
478 2191 594 2209 vacuum
611 2187 638 2209 et
654 2187 848 2215 apertum-2.
864 2184 1155 2209 Adversariorum.—³.
1173 2183 1214 2206 Sc.
1234 2187 1348 2212 surgens
1369 2183 1442 2209 luna.

116 2220 216 2244 Similis
230 2221 345 2244 eventus
356 2221 383 2244 in
396 2227 486 2250 pugna
500 2221 618 2250 Pompeii
632 2227 692 2245 curn
710 2221 880 2249 Mithridate,
895 2226 975 2249 quam
989 2220 1084 2243 narrat
1098 2217 1259 2242 Plutarchus
1271 2223 1295 2241 c.
1309 2223 1345 2241 52.

147 2256 239 2279 XXIV.
254 2261 274 2279 ι.
286 2256 324 2279 De
336 2261 387 2285 qua
402 2256 433 2282 ll,
456 2261 484 2280 39
497 2262 626 2286 seqq—2.
640 2257 697 2280 vid.
714 2257 747 2285 11,
764 2262 856 2280 85.-—3.
870 2256 941 2280 Ante
960 2260 1004 2279 ¹04
1027 2260 1119 2277 annos
1138 2253 1228 2277 Gloria
1249 2253 1364 2282 legionis
1378 2259 1442 2283 pro·
1488 2248 1491 2255 '

116 2291 175 2320 pria
191 2290 382 2314 manebat-⁴.
394 2291 452 2315 Viti.
467 2293 539 2315 Ann.
557 2292 613 2321 XV,
630 2296 720 2316 εει-5.
739 2293 824 2321 Supra
841 2292 860 2321 1,
880 2295 972 2315 79.—6.
994 2289 1184 2319 Asperioribus
1201 2288 1354 2312 verbis.-⁷.
1369 2289 1441 2312 Con·

116 2324 159 2350 fer
175 2325 239 2348 illud
256 2326 384 2357 Quirites
397 2327 459 2350 Julii
473 2328 592 2356 Caesaris,
608 2329 680 2351 Ann.
695 2328 713 2356 Ι,
728 2332 819 2352 ιιι-8.
837 2327 911 2356 Apud
923 2327 1038 2355 hostem,
1052 2331 1133 2355 quem
1147 2325 1345 2348 monstrat-9.
1361 2323 1441 2348 Vous

117 2366 186 2386 ave:
211 2360 321 2390 e'puisc'e
337 2370 346 2385 :
362 2362 435 2386 nulla
459 2363 535 2387 vobis
556 2364 689 2393 superest,
712 2364 757 2392 qui
780 2363 915 2388 occidistis
932 2362 1055 2389 Galbam,
1080 2361 1151 2384 vinci
1173 2360 1272 2384 sivlstis
1294 2359 1438 2388 Othonem,

117 2397 286 2420 exauctorati
299 2397 364 2421 estis
377 2404 391 2420 a
402 2399 589 2422 Vitellio.—io.
601 2399 650 2428 Qui
667 2399 695 2422 in
708 2399 786 2428 Syria
796 2405 856 2424 cum
868 2398 1022 2422 Corbulone
1033 2396 1230 2420 militaverant-

145 2432 227 2456 XXV.
242 2437 264 2458 ι.
278 2433 320 2457 Sc.
338 2433 467 2458 adversus
478 2434 593 2465 hostem,
611 2433 824 2465 explicatos.-2.
837 2434 978 2467 Cedentes.
997 2433 1074 2458 Fort.
1093 2431 1241 2461 impulsos.
