1539 2668
114 135 179 165 320
478 134 611 164 TAct'rl
634 132 911 163 HISTORIARUM
933 132 1008 161 Lus.
1032 132 1073 160 11.

102 215 245 250 ‚puynoe
268 206 411 237 suismet
434 205 500 245 ipsi
523 204 678 237 caedibus
699 206 864 236 saevirent
885 215 895 236 .-
915 206 984 236 sive
999 202 1085 243 fim's
1108 202 1197 235 bello
1223 205 1368 236 venissel
1388 213 1450 238 seu

108 260 293 286 resumere
318 259 422 283 arma
450 251 621 292 mallent,
652 253 796 283 unicum
823 252 922 283 victis
948 253 984 282 in
1011 258 1176 281 consensu
1202 250 1448 285 levamentum.

116 301 234 333 ceteris
250 299 372 330 fractus
387 298 517 329 animus
533 308 540 328 t
556 298 774 338 praetorianus
788 297 883 329 miles
897 306 963 329 non
979 298 1109 329 virtute
1121 305 1173 337 se,
1187 296 1246 328 sed
1255 297 1450 337 prodilione

117 350 248 380 victum
270 345 449 377 fremebat:
466 358 479 371 «
495 354 535 376 ne
556 345 735 376 vitellianis
757 344 889 386 quidem
912 344 1116 376 incruentam
1138 343 1236 375 fuisse
1255 344 1424 376 victoriam
1438 369 1449 386 ,
1487 343 1490 353 ¹

117 410 133 423 u
151 395 245 436 pulso
259 393 386 434 equite,
402 394 492 432 rapta
507 392 642 431 legionis
662 392 787 432 aquila3
802 401 973 432 superesse
987 400 1062 423 oum
1080 391 1149 431 ipso
1163 391 1291 423 Othone
1308 391 1449 423 militum

117 456 133 468 «
152 441 241 482 quod
259 442 348 472 trans
361 439 483 471 Padum
506 439 624 479 fuerit3
642 440 755 471 venire
771 439 920 471 Moesicas
937 439 1099 479 legiones;
1117 447 1268 478 magnam
1288 439 1451 471 exercitus

118 503 134 517 «ι
151 490 276 530 partem
293 487 435 519 Bedriaci
452 487 646 517 remansisse
661 497 667 517 ε
683 487 744 518 hos
758 489 844 518 certe
857 486 1003 518 nondum
1018 487 1122 518 victos
1134 510 1143 525 ‚
1158 488 1190 517 et
1204 509 1213 525 ‚
1228 486 1254 517 si
1268 487 1313 517 ita
1332 486 1428 518 ferret
1439 510 1450 527 ‚

117 548 133 562 ι(
151 536 321 567 honestius
344 535 377 564 in
395 533 463 564 acie
481 534 652 574 perituros.
680 547 695 561 υ
719 534 770 566 his
786 534 1038 574 cogitationibus
1059 536 1164 565 truces
1181 534 1238 564 aut
1265 533 1372 574 pavidi
1395 542 1448 565 ex-

115 588 218 616 trema
241 581 466 622 desperatione
479 605 488 620 ‚
505 581 545 612 ad
563 581 645 612 iram
661 582 780 622 saepius
797 590 895 622 quam
913 581 944 611 iu
964 581 1169 613 formidinem
1185 580 1449 612 stimulabantur.

155 635 247 663 XLV.
264 632 305 660 At
322 628 515 659 Vitellianus
529 629 690 660 exercitus
706 629 743 660 ad
758 629 911 669 quintum
927 637 945 659 a
959 627 1112 660 Bedriaco
1129 628 1269 668 lapidem
1283 627 1451 666 consedit,

113 688 179 710 non
194 677 281 709 ausis
294 675 434 707 ducibus
449 675 561 707 eadem
577 675 630 707 die
646 676 921 716 oppugnationem
938 679 1140 714 castrorum3
1158 675 1253 706 simul
1270 674 1451 706 voluntaria

114 725 237 757 deditio
257 723 459 764 sperabatur.
474 723 530 755 sed
551 723 714 763 expeditis
734 725 767 754 et
793 724 923 755 tantum
950 723 989 754 ad
1018 722 1166 763 proelium
1193 722 1349 762 egressis¹
1379 731 1449 754 mu-

113 773 294 804 nimentum
317 772 406 803 fuere
423 779 513 802 arma
534 774 566 802 et
588 770 735 801 victoria.
759 771 889 810 postera
905 771 957 802 die
971 795 980 809 ‚
999 770 1084 801 haud
1106 769 1256 808 ambigua
1271 769 1451 801 Othoniani

113 820 277 851 exercitus
294 820 462 851 voluntate
475 843 484 858 ‚
502 819 535 850 et
551 818 607 858 qui
625 818 799 849 ferociores
820 817 966 855 fuerant,
984 818 1024 849 ad
1048 816 1273 858 poeniteutiam
1290 817 1451 848 inclinan-

112 868 223 907 tibus,
249 867 346 898 missa
372 866 508 906 legatio;
537 874 595 897 nec
620 865 705 905 apud
729 865 829 896 duces
850 865 1039 896 vitellianos
1064 864 1250 896 dubitatum
1276 865 1452 905 quominus

111 925 226 958 pacem
245 914 472 945 concederent.
490 913 585 952 legati
609 913 772 953 paulisper
790 912 918 944 retenti.
946 921 983 943 ea
1007 921 1056 943 res
1076 911 1314 943 haesitationem
1338 911 1452 944 attulit

112 963 234 1005 ignaris
251 962 357 993 adhuc
371 970 412 992 an
427 961 664 1000 impetrassent.
681 968 757 990 mox
777 960 912 991 remissa
928 959 1087 999 legatione
1106 961 1211 999 patuit
1228 960 1358 991 vallum.
1381 963 1450 990 tum

112 1011 194 1042 victi
209 1010 416 1048 victoresque
432 1007 463 1038 in
479 1007 629 1037 lacrimas
646 1007 761 1046 effusi,
776 1009 899 1039 sortem
921 1007 1065 1038 civilium
1081 1015 1246 1038 armorum
1262 1006 1379 1038 misera
1394 1007 1451 1038 lae-

112 1059 185 1090 titia
200 1057 409 1088 detestantes.
428 1054 540 1085 iisdem
564 1055 713 1086 tentoriis
727 1054 779 1085 alii
797 1055 952 1093 fratrum,
974 1054 1026 1084 alii
1045 1054 1299 1093 propinquorum
1318 1054 1452 1086 vulnera

112 1104 279 1137 fovebant,
293 1111 366 1144 spes
381 1103 414 1133 et
426 1101 559 1141 praemia
573 1101 605 1131 in
618 1101 782 1140 ambiguo,
800 1106 887 1132 certa
901 1102 1012 1132 funcra
1026 1103 1059 1131 et
1073 1101 1189 1132 luctus.
1206 1110 1265 1132 nec
1276 1102 1451 1141 quisquam

114 1154 195 1185 adeo
214 1151 289 1183 mali
308 1158 424 1189 expers
444 1151 561 1179 utnon
580 1149 724 1188 aliquam
748 1150 888 1179 mortem
907 1150 1067 1178 nui-reret.
1088 1149 1282 1188 requisitum
1304 1147 1452 1188 Orphidii

113 1200 210 1240 legati
225 1199 235 1216 2
259 1206 378 1236 corpus
401 1196 525 1226 honore
549 1194 643 1226 solito
669 1196 850 1233 crematum
871 1204 990 1235 paucos
1009 1195 1179 1226 necessarii
1197 1195 1340 1235 ipsorum
1361 1203 1450 1236 sepc-

113 1249 234 1285 livere3
255 1247 398 1277 ceterum
419 1244 535 1283 vulgus
549 1251 646 1282 super
664 1243 801 1273 humum
821 1243 983 1274 relictum.

155 1297 261 1326 XLVI.
288 1290 524 1332 Opperiebatur
541 1290 625 1321 Otho
642 1290 794 1321 nuntium
814 1298 930 1331 pugnae
947 1299 1150 1330 nequaquam
1169 1289 1314 1330 trepidus
1328 1290 1360 1321 ct
1377 1297 1452 1321 con-

112 1343 178 1376 silii
194 1343 313 1373 certus.
330 1340 445 1370 moesta
460 1338 602 1378 primum
621 1338 705 1368 fama
719 1362 727 1378 ‚
743 1338 816 1369 dein
836 1338 960 1384 profugi
975 1346 991 1368 e
1011 1338 1122 1378 purlio
1139 1337 1282 1378 perditas
1300 1346 1348 1369 res
1367 1337 1453 1377 pate-

112 1390 249 1422 faciunt.
276 1396 340 1418 non
358 1386 561 1426 exspectavit
586 1386 727 1417 militum
751 1386 846 1417 ardor
866 1394 979 1417 vocem
1000 1385 1217 1425 Imperatoris.
1241 1385 1364 1416 bonum
1389 1384 1450 1416 lla·

114 1439 207 1471 beret
224 1437 380 1468 (mimum
391 1433 548 1473 Jubebant
562 1442 754 1473 :superesse
768 1433 883 1465 adhuc
900 1442 1006 1465 nouas
1023 1436 1127 1472 vires,
1142 1435 1173 1464 ec
1190 1434 1278 1473 ipsos
1291 1434 1452 1464 extrema

108 1492 279 1527 passuros
297 1489 524 1521 ausurosque.
544 1489 649 1520 neque
671 1482 740 1512 erat
763 1481 906 1512 adulatio
925 1491 931 1511 :
949 1481 995 1512 ire
1018 1481 1047 1510 in
1069 1480 1171 1511 aciem
1185 1504 1193 1519 ,
1211 1480 1355 1511 excitare
1378 1487 1450 1519 pai·-

112 1534 195 1565 tium
217 1531 379 1563 fortunam
397 1529 503 1559 surore
521 1528 660 1568 quodam
678 1530 711 1559 et
734 1528 890 1559 instinctu
916 1527 1104 1567 flagrabant.
1129 1527 1186 1567 qui
1209 1527 1319 1567 procul
1342 1526 1452 1558 astite-

111 1581 206 1619 rant,
232 1577 366 1610 tendere
390 1585 524 1614 manus,
551 1578 582 1607 et
599 1575 738 1615 proximi
764 1584 915 1615 prensare
934 1584 1057 1614 genua,
1077 1574 1322 1614 promptissimo
1347 1573 1451 1605 Plotio

112 1627 231 1658 Firmo.
251 1626 279 1656 is
293 1624 435 1665 praetorii
452 1623 623 1664 praefectus
637 1622 818 1653 identidem
833 1621 946 1653 orabat
960 1630 1000 1652 ne
1009 1621 1226 1661 fidissimum
1243 1622 1449 1660 exercitum,

113 1681 155 1704 ue
172 1675 301 1713 optimc
318 1673 457 1702 merllos
473 1671 602 1700 wizililes
622 1669 795 1700 desereret
812 1679 822 1700 :
840 1669 972 1708 majore
996 1670 1111 1699 animo
1132 1668 1277 1700 lolerarl
1301 1667 1451 1700 adversa

112 1728 220 1760 quam
246 1719 418 1758 relmquz';
436 1717 550 1756 sorles
575 1719 608 1747 et
630 1719 788 1747 strenuos
806 1717 913 1747 elium
934 1717 1059 1747 conlra
1077 1714 1269 1754 fortunam
1293 1716 1451 1746 insislere

109 1769 182 1806 spei
194 1791 204 1806 ,
243 1765 381 1797 timidos
405 1766 439 1795 ct
466 1766 608 1803 iqnuvos
647 1763 695 1794 acl
725 1763 1002 1803 (lesperaliouem
1023 1761 1219 1801 formidine
1242 1770 1447 1801 properare.

113 1823 195 1854 quas
211 1814 294 1845 inter
309 1820 405 1843 voces
422 1813 459 1841 ut
474 1811 604 1841 flexerat
618 1811 744 1842 vultum
762 1812 819 1842 aut
840 1809 1049 1841 induraverat
1065 1810 1071 1826 ¹
1093 1810 1194 1848 Otho,
1210 1809 1331 1840 clamor
1347 1809 1379 1840 ct
1393 1817 1449 1849 ge-

113 1862 222 1892 mitus.
243 1869 302 1892 nec
325 1858 508 1899 praetoriani
531 1859 679 1897 tantum,
706 1857 854 1898 proprius
878 1857 1015 1889 Othonis
1041 1857 1150 1896 miles,
1174 1856 1229 1888 sed
1255 1856 1408 1897 praemissi
1433 1864 1451 1887 e

113 1911 223 1943 Moesia
247 1909 394 1941 eandem
418 1908 684 1939 obstinationem
711 1907 936 1939 adventantis
960 1909 1152 1947 exercilus,
1174 1907 1320 1947 leytones
1344 1908 1448 1947 Aqui-

115 1963 220 1994 leiam
237 1962 409 1999 inaressus
433 1957 645 1991 nuntiabant;
670 1958 705 1989 ut
724 1966 819 1989 nemo
839 1957 967 1988 dubitet
990 1957 1132 1998 potuisse
1160 1957 1310 1989 renovari
1330 1956 1449 1989 bellum

113 2011 206 2040 atrox
219 2033 228 2047 ‚
246 2007 381 2047 lugubre
397 2031 405 2045 ‚
423 2005 582 2036 incertum
591 2005 695 2035 *victis
710 2006 742 2036 et
759 2004 948 2037 victoribus.

155 2060 277 2088 XLVII.
297 2059 367 2095 Ipse
381 2061 512 2086 aversus
527 2062 545 2083 a
563 2052 701 2083 consiliis
716 2052 810 2091 belli,
827 2066 842 2080 «
859 2057 951 2084 Hunc
965 2065 995 2092 »,
1006 2049 1136 2092 iuquit,
1153 2064 1168 2078 «
1183 2051 1326 2083 animum
1339 2075 1347 2089 ‚
1364 2051 1447 2083 hanc

114 2116 130 2130 «
150 2104 303 2134 virtutem
318 2103 459 2134 vestram
475 2101 557 2132 ultra
570 2099 719 2140 periculis
731 2099 870 2139 objicere
882 2099 977 2130 nimis
990 2099 1108 2139 grande
1122 2098 1197 2129 vitae
1210 2107 1290 2129 meac
1306 2098 1445 2137 pretium

116 2163 132 2177 «
150 2152 241 2191 puto.
262 2153 383 2189 quanto
408 2149 481 2189 plus
507 2148 575 2188 spei
597 2147 783 2187 ostenditis,
808 2147 834 2178 si
855 2146 966 2178 vivere
988 2147 1146 2187 placeret,
1168 2146 1259 2177 tanto
1283 2145 1447 2185 pulchrior

115 2210 131 2224 ιι
149 2206 238 2229 mors
251 2197 322 2229 erit.
341 2196 465 2237 experti
479 2196 619 2227 invicem
632 2203 745 2226 sumus
757 2219 766 2235 ‚
781 2203 839 2234 ego
856 2202 893 2225 ac
906 2194 1038 2225 fortuna
1051 2194 1075 2233 ¹,
1090 2202 1149 2225 nec
1163 2194 1291 2233 tempus
1307 2200 1443 2233 compu-

141 2286 219 2310 XLV.
237 2293 260 2310 i.
273 2285 349 2309 Conf.
366 2284 399 2308 ad
412 2289 434 2308 c.
449 2284 600 2307 winih—2.
616 2283 677 2306 Vid.
695 2288 718 2306 c.
730 2288 770 2307 ⁴5.

145 2321 234 2345 XLVl.
248 2327 266 2344 ι,
281 2321 315 2344 Ut
329 2320 432 2349 (prout)
446 2319 523 2343 vultu
542 2319 744 2349 significaverat
766 2318 808 2342 his
833 2317 947 2342 vocibus
966 2322 995 2341 se
1015 2316 1183 2341 commoveri
1203 2317 1252 2341 aut
1271 2316 1443 2340 constantem

110 2361 227 2380 manere
238 2357 265 2380 in
280 2356 430 2385 proposito.

143 2392 245 2416 XLVH.
263 2397 283 2415 ι.
302 2392 356 2420 Ego
382 2390 518 2414 fortunam
536 2391 666 2419 expertus
681 2395 749 2417 suni,
767 2389 920 2419 imperator
933 2388 1036 2417 factus;
1051 2388 1162 2413 fortuna
1175 2394 1228 2417 ine,
1246 2387 1398 2413 modestum
1414 2387 1444 2411 et
