1539 2668
481 171 515 200 Α.
540 172 578 200 U.
604 172 637 200 C.
662 172 734 202 777.
759 175 796 205 Α.
820 175 854 204 C.
879 174 928 204 24.
1311 177 1371 212 103

46 247 112 287 jam
127 245 192 277 filio
211 246 243 277 et
259 245 370 277 effusis
391 245 533 286 undique
548 246 701 278 Romanis
713 271 722 287 ‚
752 248 875 280 ruendo
893 248 929 280 in
951 247 1014 280 tela
1039 248 1262 289 captivitatem
1280 252 1372 285 haud

46 293 149 327 inulta
165 294 268 324 morte
284 293 408 332 effugit.
436 293 528 333 isque
541 292 614 324 finis
627 294 726 326 armis
741 295 922 336 impositus.

87 345 195 374 XXVI.
217 340 387 372 Dolabellae
405 340 525 380 petenti
542 340 654 372 abnuit
673 342 880 383 triumphalia
892 342 1041 375 Tiberius
1055 367 1065 383 ,
1078 344 1192 384 sejano
1210 345 1372 387 tribuens,

45 397 86 420 ne
104 388 216 428 Blaesi,
234 387 386 419 avunculi
405 388 490 427 ejuS,
516 387 584 419 laus
608 388 833 421 obsolesceret.
861 390 917 422 sed
939 399 1045 431 neque
1061 391 1181 423 Blaesus
1211 391 1282 423 ideo
1304 393 1374 424 illu-

44 436 154 475 strior,
170 437 203 467 et
231 436 304 466 huic
330 437 464 475 negatus
491 435 594 466 honor
610 436 743 476 gloriam
771 437 920 470 intendit.
942 439 1060 479 quippe
1081 438 1208 469 minore
1228 441 1373 472 exercitu

43 483 184 523 insignes
207 483 371 522 captivos,
398 483 519 514 caedem
540 483 631 514 ducis
644 483 784 524 bellique
799 485 936 517 confecti
961 485 1081 517 famam
1109 485 1303 525 deportarat.
1323 490 1374 519 Se-

43 530 224 570 quebantur
241 531 272 562 et
289 531 520 561 Garamantum
536 530 644 570 legati,
658 540 731 562 raro
746 531 779 562 in
793 532 878 564 Urbe
888 532 961 571 visi,
974 541 1058 573 quos
1070 532 1272 564 Tacfarinate
1287 542 1374 566 caeso

44 577 191 617 perculsa
206 585 282 617 gens
298 579 330 608 et
346 577 449 617 culpae
465 577 571 609 nescia
586 577 627 609 ad
642 578 907 610 satisfaciendum
924 580 1046 620 populo
1062 583 1211 612 Romano
1225 579 1372 613 miserat.

41 624 179 663 cognitis
192 624 310 656 dehinc
326 625 489 656 Ptolemaei
506 634 561 665 per
577 625 611 656 id
628 625 750 657 bellum
764 626 882 657 studiis
894 649 904 665 ,
920 627 1075 667 repetitus
1090 635 1129 658 ex
1152 627 1283 659 vetusto
1302 636 1374 660 mos

42 671 226 712 missusque
242 681 260 704 e
277 672 479 704 senatoribus
495 673 551 713 qui
565 673 743 713 scipionem
757 673 930 714 eburnum,
945 676 1052 714 togam
1066 673 1186 714 pictam
1197 673 1222 714 ¹,
1241 675 1376 714 antiqua

41 721 173 752 Patrum
191 728 344 759 munera,
364 720 474 759 daret,
492 729 673 761 reqemque
691 723 724 752 et
737 723 864 752 socium
878 723 984 761 atque
999 723 1151 753 amicum
1167 721 1352 762 appellaret,

82 770 205 798 XXVII.
231 767 347 798 Eadem
367 769 479 799 aestate
504 770 592 798 mota
616 777 671 808 per
696 768 822 799 ltaliam
847 768 973 799 servilis
990 767 1065 799 belli
1082 767 1208 800 semina
1233 768 1298 799 fors
1318 777 1376 808 op-

41 815 169 855 pressit.
188 816 302 846 auctor
318 815 477 846 tumultus
493 818 529 846 T.
547 815 724 855 Curtisius‚
742 815 906 855 quondam
929 815 1091 856 praetoriae
1112 815 1255 847 cohortis
1267 814 1375 855 miles,

41 862 147 903 primo
169 861 310 894 coetibus
326 861 534 893 clandestinis
554 862 640 903 apud
653 862 861 894 Brundisium
874 864 906 893 et
922 862 1130 902 circumjecta
1142 862 1277 902 oppida,
1296 870 1375 893 mox

40 910 156 950 positis
175 909 338 949 propalam
358 909 473 940 libellis
491 910 530 941 ad
555 910 738 941 libertatem
755 909 890 940 vocabat
908 909 1046 949 agrestia
1073 918 1130 950 per
1145 909 1339 949 longinquos
1362 909 1370 926 ¹

39 957 141 989 saltus
154 958 188 988 et
205 956 321 987 ferocia
340 956 490 995 servitia,
511 966 613 997 quum
627 958 717 988 velut
730 965 863 988 munere
877 956 975 987 deum
988 958 1054 988 tres
1069 956 1206 987 biremes
1222 957 1375 997 appulere

38 1004 79 1035 ad
95 1013 172 1036 usus
191 1003 443 1035 commeantium
462 1004 517 1036 illo
533 1005 625 1035 mari.
650 1007 682 1036 et
702 1005 771 1036 erat
787 1004 902 1035 iisdem
919 1003 1102 1044 regionibus
1118 1003 1248 1035 Curtius
1263 1007 1374 1043 Lupus

39 1053 194 1094 quoestor,
223 1051 278 1082 cui
300 1050 469 1091 provincia
493 1054 601 1083 vetere
625 1061 665 1084 ex
686 1060 775 1084 more
799 1051 902 1083 calles
918 1050 929 1068 ²
954 1052 1137 1082 evenerant.
1170 1050 1199 1082 is
1216 1049 1374 1090 disposita

38 1098 280 1132 classiariorum
313 1097 406 1138 copia
434 1100 630 1139 coeptantem
665 1098 910 1139 quummaxime
943 1097 1200 1137 conjurationem
1233 1097 1372 1137 disjecit.

40 1147 224 1186 missusque
240 1154 258 1176 a
278 1148 401 1176 Caesare
416 1154 552 1186 propere
574 1147 680 1178 Staius
706 1146 857 1177 tribunus
881 1154 957 1177 cum
973 1145 1081 1177 valida
1107 1153 1205 1176 manu
1220 1168 1229 1184 ,
1254 1144 1372 1176 ducem

39 1193 147 1233 ipsum
170 1195 202 1224 et
218 1192 382 1232 proximos
405 1193 549 1223 audaciae
566 1193 599 1223 iu
616 1193 735 1224 Urbem
753 1193 874 1231 traxit,
893 1193 958 1232 Jam
987 1191 1146 1232 trepidam
1164 1191 1205 1223 ob
1222 1192 1372 1223 multitu-

37 1242 151 1273 ‹liuem
178 1241 374 1273 familiarum
399 1241 411 1259 ³
436 1249 510 1280 quae
533 1240 691 1280 gliscebat
715 1240 933 1279 immensum,
968 1239 1094 1271 minore
1118 1238 1152 1271 in
1179 1238 1250 1270 dies
1278 1238 1372 1279 plebe

39 1292 189 1330 ingenua.

82 1340 220 1369 xxvlli.
244 1336 363 1368 Iisdem
381 1335 566 1367 consulibus
591 1334 794 1365 miseriarum
823 1342 860 1365 ac
883 1333 1018 1365 saevitiae
1043 1333 1229 1373 exemplum
1256 1335 1373 1373 atrox,

41 1394 114 1417 reus
130 1385 233 1425 pater,
262 1385 432 1414 accusator
453 1383 538 1413 silius
565 1383 699 1420 (nomen
726 1381 856 1420 utrique
871 1380 983 1411 Vibius
1000 1382 1152 1418 Serenus)
1173 1380 1205 1411 in
1222 1383 1370 1411 senatum

38 1431 165 1464 inducti
182 1431 257 1463 sunt
271 1440 278 1461 :
297 1430 337 1462 al)
353 1430 467 1461 exsilio
488 1430 494 1446 ¹
517 1430 675 1460 retractus
693 1427 869 1467 illuvieque
893 1435 931 1458 ac
948 1427 1094 1467 squalore
1111 1427 1237 1458 obsitus
1253 1428 1285 1458 et
1299 1430 1369 1457 tum

37 1484 151 1512 eatena
166 1479 295 1510 vinctus
310 1480 410 1518 pater,
423 1478 535 1508 orante
550 1476 615 1507 filio
624 1487 632 1515 ;
649 1476 847 1516 praeparatus
859 1474 1046 1505 adolescens
1060 1474 1171 1504 multis
1186 1473 1369 1513 munditiis,

36 1527 135 1561 alacri
153 1527 248 1558 vultu
264 1536 272 1556 z
297 1526 451 1556 structas
474 1525 633 1563 Principe
650 1522 808 1560 insidias,
826 1523 944 1552 missos
962 1523 997 1552 in
1013 1521 1170 1553 Galliam
1182 1522 1371 1552 concitores

39 1575 120 1608 belli
133 1573 231 1606 index
246 1573 332 1604 idem
349 1573 382 1603 et
396 1571 488 1602 testis
503 1570 651 1609 dicebat,
670 1569 927 1607 annectebatque
937 1591 946 1607 ,
976 1568 1160 1599 Cceez'lz'um
1174 1569 1370 1599 Cornutum

36 1624 245 1663 praetorium
266 1619 518 1652 ministravisse
535 1619 723 1658 pecuniam
737 1627 748 1648 :
765 1616 820 1656 qui
837 1614 934 1646 taedio
950 1624 1119 1654 curarum,
1143 1616 1175 1646 et
1189 1616 1265 1655 quia
1288 1614 1370 1654 peri-

36 1671 148 1702 culum
163 1678 221 1710 pro
235 1668 334 1699 exitio
348 1665 535 1704 habebatur,
548 1666 687 1696 mortem
703 1664 736 1695 in
752 1672 787 1694 se
805 1663 981 1694 festinavit.
1000 1664 1033 1693 at
1046 1664 1157 1693 contra
1171 1671 1244 1694 reus
1255 1686 1264 1702 ,
1287 1661 1366 1692 nillil

39 1719 173 1750 infracto
190 1716 298 1748 animo
309 1739 317 1754 ‚
332 1714 488 1745 obversus
504 1712 538 1742 in
556 1711 658 1742 lilium
671 1712 804 1751 quatere
820 1709 950 1740 vincula
961 1734 970 1749 ‚
987 1718 1104 1740 vocare
1116 1709 1366 1748 ultoresdeos,

36 1768 78 1797 ut
90 1765 154 1797 sabi
169 1763 309 1805 quidem
323 1760 507 1792 redderent
524 1759 698 1798 emnium,
712 1758 771 1790 ubl
780 1757 905 1797 procul
919 1758 985 1788 tali
1000 1765 1094 1788 more
1107 1758 1237 1796 aqeret,
1246 1755 1368 1796 filium

36 1815 157 1844 autem
178 1809 384 1852 quandoque
400 1807 574 1846 supplicia
598 1807 838 1847 sequerentur.
866 1804 1134 1844 asseverabatque
1152 1805 1368 1836 innocentem

40 1861 235 1891 Cornutum
248 1856 393 1895 etfalsa
412 1855 619 1886 exterritum
634 1853 645 1870 ²
659 1864 668 1892 ;
684 1852 786 1893 idque
791 1851 906 1891 facile
918 1851 1109 1890 intellectu,
1125 1851 1161 1882 ni
1174 1850 1367 1890 proderen-

38 1908 99 1939 tur
115 1906 180 1938 alii
191 1905 204 1923 ³
220 1915 230 1937 .-
247 1912 315 1936 non
335 1904 427 1934 enim
451 1909 485 1933 se
502 1900 629 1932 ccedem
651 1900 823 1939 Principis
844 1899 878 1930 et
892 1906 946 1929 res
968 1906 1074 1930 novas
1086 1920 1095 1935 ‚
1110 1905 1180 1929 uno
1196 1899 1296 1936 socio,
1313 1907 1368 1929 co·

35 1956 164 1995 yitasse
178 1952 188 1970 ⁴
197 1977 204 1984 .

78 2004 184 2032 XXIX.
209 2002 293 2030 Tum
319 1997 487 2028 accusator
506 1996 566 2026 Cn.
582 1993 770 2025 Lentulum
786 1994 820 2024 et
835 1993 948 2024 Seium
966 1991 1176 2024 Tuberonem
1198 1992 1365 2032 nominat,

37 2056 155 2088 magno
170 2046 295 2087 pudore
310 2044 465 2084 Caesaris,
484 2050 586 2082 quum
612 2040 772 2081 primores
796 2038 939 2070 civitatis
954 2061 964 2078 ,
990 2037 1097 2069 intimi
1118 2037 1221 2078 ipsius
1248 2037 1365 2077 amici,

66 2148 161 2174 XXVI.
177 2152 198 2171 ι.
214 2147 260 2171 Sc.
283 2150 344 2173 acu,
364 2143 453 2168 aureis
469 2144 496 2166 et
509 2139 721 2166 versicoloribus
733 2138 785 2163 filis
796 2138 982 2163 intertextam.
999 2142 1053 2167 quo
1067 2137 1265 2167 triumphantes
1282 2144 1364 2162 orna-

36 2186 145 2211 bantur.
157 2183 253 2207 Omisit
264 2181 375 2205 Tacitus
385 2179 540 2203 eburneam
553 2177 665 2201 sellam.

66 2219 174 2245 xxvn.
191 2223 201 2242 ¹
210 2234 216 2240 .
228 2217 312 2246 Longi
328 2216 429 2245 latique
439 2214 566 2238 ambitus.
577 2225 604 2229 -
613 2218 637 2236 2.
658 2211 748 2236 Galles
760 2210 854 2234 Italia*
866 2208 1036 2233 vocabantur
1049 2207 1176 2237 regiones
1195 2209 1332 2232 silvestres
1346 2214 1361 2231 a

38 2260 116 2286 tergo
130 2253 281 2282 Campaniae
295 2257 388 2276 versus
401 2256 474 2274 mare
486 2255 614 2279 superum
628 2255 648 2272 s.
661 2247 837 2274 Adriaticum,
855 2245 907 2270 illae
923 2245 985 2274 ipsae
1007 2243 1105 2283 in'quis
1121 2245 1253 2268 tumultus
1270 2245 1357 2268 ortus.

36 2293 82 2317 His
95 2290 129 2314 ob
140 2290 243 2314 reditus
257 2294 289 2311 ex
304 2288 410 2317 pascuis
425 2288 453 2310 et
466 2285 610 2315 pecoribus
621 2285 745 2314 quaestor
758 2283 882 2311 praeerat,
898 2286 958 2310 quae
970 2279 1092 2304 cantum
1102 2280 1259 2308 provincia
1273 2279 1360 2303 dicta.

37 2330 105 2354 Nam
115 2325 202 2349 calles
215 2324 321 2354 proprie
331 2324 395 2347 sunt
407 2323 510 2347 semitae
520 2327 652 2352 pecorum
669 2319 787 2349 vestigiis
797 2318 962 2348 praeduratae.
973 2329 1002 2334 —
1015 2321 1041 2339 ³.
1054 2316 1239 2354 Sel-vitiorum.

66 2361 185 2386 xxviii.
204 2365 225 2384 ¹.
243 2360 281 2383 De
293 2365 346 2389 quo
357 2364 381 2382 c.
394 2364 463 2382 ia.-
476 2362 498 2382 2.
511 2357 588 2382 Falsa
603 2355 758 2380 extimuisse
766 2362 773 2383 ;
787 2359 874 2384 graeca
892 2353 1070 2380 constructio,
1081 2346 1303 2383 εκπλήττεσθαὶ
1315 2355 1360 2385 τι,

36 2396 208 2422 accusativus
224 2401 286 2420 cum
299 2395 382 2418 verbo
397 2394 502 2423 passivo
514 2393 598 2417 animi
607 2391 736 2416 affectum
752 2389 930 2419 exprimente,
944 2390 975 2413 ut
988 2394 1049 2413 cum
1063 2389 1169 2413 neutris
1182 2386 1279 2413 Latini.
1288 2385 1359 2409 hor-

37 2438 103 2457 rere
113 2429 234 2461 aliquid,
247 2431 362 2459 stupere
377 2429 501 2459 aliquia.
514 2440 543 2446 —
556 2433 580 2452 5.
595 2429 638 2452 Sc.
653 2431 781 2451 ausorum
794 2424 869 2450 socii.
882 2437 911 2442 -
922 2429 945 2449 ⁴.
959 2425 1149 2454 cogitatui-um
1162 2422 1255 2448 ruisse.
