1539 2668
583 147 633 175 DE
655 147 918 175 ORATORIBUS.
1354 148 1416 178 465

89 224 174 255 vidis
188 231 266 255 vero
281 220 465 254 etinimicis
478 222 600 251 metum
619 222 651 251 et
667 222 823 251 terrorem
840 220 924 251 ultro
941 221 1032 258 serat,
1051 221 1121 261 ipse
1135 230 1266 252 securus
1280 224 1312 253 et
1325 223 1417 255 velut

89 270 229 312 quadam
256 271 412 309 perpetua
439 269 585 308 potentia
605 276 642 298 ac
663 270 822 308 potestate
848 268 1019 299 munitus?
1045 270 1137 308 cujus
1159 271 1209 300 vis
1235 274 1267 301 et
1295 270 1417 301 utilitas

92 318 187 349 rebus
203 325 353 357 prospere
367 315 542 346 fluentibus
556 315 693 346 aliorum
712 315 863 355 praesidio
877 317 909 346 et
925 316 1024 347 tutela
1044 316 1230 355 intelligitur
1248 326 1255 347 ε
1271 317 1319 347 siu
1340 326 1414 357 pro-

92 365 196 405 prium
214 364 392 404 periculum
410 362 608 402 inei-epuiw,
630 372 693 393 nou
711 363 846 393 Hercule
865 363 963 393 lorica
977 367 1008 394 et
1023 364 1149 403 gladius
1166 363 1197 394 in
1212 364 1280 395 acie
1295 364 1417 396 lirmius

91 412 334 443 munimentum
362 419 457 449 quam
492 418 546 440 reo
572 412 604 440 et
631 410 831 449 periclitanti
858 410 1042 450 eloquentia
1060 410 1243 451 praesidium
1265 412 1419 444 simulac

92 460 192 491 telum
206 483 214 497 ‚
233 467 298 498 quo
316 465 518 497 propugnare
535 457 656 496 pariter
676 461 708 488 et
725 458 887 488 incessere
900 457 967 488 sive
985 459 1016 489 in
1031 458 1153 497 judicio
1169 459 1239 489 sive
1255 458 1286 488 iu
1303 462 1417 490 senatu

91 506 158 537 sive
181 505 267 545 apud
289 503 468 543 Principem
494 504 609 543 possis.
638 503 717 544 quid
743 504 831 535 aliud
857 505 985 536 infestis
1010 505 1156 536 Patribus
1179 515 1280 545 nuper
1305 507 1419 546 Eprius

80 544 283 584 :Mai-cello&
302 559 399 590 quam
423 550 639 591 eloquentiam
664 560 756 582 suam
777 552 951 592 opposuit?
976 562 1038 592 qua
1063 553 1228 584 accinctus
1253 556 1284 584 et
1311 554 1418 584 minax

91 599 242 630 disertam
254 597 403 638 quidem,
422 597 477 628 sed
497 598 739 629 inexercitatam
758 600 790 629 et
809 598 970 637 ejusmodi
988 601 1202 630 certaminum
1217 600 1330 630 rudem
1344 601 1417 631 Hel-

91 645 172 677 vidii
186 645 376 686 sapientiam
392 645 498 676 elusit.
516 645 610 676 Plura
628 646 667 676 de
683 645 821 677 utilitate
839 655 904 677 non
922 646 994 677 dico
1006 670 1014 685 ,
1032 647 1084 677 cui
1101 647 1181 686 parti
1195 647 1327 678 minime
1341 656 1419 678 con·

91 692 306 726 tradicturum
323 694 503 722 Maternum
523 701 630 723 meum
649 693 802 723 arbitror.

132 744 186 772 VI.
209 752 224 767 «
251 739 299 770 Ad
323 739 523 779 voluptatem
549 741 697 772 oratoriae
723 741 921 780 eloquentiae
945 743 1091 779 transeo,
1117 741 1209 779 cujus
1230 741 1420 779 jucunditas

91 796 156 818 nou
177 796 240 818 uno
257 787 366 826 aliquo
386 789 570 825 momento,
591 788 647 818 sed
668 789 819 818 omnibus
840 797 938 828 prope
959 788 1075 819 diebus
1094 797 1131 818 ac
1155 797 1254 828 prope
1269 789 1421 820 omnihus

92 834 181 865 horis
194 834 361 873 contingit.
375 833 451 873 quid
466 835 551 865 enim
566 835 694 865 dulcius
706 835 807 866 libero
820 838 852 866 et
864 836 1001 874 ingenuo
1013 836 1122 866 animo
1137 839 1169 866 et
1183 836 1222 866 ad
1240 836 1421 876 voluptates

91 881 243 912 honestas
260 881 333 910 nato
351 889 449 919 quam
470 880 579 912 videre
598 882 724 921 plenam
745 890 872 921 semper
896 884 929 912 et
953 883 1155 922 frequentem
1173 883 1307 913 domum
1325 891 1418 914 suam

92 935 249 958 concursu
269 926 605 966 splendidissimorum
633 928 826 958 hominum?
852 928 950 968 idque
976 930 1058 959 scire
1081 938 1146 959 uon
1173 930 1338 968 pecunhe,
1357 939 1421 961 uon

92 974 241 1006 orbitati¹
265 983 367 1014 neque
391 974 489 1005 oflicii
508 974 645 1014 alicujus
668 975 963 1013 administrationi,
986 976 1039 1006 sed
1063 976 1124 1006 sibi
1147 976 1209 1016 ipsi
1235 977 1326 1008 dari?
1349 977 1420 1009 illos

93 1021 172 1061 quin
192 1021 293 1052 immo
310 1021 405 1051 orbos
424 1022 457 1052 et
473 1022 648 1061 locupletes
663 1024 695 1053 et
711 1024 859 1061 polentes
881 1023 991 1054 venire
1009 1024 1198 1063 plerumque
1217 1023 1256 1054 ad
1269 1024 1420 1062 juvenem

93 1070 126 1100 et
142 1077 337 1108 pauperem,
355 1071 391 1100 ut
408 1070 464 1099 aut
481 1078 540 1099 sua
557 1071 615 1099 aut
637 1070 813 1100 amicorum
839 1069 1030 1100 discrimina
1048 1070 1286 1101 commendent.
1310 1072 1424 1103 Ullane

93 1118 184 1147 tanta
203 1115 381 1155 ingentium
404 1126 503 1156 opum
522 1125 560 1147 ac
576 1125 701 1156 magnae
719 1117 876 1157 potentiae
891 1118 1043 1157 voluptas
1057 1142 1065 1157 ,
1081 1127 1179 1158 quam
1203 1121 1347 1158 spectare
1365 1120 1422 1150 lio-

94 1163 198 1194 mines
220 1165 344 1194 veteres
368 1166 398 1193 et
416 1172 507 1194 senes
530 1167 562 1195 et
578 1165 679 1195 totius
703 1165 790 1195 orbis
809 1164 912 1203 gratia
929 1165 1086 1196 subnixos
1105 1166 1137 1196 iu
1161 1175 1287 1196 summa
1315 1175 1424 1197 rerum

95 1211 241 1240 omnium
266 1210 465 1242 abundantia
483 1211 672 1242 confitentes
686 1236 694 1250 ‚
714 1211 745 1242 id
764 1211 849 1251 quod
874 1212 1033 1251 optimum
1057 1213 1116 1251 sit,
1141 1222 1175 1244 se
1202 1222 1267 1243 non
1284 1213 1423 1245 habere?

92 1255 159 1296 jam
174 1266 251 1288 vero
268 1258 322 1298 qui
342 1260 525 1295 togatorum
543 1259 720 1289 comitatus
741 1262 770 1289 et
793 1267 940 1298 egressus
953 1259 979 1298 ²,
996 1269 1069 1299 quae
1087 1260 1119 1290 iu
1138 1260 1265 1299 publico
1282 1262 1421 1301 species,

95 1311 168 1342 quae
188 1304 221 1334 in
235 1304 366 1344 judiciis
385 1306 569 1344 veneratio,
587 1306 675 1345 quod
693 1306 846 1345 gaudium
863 1306 1078 1344 consurgendi
1094 1307 1329 1348 assistendique
1342 1309 1424 1340 inter

96 1353 237 1382 tacentes
260 1353 291 1382 et
314 1352 346 1382 in
366 1361 467 1382 unuin
490 1354 685 1384 conversos!
707 1353 793 1384 coire
811 1353 967 1392 populum
987 1357 1019 1384 et
1036 1354 1254 1385 circumfundi
1271 1364 1424 1387 coronam

95 1398 126 1428 et
149 1399 293 1438 accipere
316 1399 493 1436 affectum,
528 1408 758 1440 quemcunque
782 1403 892 1431 orator
917 1401 1072 1431 induerit!
1094 1401 1229 1440 Vulgata
1245 1402 1425 1436 dicentium

96 1445 212 1483 gaudia
228 1447 260 1476 et
274 1445 496 1485 imperitorum
511 1456 642 1486 quoque
659 1447 761 1478 oculis
775 1447 923 1486 exposita
938 1456 1110 1487 percenseo
1125 1448 1136 1465 ³
1156 1459 1162 1479 z
1179 1449 1232 1480 illa
1250 1451 1424 1483 secretiora

95 1493 128 1522 et
144 1493 272 1523 tantum
290 1493 367 1532 ipsis
380 1493 547 1524 orantibus
561 1497 637 1525 notu
652 1494 773 1533 majora
787 1497 874 1525 suut.
891 1494 959 1525 sive
974 1497 1156 1526 accuratam
1172 1496 1425 1539 meditatamque

96 1539 219 1578 profert
235 1540 415 1582 orationem
431 1564 440 1579 ,
458 1543 506 1572 est
522 1542 683 1580 quoddam
702 1543 787 1572 sicut
805 1542 906 1581 ipsius
924 1542 1075 1573 dictionis
1089 1568 1096 1581 ,
1112 1543 1155 1574 ita
1171 1544 1279 1582 gaudii
1298 1546 1426 1584 pondus

95 1589 128 1617 et
145 1588 326 1619 constantia
341 1612 349 1626 ,
371 1588 440 1619 sive
457 1597 574 1619 novam
597 1592 629 1620 et
650 1591 811 1620 recentem
835 1589 966 1620 curam⁴
989 1600 1053 1621 nou
1070 1592 1138 1621 sine
1163 1592 1270 1631 aliqua
1286 1593 1426 1632 trepida-

95 1633 183 1664 tione
199 1634 297 1665 animi
312 1635 478 1674 attulerit,
495 1636 563 1675 ipsa
583 1636 767 1667 sollicitudo
785 1637 993 1668 commendat
1007 1641 1160 1674 eventum
1177 1641 1208 1669 et
1226 1638 1426 1673 lenocinatur

96 1681 291 1721 voliiptati⁵.
315 1682 368 1712 sed
392 1683 621 1722 extemporalis
642 1683 786 1714 audaciae
809 1686 908 1723 atque
933 1684 1035 1724 ipsius
1055 1686 1249 1717 temeritatis
1271 1687 1321 1718 vel
1341 1696 1425 1727 prae-

97 1727 191 1766 cipua
206 1728 391 1767 jucunditas
407 1731 467 1760 est.
494 1738 567 1759 nam
586 1730 618 1760 iu
638 1731 767 1769 ingenio
784 1740 931 1771 quoque,
948 1733 1033 1763 sicut
1056 1733 1089 1762 in
1111 1742 1208 1772 agro,
1227 1742 1425 1774 quamquam

97 1773 160 1805 alia
175 1774 229 1804 diu
253 1777 401 1806 serantur
422 1778 519 1816 atque
539 1776 756 1816 elaboremus,
773 1778 913 1816 gratiora
933 1781 1041 1810 tamen
1065 1788 1138 1819 quae
1155 1789 1213 1811 sua
1236 1783 1350 1820 sponte
1366 1791 1424 1813 na-

97 1823 244 1852 scuntur.

140 1872 208 1900 VII.
228 1882 243 1897 «
259 1869 433 1909 Equidem,
453 1871 489 1901 ut
506 1869 546 1901 de
562 1879 613 1901 me
630 1870 697 1910 ipse
714 1870 827 1909 fatear,
841 1880 904 1901 non
919 1880 993 1902 eum
1011 1872 1095 1903 diem
1115 1873 1269 1905 laetiorem
1284 1874 1345 1914 egi,
1361 1883 1426 1915 quo

97 1915 175 1946 milii
191 1916 276 1947 latus
293 1917 404 1947 clavus
420 1916 548 1948 oblatus
565 1920 614 1948 est
629 1918 651 1955 ¹,
669 1918 719 1948 vel
734 1927 799 1958 quo
816 1919 912 1949 liouio
930 1928 1033 1950 novus
1047 1922 1079 1951 et
1095 1919 1127 1950 in
1146 1921 1279 1952 civitate
1294 1922 1426 1954 minime

97 1962 267 1994 favorabili
279 1962 289 1979 ²
307 1966 402 1995 natus
419 1965 618 2003 quaesturam
634 1966 692 1995 aut
709 1965 909 1996 tribunatum
925 1968 980 1996 aut
994 1969 1168 2006 praeturam
1184 1968 1312 2008 accepi,
1327 1978 1425 2009 quam

97 2017 152 2041 eos
161 2009 279 2050 quibus
296 2010 373 2041 mihi
388 2019 446 2050 pro
460 2011 682 2044 mediocritate
698 2012 794 2051 hujus
809 2013 1115 2055 quantulaecumque
1130 2016 1163 2045 in
1178 2015 1316 2046 dicendo
1329 2015 1427 2046 sacul-

102 2139 181 2165 Unde
193 2140 218 2163 si
231 2139 301 2169 quid
317 2139 448 2169 increpat
460 2141 647 2165 terroris-5.
662 2142 700 2165 De
714 2147 766 2171 quo
778 2143 885 2168 Annal.
898 2143 965 2171 XVl,
976 2148 1013 2170 22.
1030 2147 1066 2173 2⁹,
1080 2149 1118 2173 ss,
1134 2143 1206 2168 Hist.
1224 2144 1267 2173 lv,
1282 2150 1296 2169 5
1308 2151 1382 2176 seqq.
1398 2149 1427 2171 et

98 2180 135 2204 45,
150 2175 197 2199 ubi
209 2176 334 2198 narratur
347 2181 389 2199 res
403 2182 461 2205 quae
475 2176 527 2200 hoc
540 2176 602 2200 loco
616 2177 773 2207 respicitur.

129 2210 173 2233 w.
189 2216 207 2234 i.
216 2211 262 2234 Cui
272 2210 436 2241 heredipetae
447 2211 674 2241 blandiebantur;
688 2219 710 2236 v.
723 2214 816 2237 Horat.
827 2214 886 2238 sat.
897 2214 927 2241 11,
937 2219 1015 2239 5.-2.
1025 2215 1142 2239 Clientes
1151 2215 1288 2239 oratorem
1300 2216 1325 2240 in
1336 2216 1426 2240 rorum

98 2245 215 2274 indeque
226 2246 333 2270 domum
349 2248 469 2271 comitari
482 2249 643 2278 etprosequi
655 2248 842 2273 solebant.—5.
853 2250 882 2273 ln
893 2250 933 2274 tiis
940 2250 1064 2274 nimirum
1076 2256 1134 2280 quae
1151 2251 1231 2274 modo
1243 2251 1313 2275 dicta
1322 2254 1426 2276 sunt.-

100 2280 294 2306 communem.
308 2284 406 2309 Similis
421 2291 482 2309 usus
494 2287 570 2311 Ann.
586 2287 632 2315 Ill,
646 2291 675 2310 2⁴
686 2287 744 2315 ;1v,
758 2292 835 2311 2.—s.
849 2289 999 2313 Gratioreru
1013 2289 1103 2313 reddit
1113 2290 1141 2313 et
1151 2291 1233 2319 auget
1246 2289 1423 2320 voluptatem.

99 2316 228 2341 Similiter
243 2318 334 2342 Germ.
347 2325 370 2343 c.
384 2324 420 2350 45,
435 2320 529 2345 insitoe
535 2322 688 2352 ferocitati
702 2323 913 2348 lenocinantur.

130 2352 182 2375 vn.
198 2357 218 2376 ι.
237 2353 294 2382 Quo
307 2355 334 2377 in
351 2356 518 2380 senatorium
538 2358 660 2381 ordinem
682 2360 808 2388 receptus
826 2365 899 2387 sum,
923 2361 1000 2389 cujus
1019 2360 1125 2389 insigne
1147 2361 1188 2384 est
1210 2360 1289 2384 catus
1305 2361 1422 2390 clavus,

100 2388 192 2412 tunica
209 2390 326 2419 purpura
338 2390 392 2415 late
406 2392 559 2418 cincta—2.
577 2393 626 2418 Cui
639 2394 748 2418 minime
761 2394 848 2419 faveri
863 2395 933 2420 solet
947 2395 1018 2425 apud
1035 2397 1180 2420 Romanos.
1196 2396 1224 2420 ln
1239 2395 1323 2420 Gallia
1343 2398 1425 2420 natus

1245 2445 1300 2466 20.
