1539 2668
516 169 549 196 A.
573 168 609 195 U.
632 169 666 196 C.
692 169 764 197 823.
789 169 825 196 A.
849 169 884 196 C.
908 167 958 196 70.
1333 168 1393 198 41³

81 248 183 272 cuam
199 239 308 271 sedem
326 241 358 270 et
374 240 495 270 inania
512 247 656 270 arcana.
678 239 762 269 muri
781 237 1073 277 Hierosolymorum
1093 238 1208 277 diruti,
1225 239 1393 272 delubrum

79 286 234 317 mansit2.
254 295 328 317 mox
352 286 438 316 civili
462 285 545 316 inter
565 294 623 315 nos
648 285 753 322 bello,
777 288 949 325 postquam
971 285 1003 315 in
1026 285 1179 316 ditionem
1204 290 1244 316 M.
1263 287 1393 318 Antonii

79 333 254 372 provinciae
279 335 459 370 cesserant,
482 341 537 362 rex
562 332 755 362 Parthorum
778 336 918 363 Pacorus
932 333 943 349 ³
966 331 1079 363 Judaea
1101 332 1241 371 potitus,
1264 332 1392 364 interse-

78 381 215 419 ctusque
228 388 245 410 a
259 383 292 410 P.
306 378 468 417 Ventidio,
480 381 512 409 et
527 378 636 408 Parthi
651 381 738 409 trans
753 378 931 418 Euphraten
948 378 1066 409 redacti
1079 388 1086 409 :
1098 378 1225 409 Judaeos
1235 382 1268 409 C.
1282 378 1394 410 Sosius

78 426 238 466 subegss‘.
256 435 387 465 regnum
404 425 443 455 ab
457 425 595 455 Antonio
613 425 733 470 Herodi
748 425 757 442 ⁵
776 425 887 456 datum
904 425 1009 456 victor
1024 428 1184 464 Augustus
1200 425 1301 456 auxit.
1321 425 1395 464 post

78 476 215 503 mortem
238 472 386 510 Herodis,
410 472 488 502 nihil
503 473 690 511 exspectato
704 475 838 511 Caesare,
862 472 948 502 Simo
965 471 1118 511 quidam‘J
1138 472 1260 511 regium
1277 479 1394 502 nomen

77 518 249 550 invaserat.
265 519 292 549 is
305 527 323 548 a
337 518 494 557 Quintilio
510 522 593 548 Varo
615 518 780 549 obtinente
793 519 913 558 Syriam
935 519 1088 558 punitus3
1111 520 1142 549 et
1162 520 1288 557 gentem
1307 526 1394 549 coer·

78 565 174 595 citam
190 564 283 595 liberi
306 564 440 595 Herodis
466 564 626 604 tripartito
645 565 790 596 rexere7.
819 565 878 596 sub
903 566 1030 596 Tiberio
1047 566 1147 604 quies.
1173 565 1249 595 dein
1275 564 1356 603 jussi
1376 572 1395 595 a

77 612 152 641 Caio
169 615 291 642 Caesare
309 610 455 650 effiqlem
472 611 545 649 ejus
570 613 606 642 ἰἠ
633 611 758 651 templo
782 611 916 651 locare,
943 621 1032 642 arma
1054 612 1159 651 potius
1177 620 1340 651 sumpsere
1355 610 1366 628 s
1384 621 1394 650 ;

77 664 172 695 quem
184 659 307 688 motum
322 657 454 688 Caesaris
468 666 554 688 mors
566 657 707 688 diremit.
720 658 880 697 Claudius,
893 659 1055 690 defunctis
1073 658 1200 697 regibus
1216 657 1319 688 autad
1331 666 1395 688 mo-

77 703 185 734 dicum
202 703 350 738 redactis,
369 708 383 734 J
389 704 511 734 udaeam
529 704 728 743 provinciam
742 705 908 744 Equitibus
919 706 1069 736 Romanis
1080 707 1137 736 aut
1148 704 1270 735 libertis
1282 703 1396 744 permi-

78 749 121 780 sit
132 750 159 788 9;
174 759 190 781 e
203 750 321 789 quibus
331 751 489 781 Antonius
504 750 588 781 Felix
605 759 659 789 per
670 760 797 781 omnem
813 751 970 782 saevitiam
982 761 1019 782 ac
1031 751 1196 782 libidinem
1206 751 1257 790 jus
1272 750 1395 789 regium

78 796 185 827 servili
201 796 328 836 ingenio
344 797 507 835 exercuit,
523 797 660 827 Drusilla
679 798 858 837 Cleopatrae
876 801 908 828 et
921 799 1048 829 Antonii
1070 800 1164 837 nepte
1185 798 1215 828 in
1232 797 1395 827 matrimo-

78 842 165 873 nium
177 844 308 882 accepta
320 867 328 881 ‚
347 848 382 874 ut
397 843 539 881 ejusdem
552 844 678 874 Antonii
691 844 776 874 Felix
794 853 960 884 progener,
974 845 1124 875 Claudius
1140 845 1165 860 ¹⁰
1181 853 1279 884 nepos
1296 844 1393 874 esset.

118 892 155 919 X.
176 889 312 920 Duravit
328 891 437 920 tamen
454 889 609 929 patientia
626 889 746 920 Judaeis
764 899 866 930 usque
883 891 921 921 ad
940 891 1084 922 Gessium
1100 890 1229 920 Florum
1246 897 1396 930 procura-

76 937 178 965 torem
192 944 199 964 :
212 935 271 966 sub
285 944 321 966 eo
336 935 454 966 bellum
471 939 578 965 ortum
593 936 617 974 ¹,
633 938 665 966 et
678 937 892 976 comprimere
906 940 1099 977 cwptantem
1114 938 1255 969 Cestium
1271 936 1396 967 Gallum

78 981 177 1019 Syriae
193 982 333 1021 legatum
350 983 438 1012 varia
457 983 563 1022 pru-lia
582 991 618 1012 ac
631 982 746 1022 faa-pius
763 983 896 1014 adversa
913 984 1102 1024 exceper02.
1122 985 1177 1024 qui
1191 984 1245 1014 ubi
1263 984 1327 1013 sato
1339 985 1397 1013 aut

78 1027 175 1059 taedio
191 1030 309 1060 occidit
320 1053 329 1068 ‚
348 1030 446 1060 missu
463 1030 597 1060 Neronis
612 1030 826 1068 Yespasiauus
844 1032 973 1061 fortuna
991 1033 1138 1070 famaque
1151 1033 1181 1062 et
1195 1030 1326 1069 egregiis
1339 1029 1397 1060 mi-

78 1074 190 1105 nistris
207 1075 291 1105 intra
308 1076 387 1105 (luas
404 1078 529 1105 aestates
544 1076 554 1091 ³
576 1079 694 1106 cuncta
717 1085 904 1116 camporum
925 1087 1099 1117 omnesque
1116 1080 1233 1117 praeter
1250 1077 1397 1107 Hieroso-

79 1121 165 1161 lyma
180 1121 274 1152 urbes
288 1124 408 1153 victore
425 1123 568 1153 exercitu
583 1123 723 1153 tenebat.
739 1124 909 1163 proximus
921 1134 1026 1155 annus
1043 1125 1130 1154 cix-ili
1143 1124 1225 1155 bello
1239 1124 1396 1158 intentus,

78 1170 238 1207 quantun]
256 1168 296 1199 ad
316 1169 461 1207 Jmtaeos,
476 1178 532 1208 per
548 1168 649 1199 otium
671 1170 814 1200 transiit.
839 1179 917 1209 pace
936 1180 989 1210 per
1010 1171 1134 1202 Italiam
1150 1171 1260 1210 parata
1272 1194 1281 1208 ,
1298 1173 1329 1200 et
1345 1178 1398 1200 ex·

79 1216 180 1246 ternae
202 1224 287 1246 curae
310 1216 441 1247 rediere.
462 1216 598 1255 augebat
618 1216 683 1246 iras
705 1217 790 1256 'qnod
812 1217 871 1248 soli
887 1218 988 1248 Judaei
1011 1227 1073 1248 non
1093 1218 1274 1248 cessissent.
1299 1215 1398 1248 simul

79 1267 209 1292 manere
225 1263 311 1301 apud
330 1263 491 1293 exercitus
504 1262 613 1293 Titum
628 1262 666 1293 ad
684 1271 797 1294 omnes
814 1263 1010 1303 principatus
1024 1265 1100 1294 novi
1115 1267 1250 1295 eventus
1263 1271 1398 1294 casusve

80 1307 192 1338 utilius
209 1308 391 1340 videbatur.
418 1310 518 1349 Igitur
542 1309 674 1348 castris,
699 1309 747 1340 uti
772 1310 914 1341 diximus
930 1311 956 1350 ⁴,
982 1312 1057 1342 ante
1075 1311 1194 1341 moenia
1217 1310 1398 1349 Hierosoly-

80 1361 209 1384 morum
227 1355 339 1394 positis
359 1357 534 1387 instructas
550 1355 692 1394 legiones
711 1357 900 1388 ostentavit.

122 1404 174 1431 XI.
194 1402 297 1432 Judaei
313 1402 373 1433 sub
390 1403 474 1442 ipsos
489 1411 599 1433 muros
615 1406 762 1433 struxere
778 1403 879 1434 aciem
895 1427 903 1441 ,
922 1404 1018 1435 rebus
1035 1404 1183 1435 secundis
1196 1403 1323 1442 longius
1339 1410 1394 1433 au-

80 1447 165 1486 suri,
182 1450 214 1478 et
229 1449 255 1478 si
269 1449 470 1488 pellerentur,
486 1452 597 1488 parato
611 1450 765 1489 perfugio.
783 1450 891 1480 missis
908 1450 938 1480 in
953 1460 1007 1482 eos
1026 1460 1122 1490 eques
1147 1459 1219 1481 cnm
1239 1447 1396 1489 expeditis

81 1494 270 1525 cohortibus
284 1495 434 1534 ambigue
450 1496 587 1527 certavit
604 1496 624 1525 ¹.
643 1504 716 1526 mox
734 1505 856 1527 cessere
870 1497 978 1528 hostes
992 1522 1000 1536 ‚
1018 1499 1049 1528 et
1063 1496 1272 1536 sequentibus
1286 1495 1399 1526 diebus

81 1540 192 1571 crebra
214 1550 271 1580 pro
288 1542 389 1581 portis
411 1542 522 1582 proelia
547 1542 713 1581 serebant,
740 1543 842 1573 donec
867 1543 999 1574 assiduis
1022 1543 1148 1574 damnis
1173 1544 1257 1573 iutra
1282 1542 1398 1572 moenia

81 1586 285 1626 pellerentur.
309 1589 442 1619 Romani
475 1588 515 1619 ad
538 1589 792 1628 oppugnandum
820 1590 916 1620 versi.
947 1599 1049 1630 neque
1079 1590 1164 1621 enim
1190 1589 1321 1627 dignum
1353 1587 1398 1618 vi-

80 1633 215 1665 debatur
242 1635 357 1666 samem
375 1635 515 1666 hostium
543 1636 698 1675 opperiri;
725 1635 960 1675 poscebantque
983 1636 1124 1676 pericula
1139 1660 1147 1675 ‚
1170 1645 1244 1675 pars
1261 1636 1398 1670 virtute,

82 1681 177 1711 multi
199 1681 315 1712 ferocia
337 1683 368 1713 et
392 1682 541 1722 cupidine
554 1683 774 1722 praemiorum.
796 1683 859 1723 ipsi
881 1683 953 1713 Tito
968 1687 1069 1714 Roma
1091 1685 1123 1714 et
1145 1691 1222 1722 opes
1249 1682 1398 1721 volupta-

82 1727 193 1766 tesque
214 1730 288 1758 ante
309 1729 438 1767 oculos;
460 1737 497 1759 ac
512 1729 544 1759 ni
567 1730 675 1760 statim
694 1730 914 1770 Hierosolyma
935 1730 1160 1768 conciderent,
1179 1728 1297 1759 morari
1311 1728 1399 1760 vide-

83 1771 211 1804 bantur.
236 1774 292 1805 sed
318 1775 430 1805 urbem
454 1775 588 1805 arduam
610 1776 674 1806 situ
694 1785 790 1815 opera
812 1777 975 1816 molesque
1000 1777 1226 1814 firmaverant,
1253 1777 1325 1814 quis
1349 1776 1400 1806 vel

84 1819 179 1858 plana
195 1821 274 1851 satis
293 1821 510 1852 munirentur.
531 1830 606 1852 nam
623 1821 706 1853 duos
725 1823 845 1854 colles²
867 1823 1060 1854 immensum
1081 1823 1185 1853 editos
1208 1821 1402 1852 claudebant

84 1926 144 1949 tulit
161 1926 347 1954 Pompeius-
357 1932 377 1949 5.
391 1926 451 1949 Non
466 1926 521 1955 ipse
535 1932 597 1955 rex,
616 1926 663 1950 sed
675 1927 746 1956 regis
759 1927 917 1950 Parthorum
932 1927 1028 1951 Orodis
1040 1926 1126 1949 nnus:
1144 1925 1177 1948 de
1196 1931 1248 1953 quo
1260 1921 1308 1947 usu
1323 1931 1402 1950 voca-

84 1961 140 1985 buli
157 1966 209 1984 re-z·
220 1961 274 1988 jam
289 1961 322 1983 ad
337 1961 374 1988 11,
386 1966 414 1984 25
433 1961 575 1984 monitum.
597 1963 673 1984 Anno
685 1962 712 1985 U.
731 1966 788 1989 714,
810 1962 897 1985 victus
914 1963 942 1984 et.
955 1962 1060 1985 occisus
1073 1961 1226 1989 insequenti
1247 1965 1327 1982 anno.
1341 1965 1400 1983 ——4.

83 1999 200 2021 Pacorus
214 1996 367 2019 Judaeorum
386 2002 479 2025 regem
501 1997 680 2020 constituerat
693 1998 874 2026 Antigonum,
894 1997 939 2026 qui
951 2015 957 2025 ‚
973 2002 1041 2019 caeso
1061 1995 1120 2022 illo,
1137 1996 1262 2019 Romanis
1276 1995 1403 2018 alacriter

83 2032 237 2056 resistebat.
252 2031 335 2055 Multo
346 2030 438 2054 labore
452 2031 543 2055 sosius
558 2032 721 2060 expugnavit
732 2032 933 2061 Hierosolyma;
949 2032 1097 2060 Antigonus
1107 2031 1180 2058 jussu
1194 2030 1303 2053 Antonii
1320 2030 1403 2059 virgis

85 2067 195 2091 caettitur
208 2067 234 2089 et
248 2065 432 2089 obtruncatur.
444 2068 521 2090 Anno
532 2065 561 2089 U.
577 2071 685 2090 'ML—5.
699 2068 862 2096 cognomine
876 2067 973 2095 Magni,
988 2067 1094 2095 quijam
1105 2072 1128 2089 a.
1142 2070 1183 2089 71⁴
1194 2071 1241 2094 per
1259 2066 1401 2088 Antonium

84 2101 181 2125 Judaeae
199 2106 312 2130 regnum
332 2103 475 2129 acceperat
491 2101 725 2125 senatusconsulto
737 2119 747 2132 ‚
769 2108 783 2125 a
800 2108 852 2131 quo
867 2103 989 2131 tempore
1006 2102 1073 2124 vixit
1086 2106 1113 2124 57
1125 2106 1218 2124 annos.
1229 2113 1256 2117 —
1268 2105 1290 2123 c.
1304 2101 1402 2123 Servus

85 2136 207 2164 Heroum,
222 2136 334 2159 absente
350 2136 492 2164 Archelao,
506 2137 585 2160 nixus
597 2136 709 2165 Judaeis,
725 2143 792 2166 quos
805 2137 896 2161 Sabini
906 2137 1090 2166 procuratoris
1103 2136 1201 2165 rapinae
1217 2135 1401 2158 irritaverant.

85 2175 137 2193 —7.
151 2171 267 2200 Quorum
281 2171 426 2194 Archelaus
438 2172 470 2195 ab
484 2173 603 2201 Augusto
615 2173 760 2201 acceperat
772 2173 890 2196 Judaeam
904 2191 908 2201 ,
924 2172 1063 2195 Idumaeam
1073 2190 1079 2200 ‚
1098 2172 1259 2198 Samariam;
1281 2170 1401 2193 Herodes

86 2205 217 2229 Galilaeam
230 2208 257 2229 et
271 2208 401 2234 Peraeam5
420 2207 555 2235 Philippus
566 2207 727 2235 Batanzram,
742 2208 872 2235 nuaram,
887 2208 1009 2235 Paneam,
1023 2206 1250 2230 Trachonitideui.
1263 2216 1291 2222 —
1303 2210 1325 2227 8.
1337 2205 1402 2228 Vide

86 2239 203 2263 Philonis
216 2241 393 2270 Leqatz'onem
407 2242 445 2264 acl
461 2241 571 2264 Caium.
584 2254 611 2258 -—
622 2247 646 2264 9.
665 2242 692 2265 ld
709 2244 764 2270 est,
779 2248 827 2271 per
837 2243 1028 2272 procuratores
1042 2241 1248 2264 administravit.
1264 2252 1291 2256 -
1305 2245 1339 2263 ιο.
1351 2241 1403 2269 Qui

88 2275 166 2298 natus
179 2281 212 2298 ex
229 2276 313 2299 Druso
331 2278 357 2299 et
374 2277 489 2300 Antonia
502 2278 616 2304 minore,
628 2283 710 2306 nepos
728 2279 786 2301 crat
803 2278 944 2301 triumviri.

117 2309 150 2332 X.
164 2315 184 2332 ι.
200 2312 276 2333 Anno
287 2311 316 2334 U.
330 2316 380 2339 81⁹,
393 2313 452 2340 post
466 2312 525 2335 Ctir.
536 2317 632 2335 (xa—2.
650 2312 759 2341 Singula
770 2313 863 2336 narrat
875 2313 1017 2341 Josepnus,
1034 2312 1102 2336 Bell.
1116 2311 1192 2339 Iud„
1206 2311 1238 2339 Π,
1252 2315 1278 2334 ¹⁹
1289 2310 1316 2334 et
1326 2315 1400 2340 seqq·

88 2349 142 2366 —.·..
158 2345 295 2367 Annorum
309 2351 352 2368 προ
365 2349 584 2376 01821.—4.Cap.
600 2348 616 2370 1.

119 2379 167 2402 XI.
181 2385 202 2404 ι.
217 2379 290 2403 Adeo
302 2380 407 2409 quidem
423 2383 451 2404 ut
465 2388 547 2411 prope
559 2383 713 2405 vinceretur
729 2388 743 2405 a
758 2381 856 2405 Judaeis
871 2381 1009 2405 Titus—2.
1030 2382 1108 2405 Aera
1121 2381 1149 2404 et
1159 2380 1238 2404 Sion.
