1539 2668
608 174 826 204 GERMANIA.
1336 172 1398 203 459

70 248 309 282 Nahanarvalos
325 248 350 279 ⁵.
370 247 464 289 Apud
479 247 718 279 Nahanarvalos
737 247 880 287 antiquae
905 245 1065 286 religionis
1090 245 1183 277 lucus
1200 247 1393 280 ostenditur.

70 296 221 338 praesidet
242 295 392 327 sacerdos
410 294 559 326 muliebri
584 298 718 334 ornatu;
743 294 800 325 sed
823 294 901 325 deos
916 317 925 331 ⁷
944 293 1207 333 interpretatione
1229 298 1395 334 Romana,

70 345 235 375 Castorem
254 343 478 382 Pollucemque
496 343 678 372 memorant
696 352 702 371 :
726 351 763 372 ea
789 341 837 372 vis
854 341 979 372 numini
993 363 1001 378 ,
1022 349 1138 371 nomen
1165 341 1250 372 Alcis
1264 341 1289 373 ὓ.
1309 342 1397 373 nulla

71 391 245 434 simulacra
256 413 266 426 ‚
285 389 412 420 nullum
429 389 601 428 peregrinae
615 389 853 428 superstitionis
867 387 1038 427 vestigium
1052 398 1061 426 ;
1075 390 1110 418 ut
1134 388 1247 419 fratres
1262 390 1371 420 tamen
1386 411 1396 427 ‚

73 439 107 468 ut
124 438 261 476 juvenes
278 438 482 467 venerantur.
505 439 652 467 ceterum
678 436 785 475 Harii,
809 444 905 475 super
922 435 1008 465 vires
1021 459 1029 474 ,
1054 435 1172 475 quibus
1193 439 1398 467 enumeratos

71 484 166 522 paulo
183 487 257 514 ante
280 483 416 523 populos
441 483 658 517 antecedunt,
679 484 807 521 truces,
833 482 938 513 insitae
957 482 1078 512 feritati
1102 484 1169 513 arte
1192 492 1229 514 ac
1253 486 1398 524 tempore

73 530 320 561 lenocinantur7
344 539 352 560 ε
371 530 460 570 nigra
477 532 590 569 scuta,
614 530 714 561 tincta
735 538 895 570 corpora;
922 531 1007 560 atras
1028 529 1067 560 ad
1091 530 1200 570 proelia
1223 532 1334 561 noctes
1359 531 1399 562 le-

70 582 150 617 gunt
163 588 172 616 ;
188 578 324 617 ipsaque
339 577 512 608 formidine
526 580 622 617 atque
641 577 756 608 umbra
771 577 875 608 feralis
889 577 1051 608 exercitus
1064 578 1222 608 terrorem
1234 578 1377 610 inferunt
1389 602 1399 617 ,

71 624 159 655 nullo
173 625 314 656 hostium
328 626 511 657 sustinente
529 634 648 655 novum
664 634 700 655 ac
721 625 810 655 velut
829 625 990 655 infernum
1012 627 1192 664 aspectum.
1211 634 1285 655 nam
1304 625 1399 665 primi

71 671 102 701 in
124 672 277 703 omnibus
299 673 421 713 proeliis
441 673 528 703 oculi
547 672 736 703 vincuntur.
752 677 853 703 Trans
876 671 990 711 Lygios
1004 672 1165 703 Gothones
1186 672 1401 712 regnantur³‚

71 719 168 758 paulo
180 720 246 759 jam
264 720 437 751 adductius
452 721 462 738 '³
483 729 581 759 quam
598 722 713 750 ceterae
729 724 961 751 Germanorum
980 722 1111 758 gentes,
1128 719 1270 750 nondum
1290 722 1400 752 tamen

69 766 355 805 supialibertatem
374 767 412 796 ¹⁰.
432 769 583 797 Protinus
599 767 714 797 deinde
730 767 770 797 ab
788 766 1016 804 oceanoRugii
1028 768 1059 797 et
1069 767 1222 798 Lemovii.
1235 767 1399 798 omnium-

70 822 133 852 que
170 813 285 844 harum
313 814 458 853 gentium
483 815 605 854 insigne
621 823 628 844 :
646 814 784 844 rotunda
816 815 927 851 scuta,
966 813 1080 844 breves
1118 813 1216 853 gladii
1257 816 1288 846 et
1322 822 1397 854 erga

71 867 162 899 reges
178 861 385 900 obsequium.

111 910 216 937 XLIV.
235 908 391 938 Suionum
414 907 491 938 hinc
508 908 657 939 civitates
670 932 679 945 ‚
698 908 769 947 ipso
791 907 822 937 in
841 911 987 945 Oceano,
1009 909 1125 946 praeter
1142 908 1228 939 viros
1244 916 1397 948 armaque

70 952 226 985 classibus
246 955 363 985 valent.
384 955 485 985 forma
502 955 632 985 navium
649 964 687 985 eo
707 955 815 985 dissert
828 978 838 992 ,
856 954 941 993 quod
961 954 1122 994 utrimque
1140 964 1235 994 prora
1253 957 1395 995 paratam

70 1008 196 1040 semper
209 1002 356 1041 appulsui
375 1002 511 1032 frontem
529 1002 604 1041 agit.
624 1010 682 1032 nec
700 1001 779 1032 velis
796 1001 1021 1031 ministrantur
1034 1025 1042 1039 ‚
1060 1010 1119 1031 nec
1138 1011 1245 1033 remos
1265 1002 1296 1033 in
1313 1002 1397 1033 oidi-

70 1056 144 1078 nem
162 1048 318 1079 lateribus
334 1048 515 1087 adiungunt
530 1059 536 1078 :
553 1049 696 1080 solutum
711 1072 719 1087 ,
737 1050 773 1079 ut
793 1048 825 1079 in
849 1047 1043 1087 quibusdam
1061 1048 1254 1087 fluminum,
1275 1051 1307 1080 et
1324 1058 1397 1080 mu-

70 1093 168 1125 tabile
182 1119 190 1133 ‚
208 1098 245 1126 ut
273 1105 320 1127 res
340 1096 464 1135 poscit,
490 1096 564 1126 liinc
583 1096 634 1126 vel
659 1096 746 1126 illinc
766 1095 949 1134 remigium.
969 1097 1022 1126 Est
1039 1096 1123 1135 apud
1146 1096 1217 1126 illos
1234 1099 1266 1127 et
1283 1097 1399 1137 opibus

70 1141 173 1172 honos
189 1153 195 1172 :
213 1152 314 1181 eoque
332 1153 414 1174 unus
431 1143 605 1183 imperitat,
617 1143 786 1181 uullisjam
801 1142 1043 1181 exceptionibus
1057 1143 1076 1177 ¹,
1092 1152 1154 1173 uon
1170 1145 1314 1182 precario
1325 1145 1397 1183 jure

72 1189 214 1227 parendi.
233 1199 291 1220 nec
311 1199 397 1220 arura
411 1215 419 1228 ,
442 1193 475 1220 ut
493 1190 578 1230 apud
592 1194 714 1221 ceteros
728 1194 901 1220 Germanos
915 1213 922 1227 ‚
946 1189 976 1219 in
998 1190 1201 1228 promiscuo;
1220 1191 1274 1221 sed
1292 1191 1399 1222 clausa

69 1234 130 1264 sub
153 1237 288 1267 custode
313 1240 345 1267 et
367 1238 496 1277 (pridem
523 1247 616 1268 servo
641 1248 648 1267 :
671 1237 747 1277 quia
773 1236 896 1267 subitos
916 1236 1054 1267 hostium
1079 1237 1228 1268 incursus
1248 1239 1399 1278 prohibet

72 1285 217 1313 Oceanus
233 1308 242 1321 ,
271 1284 374 1315 otiosa
404 1294 500 1324 porro
528 1286 726 1315 armatorum
757 1293 872 1314 manus
900 1283 993 1314 sticile
1021 1284 1202 1315 lasciviunt.
1231 1286 1398 1318 enimvero

72 1337 178 1368 neque
196 1331 337 1361 nobilem
355 1340 458 1370 neque
475 1332 664 1371 ingenuum,
679 1341 718 1362 ne
733 1331 918 1362 libertinum
936 1330 1066 1370 quidem
1087 1332 1185 1362 armis
1198 1341 1399 1374 praeponere,

71 1376 156 1414 regia
174 1377 296 1407 utilitas
312 1381 370 1407 est.

112 1424 205 1453 XLV.
228 1425 331 1454 Trans
360 1424 493 1455 Suionas
521 1425 606 1455 aliud
637 1433 744 1463 mare,
774 1424 899 1463 pigrum
928 1433 965 1454 ac
994 1433 1092 1464 prope
1114 1425 1305 1466 immotum3
1332 1436 1398 1468 quo

71 1468 153 1507 cingi
174 1469 328 1509 cludique
344 1473 504 1501 terrarum
522 1471 632 1501 orbem
656 1471 730 1501 hinc
754 1471 853 1510 fides,
875 1471 960 1511 quod
984 1474 1148 1502 extremus
1168 1472 1312 1504 cadentis
1331 1475 1398 1513 jam

69 1515 146 1546 solis
159 1516 263 1555 fulgor
278 1518 309 1547 in
324 1520 416 1548 ortus
429 1518 556 1556 edurat,
573 1519 652 1549 adeo
666 1519 782 1554 clarus,
798 1520 831 1548 ut
845 1518 948 1549 sidera
963 1518 1105 1549 hebetet¹
1118 1544 1123 1549 .
1136 1527 1252 1550 sonum
1268 1522 1400 1562 insuper

71 1562 289 1603 [emergentis]
303 1563 314 1580 2
334 1565 450 1603 audiri,
471 1567 588 1596 formas
604 1574 764 1605 equorum
777 1567 788 1582 '⁰
807 1568 838 1596 et
857 1565 963 1595 radios
980 1565 1094 1605 capitis
1111 1567 1218 1606 aspici,
1234 1570 1399 1607 persuasio

69 1609 190 1648 adjicit.
207 1610 285 1641 Illuc
303 1620 406 1651 usque
419 1636 427 1650 ‚
445 1615 476 1643 et
495 1614 578 1643 fama
597 1621 692 1651 vera,
710 1614 837 1643 tantum
856 1615 970 1643 natura
984 1612 1008 1641 ⁵.
1030 1614 1185 1652 rzrgojam
1199 1614 1313 1646 dextro
1325 1619 1403 1648 Sue—

68 1655 132 1686 vici
156 1657 254 1688 maris
278 1658 386 1690 littore
405 1662 586 1690 :Estuorum
610 1662 719 1699 gentes
746 1659 910 1689 alluuutur
934 1660 1079 1699 :quibus
1101 1661 1182 1691 ritus
1203 1661 1400 1703 habitusque

69 1705 261 1742 suevorum,
276 1706 383 1744 lingua
397 1707 589 1737 Britannicae
605 1707 746 1746 propior.
763 1710 896 1737 Matrem
912 1706 1008 1737 deum
1023 1707 1034 1723 ⁵
1051 1712 1257 1739 venerantur.
1274 1709 1399 1749 insigne

70 1750 310 1790 superstitionis
325 1752 451 1783 formas
468 1762 618 1792 aprorum
636 1756 764 1792 gestant
780 1763 787 1783 :
806 1754 835 1783 id
854 1763 912 1792 pro
931 1754 1029 1784 arinis
1046 1755 1258 1794 omniumque
1276 1757 1396 1788 tutelae

69 1805 218 1828 securum
235 1798 304 1829 deae
321 1799 481 1830 cultorem
500 1799 598 1830 etiam
619 1800 702 1830 inter
719 1800 828 1830 hostes
853 1802 996 1839 praestat.
1022 1810 1114 1831 rarus
1132 1802 1205 1832 ferri
1221 1827 1230 1841 ‚
1248 1803 1399 1843 frequens

68 1845 204 1876 fustium
221 1854 308 1876 usus.
326 1846 488 1876 frumenta
501 1848 690 1885 ceterosque
706 1847 828 1877 fructus
842 1847 1016 1886 patientius
1030 1857 1127 1887 quam
1146 1858 1202 1888 pro
1216 1849 1313 1881 solita
1326 1855 1398 1882 Ger-

69 1899 241 1923 manorum
263 1892 379 1923 inertia
396 1893 555 1924 laborant.
571 1893 626 1924 sed
643 1895 675 1924 et
690 1902 777 1924 mare
793 1896 992 1933 scrutantur,
1007 1903 1044 1925 ac
1058 1895 1117 1925 soli
1135 1896 1280 1927 omnium
1298 1897 1398 1928 succi-

68 2015 171 2038 —4.Sic
185 2015 279 2044 optimi
293 2021 441 2039 manuscrr.
457 2016 540 2045 Vulgo
554 2016 675 2045 Elysios.
687 2028 713 2031 —
724 2021 746 2038 ὅ.
758 2016 845 2039 Minor
857 2016 1006 2040 auctoritas
1019 2017 1160 2046 scriptur-ze
1173 2017 1403 2043 Naharvalos...-

66 2055 89 2072 c.
101 2050 212 2073 Dativus
225 2050 295 2079 plur.
310 2051 487 2080 comparatur
500 2051 634 2075 Slaricum
649 2050 749 2079 holczy
762 2069 767 2079 ‚
784 2051 868 2079 pueri.
887 2051 984 2075 Eadem
999 2058 1041 2075 res
1058 2052 1144 2076 relata
1160 2053 1242 2077 fuisse
1258 2054 1362 2079 videtur
1379 2061 1394 2079 a

67 2085 184 2113 Timaeo,
201 2091 232 2109 ex
247 2092 300 2115 quo
318 2086 451 2110 Diodorus
463 2087 517 2110 Sic.
532 2087 585 2115 (IV,
600 2087 638 2115 ὅς)
656 2088 749 2109 narrat
759 2087 927 2115 Tyndaridas
943 2087 970 2110 in
987 2087 1122 2116 praecipuo
1137 2088 1239 2112 honore
1254 2095 1313 2112 esse
1327 2093 1396 2120 apud

69 2119 156 2143 celtas
175 2120 208 2144 ad
224 2121 370 2145 Oceanum.
382 2135 410 2138 —-
420 2127 441 2145 7.
458 2122 626 2149 lnscrviunt;
651 2127 709 2144 eam
727 2122 874 2150 adjuvant,
899 2124 1048 2151 augent.—
1061 2128 1081 2145 8.
1099 2123 1152 2146 sub
1167 2124 1275 2153 regibus
1293 2125 1397 2150 vivunt.

69 2160 129 2178 -9,
142 2156 199 2179 Vid.
215 2156 248 2179 ad
262 2157 335 2181 Hist.
354 2157 400 2186 ΠΙ,
418 2163 439 2180 7.
450 2171 478 2173 -
491 2162 526 2180 ¹0.
544 2157 667 2180 Nondum
687 2158 724 2180 ita
746 2159 774 2180 ut
788 2163 819 2180 ea
834 2163 878 2180 res
895 2158 931 2181 sit
944 2163 1036 2187 supra
1052 2157 1227 2187 libertatem,
1242 2161 1272 2183 ut
1284 2160 1399 2184 libertas

69 2191 220 2218 superetur.

97 2224 185 2248 XLIV.
200 2230 222 2249 ι.
238 2226 271 2250 Ut
287 2227 362 2250 verbi
376 2232 456 2250 causa
471 2226 541 2256 apud
554 2227 699 2255 Gothones.
715 2233 774 2256 cap.
788 2227 904 2256 praeced.

97 2259 173 2282 XLV.
192 2265 212 2283 ι.
226 2261 290 2284 Cum
303 2261 344 2285 his
361 2262 455 2285 confer
468 2263 567 2291 Agyrio.
584 2268 606 2285 c.
623 2267 650 2286 ιο
663 2264 690 2285 et
705 2268 744 2289 12,
762 2263 888 2291 Pompon.
908 2263 1005 2287 Melam
1021 2264 1064 2292 111,
1079 2268 1092 2287 6
1106 2263 1170 2287 fine.
1184 2269 1246 2287 -ρ,
1262 2265 1317 2288 lmo
1331 2265 1398 2288 item

67 2293 203 2319 cadentis.
220 2296 253 2319 Et
274 2297 352 2321 abest.
369 2298 536 2328 emerqenta‘s
556 2304 570 2320 3
594 2298 684 2321 multis
704 2298 782 2321 codd.
803 2298 891 2321 Solem
911 2299 1019 2328 igneum
1044 2305 1104 2323 cum
1131 2300 1248 2323 stridore
1271 2301 1396 2329 immergi

68 2328 178 2353 Oceano
192 2331 270 2354 vetus
283 2333 437 2361 superstitio
452 2334 525 2356 erat.
541 2333 574 2355 de
587 2338 639 2362 qua
660 2333 756 2357 strabo
775 2333 809 2356 lll
830 2333 903 2361 init.,
918 2336 945 2357 et
961 2333 1077 2357 Juvenal
1098 2335 1156 2358 Sat.
1176 2335 1250 2363 xlv,
1265 2340 1319 2359 280.
1331 2348 1356 2351 -
1370 2340 1394 2357 5.

70 2363 219 2388 Manuscrr.
236 2365 362 2390 deorum.
375 2380 402 2384 ——
413 2372 435 2391 4.
450 2368 488 2391 lbi
508 2368 567 2391 sinis
585 2374 673 2391 rerum
689 2370 800 2391 naturae.
821 2369 897 2392 Conf.
916 2370 1013 2399 Aqric.
1038 2374 1057 2393 r.
1069 2376 1097 2393 55
1111 2372 1182 2393 extr.
1195 2383 1222 2387 —
1233 2376 1255 2394 s.
1270 2371 1396 2394 Fortasse

66 2399 196 2430 Freyam,
211 2400 253 2424 cui
269 2407 375 2426 sacrum
391 2402 473 2426 fuisse.
490 2409 582 2432 aprum
597 2403 696 2427 ferunt.
713 2416 736 2420 -
748 2409 770 2427 c.
788 2405 910 2432 l’assive,
925 2411 978 2434 quo
994 2410 1022 2428 sc
1043 2406 1172 2429 tuean'ur
1189 2407 1285 2430 contra
1311 2404 1391 2428 noxia
