1539 2668
168 185 227 215 290
544 185 673 214 I'AClTl
696 185 968 214 HISTORIARL’M
991 186 1063 214 LIB.
1087 186 1112 214 1.

168 260 268 299 utque
284 258 440 290 occultior
455 259 615 299 digressus
633 261 735 298 esset,
754 260 848 290 nocte
865 261 989 291 castris
1002 258 1163 291 excedere
1173 259 1280 299 jubet.
1304 259 1379 291 inde
1391 260 1484 292 atrox

169 305 527 338 rumoraffirmantibus
544 307 702 347 plerisque
714 306 910 346 interfectos
925 331 933 346 ,
949 315 989 339 ac
1005 308 1070 338 nisi
1083 308 1149 346 ipsi
1162 306 1377 339 consulerent
1387 306 1484 347 „fore

168 354 209 384 ut
222 356 383 385 acerrimi
396 354 548 385 militum
563 356 594 385 et
610 355 798 394 praesentia
812 356 984 395 conquesti
1005 362 1070 394 per
1090 354 1246 385 tenebras
1263 355 1296 386 et
1311 355 1484 386 inscitiam

168 402 360 433 ceterorum
385 402 630 433 occiderentur.
657 400 907 441 obstringuntur
919 401 1002 433 inter
1015 410 1049 433 se
1067 402 1167 432 tacito
1187 401 1305 433 foedere
1331 401 1482 441 legiones.

168 448 333 480 asciscitur
345 448 356 466 ²
384 449 575 480 auxiliorum
592 449 683 480 miles
694 473 702 488 ,
720 449 823 489 primo
835 450 1003 490 suspectus
1014 473 1023 490 ,
1046 450 1200 489 tanquam
1216 448 1421 481 circumdatis
1434 457 1484 480 co·

168 494 315 527 hortibus
330 496 451 536 alisque
466 496 606 536 impetus
624 496 656 526 in
671 496 807 536 legiones
820 498 995 537 pararetur,
1006 505 1081 527 mox
1095 497 1206 528 eadem
1219 497 1324 528 acrius
1335 497 1483 534 volvens,

168 543 312 576 faciliore
328 545 410 576 inter
436 544 537 575 malos
560 553 719 576 consensu
745 545 783 576 ad
799 544 919 576 bellum
933 554 1029 584 quam
1058 545 1091 575 in
1109 554 1186 586 pace
1208 545 1247 576 ad
1265 545 1484 577 concordiam.

209 593 270 621 LV.
293 591 455 622 Inferioris
479 594 587 623 tamen
604 592 779 623 Germaniae
801 592 939 632 legiones
957 592 1103 623 sollemni
1131 592 1341 623 kalendarum
1371 596 1487 624 Janua-

169 636 288 669 riarum
299 640 499 670 sacramento
513 648 569 679 pro
586 639 682 671 Galba
695 639 816 670 adactae
833 639 933 670 multa
947 640 1151 670 cunctatione
1164 641 1196 670 et
1215 639 1293 670 raris
1306 639 1485 679 primorum

168 684 317 716 ordinum
332 686 478 725 vocibus,
497 686 595 718 ceteri
608 686 733 718 silentio
751 686 888 727 proximi
902 686 1057 726 cujusque
1070 686 1236 716 audaciam
1251 687 1485 728 exspectantes,

165 729 266 764 insita
282 733 472 765 mortalibus
485 734 599 764 natura
617 742 747 773 propere
763 733 853 773 sequi
868 742 940 772 quae
960 732 1044 773 piget
1057 733 1216 764 inchoare.
1233 733 1286 763 sed
1301 733 1379 773 ipsis
1394 733 1488 773 legio-

167 781 262 812 nibus
278 781 381 812 inerat
397 781 566 811 diversitas
588 780 779 811 animorum.
798 779 935 820 primani
950 779 1159 819 quintanique
1177 779 1295 810 turbidi
1320 779 1421 820 adeo,
1451 783 1488 814 ut

167 828 298 869 quidam
315 837 392 859 saxa
410 829 440 858 iu
464 828 570 860 Galbae
588 828 741 867 imagines
767 827 902 867 jecerint
920 836 927 857 :
949 826 1186 867 quintadecima
1214 835 1251 857 ac
1269 826 1487 859 sextadecima

166 876 304 915 legiones
320 875 399 906 nibil
413 875 496 906 ultra
516 875 679 906 fremitum
704 877 735 906 et
756 875 859 905 minas
875 883 960 905 ausae
980 874 1108 905 initium
1125 874 1316 914 erumpendi
1347 874 1486 905 circum-

166 923 369 963 spectabant.
399 923 438 954 At
466 922 500 953 in
529 921 684 962 superiori
705 921 847 952 exercitu
868 922 984 960 quarta
1011 930 1048 952 ac
1071 922 1328 953 duoetvicesima
1343 921 1487 961 legiones

166 970 279 1001 iisdem
299 970 439 1001 hibernis
455 968 623 1000 tendentes
647 968 717 1008 ipso
744 968 951 999 kalendarum
972 969 1195 999 Ianuariarum
1215 968 1266 1000 die
1294 967 1486 1008 dirumpunt

165 1017 319 1057 imagines
335 1017 462 1056 Galbae,
478 1018 593 1056 quarta
604 1016 687 1055 legio
697 1016 878 1055 promptius
889 1039 897 1054 ,
921 1015 1175 1046 duoetvicesima
1189 1017 1389 1055 cunctanter,
1408 1024 1485 1046 mox

165 1072 332 1095 consensu.
349 1073 386 1095 ac
401 1073 442 1095 ne
457 1064 669 1095 -everentiam
688 1062 812 1103 imperii
828 1071 944 1093 exuere
960 1062 1154 1102 viderentur,
1165 1065 1296 1094 senatus
1309 1062 1486 1103 populique

165 1111 301 1143 Romani
314 1111 498 1142 oblitterata
513 1110 578 1150 Jam
597 1109 728 1140 nomina
743 1113 943 1141 sacramento
957 1109 1177 1148 advocabant,
1204 1110 1290 1140 nullo
1305 1110 1485 1148 leffitorum

166 1157 410 1189 tribunorumve
430 1167 488 1197 pru
509 1157 603 1188 Galba
620 1156 759 1194 nitente,
784 1156 993 1196 quibusdam,
1012 1157 1048 1186 ut
1074 1155 1107 1186 in
1133 1156 1273 1187 tumultu
1287 1180 1295 1195 ,
1310 1156 1484 1188 notabilius

163 1205 381 1236 turbantibus.
392 1214 455 1235 non
469 1206 576 1235 tamen
590 1213 762 1244 qusquam
776 1203 808 1234 in
821 1203 893 1234 mod
900 1212 953 1234 um
968 1203 1130 1234 concionis
1141 1202 1208 1244 [aut
1221 1202 1383 1244 suggestu]
1396 1203 1482 1234 locu-

164 1254 227 1283 tus.
245 1261 350 1292 neque
367 1252 450 1283 enim
470 1253 538 1283 erat
551 1251 654 1282 adbuc
669 1251 720 1282 cui
738 1251 960 1291 imputaretur.

204 1303 280 1331 LVI.
306 1301 472 1339 Spectator
499 1298 610 1338 flagitii
637 1298 835 1330 Hordeonius
858 1298 991 1329 Flaccus
1008 1297 1186 1328 consularis
1206 1297 1330 1337 legatus
1351 1296 1480 1338 aderat,

162 1356 225 1378 non
240 1355 441 1387 compescere
459 1349 601 1385 ruentes,
616 1355 679 1377 non
697 1346 833 1377 retinere
850 1345 978 1384 dubios,
994 1355 1057 1375 non
1075 1344 1234 1376 cohortari
1251 1344 1352 1375 bonos
1369 1352 1479 1384 ausus,

163 1393 216 1424 sed
240 1394 357 1433 segnis,
374 1393 509 1434 pavidus
525 1395 557 1424 et
570 1392 716 1423 socordia
730 1393 881 1423 innocens
897 1393 918 1422 ¹.
944 1394 1095 1432 quattuor
1111 1391 1314 1422 centuriones
1329 1390 1479 1422 duoetvi-

162 1441 291 1471 cesimae
311 1441 461 1480 legionis,
484 1441 606 1472 Nouius
622 1442 800 1480 Receptus,
819 1439 973 1471 Donatius
985 1439 1117 1477 Valens,
1134 1438 1289 1470 Romilius
1301 1437 1478 1478 Marcellus,

161 1487 350 1527 Calpurnius
367 1490 564 1529 Repentinus
577 1512 585 1527 ‚
609 1497 708 1527 quum
724 1488 925 1527 protegerent
944 1487 1051 1518 Galbae
1069 1486 1222 1526 imagines
1235 1510 1243 1525 ,
1269 1486 1394 1526 impetu
1416 1485 1478 1517 mi·

160 1534 253 1566 litum
268 1534 390 1576 abrepti
409 1536 585 1574 vinctique.
603 1544 662 1566 nec
688 1535 837 1574 cuiquam
854 1534 940 1564 ultra
962 1533 1038 1565 fides
1056 1536 1112 1564 aut
1127 1533 1281 1564 memoria
1298 1532 1413 1574 prioris
1426 1541 1477 1564 sa·

161 1583 317 1613 crementi
334 1582 360 1623 ²,
384 1582 439 1614 sed
454 1582 539 1622 quod
559 1583 590 1612 in
612 1581 823 1613 seditionibus
836 1581 968 1620 accidit,
985 1580 1069 1611 unde
1087 1580 1097 1598 ³
1116 1581 1222 1621 plures
1238 1581 1345 1620 erant,
1368 1587 1480 1612 omnes

160 1628 259 1660 fuere.
276 1632 368 1660 nocte
383 1638 456 1669 quae
472 1629 624 1660 kalendas
642 1628 806 1659 Januarias
822 1630 933 1658 secuta
945 1628 1011 1666 est,
1029 1627 1061 1657 in
1087 1627 1244 1658 coloniam
1268 1626 1478 1666 Agrippinen-

160 1684 225 1707 sem
243 1676 392 1715 aquiliser
404 1678 526 1716 quartae
544 1675 677 1714 legionis
693 1675 836 1715 epulanti
853 1674 981 1705 Vitellio
995 1674 1121 1705 nuntiat
1136 1675 1301 1714 quartam
1316 1675 1350 1704 et
1362 1673 1479 1706 duoet-

160 1723 354 1754 vicesimam
369 1724 534 1763 laniones,
552 1723 714 1761 projectis
735 1721 854 1753 Galboe
869 1721 1086 1761 imaqinibas,
1103 1723 1138 1752 in
1155 1722 1296 1751 senatus
1312 1722 1346 1751 et
1353 1721 1479 1761 populi

158 1771 302 1801 Romani
320 1770 423 1801 verba
439 1771 589 1809 jurasse.
618 1768 648 1799 id
666 1771 899 1799 sacramentum
926 1767 1020 1798 inane
1037 1769 1155 1798 visum.
1173 1768 1334 1807 occupari
1348 1769 1478 1799 nutan-

160 1817 426 1856 temsortunam
442 1818 475 1848 et
490 1817 614 1855 offerri
634 1817 830 1854 Principem
845 1814 975 1854 placuit.
992 1814 1081 1845 missi
1099 1824 1116 1845 a
1134 1814 1259 1845 vitellio
1275 1813 1314 1845 ad
1340 1813 1480 1853 legiones

158 1863 340 1904 legatosque
369 1864 422 1904 qui
449 1863 626 1894 descivisse
642 1871 664 1894 a
688 1862 799 1893 Galba
819 1863 1030 1901 superiorem
1058 1863 1246 1893 exercitam
1267 1860 1475 1892 nuntiarent:

153 1911 297 1953 proinde
323 1914 385 1944 ant
411 1910 611 1942 bellandam
640 1910 809 1942 adversus
834 1908 1052 1940 desciscentes
1076 1911 1161 1949 aut,
1181 1910 1211 1940 si
1234 1908 1417 1940 eoncordia
1444 1910 1478 1940 et

154 1968 229 2000 pax
252 1959 415 1999 placeat,
443 1957 640 1994 faciendum
669 1958 915 1998 Imperatorem
923 1967 937 1995 ,·
959 1957 993 1988 et
1015 1958 1144 1988 minore
1171 1955 1366 1987 discrimine
1385 1955 1476 1986 sumi

159 2008 351 2046 Principem
365 2014 469 2046 quam
487 2005 608 2045 eluceri.

198 2056 289 2084 LVII.
315 2053 463 2084 Proxima
478 2051 610 2091 legionis
623 2049 735 2090 primae
751 2050 884 2081 hiberna
900 2051 990 2081 erant
1008 2050 1040 2081 et
1052 2048 1308 2089 promptissimus
1331 2057 1349 2079 e
1363 2048 1475 2088 legatis

156 2101 271 2131 Fabius
290 2100 416 2131 Valens.
447 2100 475 2130 is
504 2099 556 2129 die
583 2097 733 2138 proximo
756 2097 914 2129 coloniam
932 2096 1192 2137 Agrippinensem
1208 2105 1281 2127 cum
1308 2095 1473 2135 equitibus

156 2146 286 2186 legionis
305 2147 607 2185 auxiliariorumque
622 2146 783 2184 ingressus
800 2146 1050 2185 Imperatorem
1064 2143 1225 2174 Vitellium
1244 2142 1469 2173 consalutavit.

156 2196 276 2226 secutae
294 2194 413 2232 ingenti
431 2194 605 2225 certamine
620 2192 761 2232 ejusdem
784 2191 958 2233 provinciae
984 2190 1141 2230 legiones,
1159 2192 1191 2222 et
1214 2189 1356 2229 superior
1380 2197 1472 2220 exer·

155 2241 258 2282 citus,
277 2242 427 2282 speciosis
453 2243 583 2272 senatus
612 2240 785 2281 populique
811 2238 947 2272 Romani
974 2237 1156 2270 nominibus
1175 2236 1313 2275 relictis,
1337 2235 1470 2268 tertium

153 2347 307 2378 explique'e,
323 2348 376 2372 vol.
392 2349 435 2376 Ill,
451 2347 507 2372 tab.
525 2354 632 2372 iaz—2.
644 2350 686 2373 Sc.
700 2349 725 2371 in
737 2348 788 2372 hoc
800 2347 895 2371 foedus.

184 2383 244 2406 LVl.
259 2389 278 2408 ι.
300 2384 359 2413 lpse
373 2384 514 2407 seuItion1s
534 2390 637 2412 expers,
653 2383 731 2413 culpa
750 2389 860 2412 vacum,
877 2382 925 2406 sed
944 2381 978 2406 ob
992 2382 1135 2406 socordem
1150 2380 1293 2411 ignaviam·
1308 2391 1337 2397 —
1349 2384 1374 2403 2.
1390 2379 1468 2409 Quod

151 2423 200 2448 per
214 2419 368 2450 Verginium
382 2419 472 2443 Galbae
482 2420 664 2448 praestiterant
676 2420 739 2449 post
758 2419 872 2442 mortem
884 2418 1059 2442 Neronis—³.
1074 2418 1094 2441 A
1105 2416 1203 2446 quibus
1216 2414 1348 2446 partibus.
