1539 2668
103 151 163 183 298
482 151 611 182 I'ACITI
635 151 910 182 HISTORIARUM
933 154 1009 182 LIB.
1033 154 1057 182 Ι.

104 235 213 267 neque
230 225 318 258 conti
336 235 440 266 neque
454 226 570 267 gladii,
587 235 668 267 quos
684 225 863 267 praelongos
875 228 1014 267 utraque
1035 235 1132 258 mann
1147 228 1280 267 regunt,
1309 229 1383 260 usui
1395 229 1438 261 la·

104 274 279 315 psantibus
296 273 393 314 equis
406 278 436 305 et
448 274 728 314 cataphractarum
739 272 750 291 ²
768 274 920 315 pondere.
939 274 971 305 id
984 273 1182 314 principibus
1195 275 1227 305 et
1242 274 1438 308 nobilissimo

106 322 222 362 cuique
239 321 376 361 tegimen
391 346 400 361 ,
419 321 531 353 ferreis
549 321 677 353 laminis
694 323 750 353 aut
768 322 919 362 praeduro
936 321 1024 353 corio
1047 323 1251 360 consertum,
1274 324 1309 353 ut
1327 323 1440 356 adver-

91 377 166 400 -sus
178 368 264 401 ictas
279 369 524 410 impenetrabile
539 393 547 409 ,
565 369 611 400 ita
629 369 752 410 impetu
771 368 912 400 hostium
927 369 1110 410 provolutis
1122 368 1265 401 inhabile
1281 369 1322 401 ad
1338 379 1440 403 resur-

106 416 258 456 gendum.
273 417 371 447 simul
390 415 559 448 altitudine
578 417 610 447 et
626 416 762 448 mollitia
786 417 870 448 nivis
897 417 1142 448 hauriebantur.
1168 420 1332 449 Romanus
1349 418 1441 450 miles

107 464 211 495 facilis
227 465 326 495 lorica
343 466 375 495 et
397 464 510 495 missili
525 464 590 505 pilo
604 465 661 495 aut
676 463 799 495 lanceis
817 464 980 496 assultans
993 489 1001 504 ,
1033 464 1086 496 ubi
1107 473 1159 496 res
1185 466 1352 505 posceret,
1376 464 1440 496 levi

108 512 215 551 gladio
246 511 401 543 inermem
424 514 605 543 Sarmatam
631 511 747 552 (neque
762 512 848 543 enim
865 512 996 544 defendi
1018 514 1113 544 scuto
1130 521 1201 544 mos
1218 513 1277 552 est)
1296 512 1443 544 cominus

109 557 269 597 fodiebat,
289 558 391 590 donec
408 559 524 599 pauci,
555 559 610 598 qui
634 559 746 600 proelio
766 559 1012 599 superfuerant,
1038 559 1210 599 paludibus
1235 560 1441 591 abderentur.

110 606 156 637 ibi
172 606 295 637 saevitia
312 606 425 637 hiemis
442 608 500 637 aut
516 607 688 637 vulnerum
704 605 883 646 absumpti.
911 609 1086 646 Postquam
1108 607 1139 638 id
1159 611 1272 638 Romae
1299 614 1445 647 comper-

110 655 180 683 tuni
195 679 203 693 ,
222 657 264 684 M.
282 654 422 693 Aponius
437 654 581 685 Moesiam
595 653 749 685 obtinens
762 653 955 693 triumphali
970 656 1081 684 statua·
1093 654 1120 694 ³,
1147 655 1283 685 Fulvius
1301 653 1447 686 Aurelius

112 702 143 732 et
165 701 312 731 Julianus
328 701 432 732 Titius
445 710 481 732 ac
498 701 664 733 Numisius
679 704 788 741 Lupus
806 700 903 739 legati
927 700 1087 740 legionum
1105 702 1331 733 consularibus
1355 709 1445 732 orna-

114 748 233 779 mentis
253 748 428 787 donantur,
457 748 534 780 laeto
562 749 688 780 Othone
714 751 745 780 et
764 747 898 788 gloriam
918 748 949 779 in
971 758 1005 779 se
1023 748 1171 780 trahente
1184 773 1192 788 ‚
1212 751 1391 790 tamquam
1415 748 1448 779 et

113 798 186 837 ipse.
208 795 307 835 ‚felix
338 796 426 827 bello
453 798 487 828 et
515 798 590 829 suis
614 795 759 828 <luc-ibus
784 797 924 836 suisque
955 796 1164 827 mercatibus
1198 796 1449 838 rempublicam

113 845 282 876 auxissel.

157 894 269 921 LXXX.
296 894 398 921 Parvo
421 889 548 921 interim
570 888 686 929 initio,
712 888 800 920 unde
824 888 905 920 nihil
920 889 1109 929 timebatur,
1136 892 1207 922 orta
1222 889 1336 922 seditio
1353 899 1450 933 prope

114 938 191 970 Urbi
221 938 346 969 excidio
374 937 444 969 fuit.
464 938 646 978 septumam
673 935 842 968 decumam
872 937 1039 968 cohortem
1064 946 1082 968 e
1108 937 1235 968 colonia
1257 938 1400 970 Ostiensi
1416 938 1451 970 in

115 985 236 1018 Urbem
254 985 351 1015 acciri
375 985 460 1015 Otho
475 985 614 1024 jusserat
632 993 639 1014 :
657 984 823 1015 armandae
844 984 913 1024 ejus
932 993 1009 1015 cura
1027 985 1125 1015 Vario
1150 984 1297 1025 Crispino
1317 984 1450 1017 tribuno

117 1041 134 1064 e
150 1032 354 1073 proetmianis
372 1031 459 1063 dan.
475 1031 521 1070 is,
540 1040 606 1071 quo
619 1030 723 1071 magis
742 1040 868 1062 vacuus
885 1031 1005 1071 quietis
1021 1032 1135 1063 castris
1151 1032 1241 1071 jussa
1266 1041 1451 1073 exsequere-

116 1082 180 1118 tur,
200 1080 343 1111 x‘ehicuia
361 1079 504 1110 cohortis
518 1078 693 1118 incipiente
708 1080 804 1109 nocte
814 1078 943 1110 onerari
961 1080 1073 1119 aperto
1087 1079 1337 1110 armamentario
1346 1079 1449 1119 Juhet,

116 1127 247 1166 tenipus
268 1128 299 1158 in
321 1127 541 1167 suspicionem
554 1150 561 1164 ‚
581 1134 679 1156 causa
703 1126 736 1155 in
757 1125 878 1157 crimen
893 1150 901 1165 ,
915 1126 1080 1157 affectatio
1094 1127 1213 1166 quietis
1225 1126 1257 1157 in
1275 1127 1450 1158 tumultum

118 1174 235 1205 evaluit
250 1200 256 1213 ,
269 1178 300 1205 ct
320 1175 389 1205 risa
404 1174 488 1204 inter
501 1172 698 1204 temulentos
713 1181 802 1203 arma
816 1173 1001 1213 cupidinem
1016 1174 1066 1205 sui
1084 1183 1224 1205 movere.
1240 1174 1346 1205 fremit
1360 1175 1451 1206 miles

118 1221 149 1251 et
166 1222 311 1255 tribunos
328 1222 602 1261 centurionesque
621 1220 831 1260 proditionis
850 1221 976 1261 arguit,
996 1224 1173 1262 tanlquam
1192 1221 1341 1259 familioe
1355 1231 1451 1255 sena-

119 1272 232 1302 torum
249 1269 295 1301 ad
308 1271 502 1309 perniciem
520 1269 660 1300 otleoms
678 1270 912 1300 armarentur
924 1280 934 1300 :
949 1278 1023 1309 par-s
1047 1269 1147 1309 ignari
1176 1272 1208 1301 et
1233 1269 1306 1301 vino
1320 1278 1450 1312 graves,

118 1317 275 1360 pessimus
292 1318 427 1357 quisque
445 1317 477 1348 iu
494 1317 698 1347 occasionem
722 1315 936 1356 praedarum¹‚
955 1316 1086 1356 vulgus,
1114 1319 1150 1348 ut
1167 1326 1238 1348 mos
1253 1320 1319 1358 est,
1344 1318 1451 1358 cujus-

119 1374 247 1405 cunque
264 1368 369 1396 :nolus
383 1364 456 1395 novi
467 1364 635 1404 cupidum.
651 1366 682 1395 et
695 1363 847 1404 obsequia
857 1363 1027 1394 meliorum
1041 1374 1102 1395 nox
1113 1364 1297 1396 abstulerat.
1309 1365 1450 1397 resisten-

117 1416 182 1444 tem
201 1412 347 1443 seditioni
365 1412 533 1443 tribunum
559 1414 591 1442 et
614 1411 840 1443 severissimos
861 1411 1087 1443 centurionum
1112 1412 1334 1444 obstruncaut.
1360 1414 1450 1453 rapta

119 1470 206 1492 arma
220 1486 227 1500 ‚
247 1459 360 1491 nudati
377 1459 490 1498 gladii,
508 1459 683 1490 insidentes
699 1459 790 1499 equis
807 1459 925 1490 Urbem
943 1468 979 1490 ac
998 1459 1150 1499 palatium
1167 1461 1291 1500 petunt.

158 1512 287 1540 LXXM.
314 1510 385 1538 Erat
404 1506 526 1538 Othoni
543 1506 670 1537 celebre
696 1506 884 1537 convivium
906 1506 1102 1546 primoribus
1131 1507 1261 1539 feminis
1284 1507 1426 1548 virisque
1441 1532 1450 1548 ,

117 1558 174 1597 qui
190 1555 307 1596 trepidi
317 1579 330 1594 „
351 1555 546 1586 fortuitusne
575 1554 716 1585 militum
737 1554 828 1584 furor
846 1563 885 1584 an
901 1554 994 1584 dolus
1012 1555 1216 1594 Imperatoris
1229 1579 1238 1595 ,
1268 1564 1397 1587 manere
1415 1565 1451 1588 ac

118 1603 330 1646 deprehendi,
347 1612 387 1633 an
415 1602 522 1641 fugere
542 1604 573 1633 et
601 1601 741 1641 dispergi
760 1601 971 1641 periculosius
994 1601 1093 1640 foret,
1116 1601 1211 1632 modo
1238 1603 1450 1634 constantiam

117 1652 269 1685 simulare
283 1675 291 1690 ,
319 1649 416 1680 modo
430 1648 602 1680 formidine
621 1648 725 1687 detegi
743 1649 764 1686 ¹,
791 1648 887 1679 simul
903 1649 1039 1680 Othonis
1056 1649 1182 1680 vultum
1203 1649 1332 1681 intueri.
1353 1653 1452 1691 utque

117 1699 224 1732 evenit
248 1696 408 1728 inclinatis
422 1695 462 1726 ad
479 1696 698 1736 suspicionem
718 1695 881 1726 mentibus
895 1720 903 1735 ,
922 1705 1023 1736 quum
1040 1696 1168 1727 timeret
1185 1697 1289 1736 Otho,
1314 1698 1450 1729 timeba-

117 1749 184 1780 tur.
209 1744 265 1777 sed
288 1743 375 1775 haud
405 1752 498 1774 secus
516 1743 705 1774 discrimine
719 1747 850 1774 senatus
867 1751 965 1782 quam
983 1752 1042 1774 suo
1059 1744 1209 1783 territus,
1235 1746 1268 1775 et
1284 1745 1452 1784 praefectos

116 1793 261 1836 praetorii
286 1791 325 1822 ad
356 1790 549 1831 mitigandas
581 1791 721 1822 militum
752 1790 814 1821 iras
832 1790 941 1821 statim
966 1791 1097 1822 miserat
1121 1794 1153 1822 et
1180 1791 1275 1823 abire
1298 1800 1449 1832 propere

119 1849 233 1873 omncs
250 1848 266 1870 e
283 1840 437 1870 convivio
451 1838 638 1877 jussit.tum
655 1847 732 1869 vero
751 1838 867 1878 passim
881 1838 1086 1877 magistratus
1097 1839 1246 1879 projectis
1259 1839 1450 1879 insignibus,

118 1890 221 1921 vitata
239 1886 398 1918 comitum
421 1887 452 1916 et
475 1894 642 1917 servorum
668 1885 864 1926 frequentia,
889 1894 980 1917 senes
1010 1886 1202 1926 feminaeque
1227 1895 1283 1927 per
1301 1886 1453 1919 tenebras

118 1936 245 1968 diversa
262 1934 356 1966 Urbis
370 1933 504 1973 itinera,
534 1933 596 1964 rari
614 1933 727 1965 domos
739 1958 747 1973 ,
766 1932 893 1974 plurimi
910 1934 1089 1966 amicorum
1103 1936 1189 1966 tecta
1204 1936 1257 1974 et,
1282 1935 1320 1966 ut
1335 1933 1453 1975 cuique

118 1983 320 2016 humillimus
337 1981 437 2012 cliens
452 2005 461 2021 ,
482 1981 621 2012 incertas
636 1981 777 2013 latebras
797 1983 952 2022 petivere.

163 2033 308 2062 LXXXII.
335 2029 475 2060 Militum
490 2027 632 2069 impetus
650 2038 688 2060 ue
709 2028 832 2060 foribus
846 2029 976 2069 quidem
994 2028 1103 2069 palatii
1125 2026 1303 2066 coercitus,
1325 2029 1450 2068 quomi-

120 2087 181 2109 nus
198 2076 385 2109 convix‘ium
402 2076 639 2116 irrumperent,
658 2076 791 2108 oslendz‘
806 2077 870 2108 sibi
891 2076 1055 2108 Othonem
1068 2075 1325 2117 expostulantes,
1340 2075 1449 2110 vulne.

122 2158 175 2177 -ε,
193 2150 393 2181 cataphracta
406 2152 448 2175 est
474 2152 585 2181 tegmen
602 2151 718 2176 linteum
744 2151 787 2176 vel
806 2151 922 2180 laneum,
943 2151 1041 2176 terreis
1063 2150 1183 2180 squamis
1195 2150 1362 2180 consertum,
1377 2150 1449 2182 quod

120 2188 201 2212 modo
227 2188 330 2217 pectus,
349 2187 428 2211 modo
445 2188 533 2211 totum
554 2187 694 2212 ‘hominem
713 2188 741 2212 et
763 2188 850 2212 totum
870 2193 969 2217 equum
985 2187 1081 2210 munit.
1098 2191 1163 2210 ——5.
1186 2186 1337 2214 Laureata;
1353 2192 1376 2211 v.
1391 2188 1450 2212 An-

119 2225 180 2248 mzl.
198 2224 240 2252 lv,
260 2229 295 2247 25.
311 2225 399 2253 Quum
425 2225 447 2248 is
461 2225 567 2248 tantum
587 2224 757 2253 triumphare
769 2226 859 2253 posset
875 2224 951 2253 cujus
964 2222 1102 2252 auspiciis
1117 2222 1312 2250 victus-‚nostis
1329 2223 1448 2252 auspicia

121 2262 212 2284 aulem
235 2261 326 2283 esseut
340 2261 471 2289 perpetuo
485 2260 668 2290 Imperatori5‚
681 2259 917 2289 ducibusinsignia
927 2259 1033 2283 tantum
1045 2257 1225 2287 triumphalia,
1239 2258 1314 2288 quasi
1325 2257 1447 2287 symbola

120 2295 258 2324 triumphi,
270 2296 494 2320 decernebantur.

153 2332 260 2356 Lxxx.
285 2337 303 2354 l·
317 2332 380 2356 Scil.
394 2333 525 2360 intentus,
540 2330 613 2361 quod
628 2332 817 2360 exspectatun
832 2330 880 2355 sed
893 2330 1033 2360 sequentia
1048 2335 1096 2360 per
1110 2328 1182 2353 aliud
1193 2328 1355 2358 adjectivum
1369 2328 1447 2352 aliter

125 2366 307 2391 conformata.

156 2403 278 2427 LXXXI.
294 2408 316 2426 ι,
330 2402 491 2427 Simulalam
506 2404 696 2428 tanluuunodo
712 2410 771 2428 csse
780 2402 964 2427 constantiam
980 2401 1053 2426 illam
1069 2400 1254 2425 ostendentes
