1539 2668
95 151 157 182 228
470 154 602 184 TACITI
624 155 834 187 ANNALIUM
856 158 930 188 LIB.
955 158 1037 188 xlv.

91 233 165 256 rum
182 233 240 265 pro
253 225 384 266 egregiis
397 226 499 268 accipi
515 228 619 268 videt,
635 228 784 261 exturbat
799 230 986 271 octaviam,
1003 231 1156 263 sterilem
1165 230 1327 265 dictitans.
1343 234 1418 267 exin

92 274 242 312 Poppaeae
255 273 471 314 conjungitur.
486 283 522 307 ea
536 275 591 306 diu
606 275 709 316 pellex
724 277 756 308 et
772 276 907 309 adulteri
920 278 1066 318 Neronis,
1076 287 1153 310 mox
1168 279 1275 311 mariti
1289 282 1417 323 potens,

95 318 256 358 quendam
282 329 322 352 ex
343 321 498 353 ministris
525 322 668 354 Octaviae
697 323 827 364 impulit
853 325 1014 356 servilem
1035 327 1064 356 cz·
1091 334 1242 358 amorem
1267 327 1415 367 objicere.

94 365 337 408 destinaturque
356 378 431 400 reus
451 371 662 409 cognomento
677 372 843 411 Eucerus,
865 372 993 404 natione
1009 372 1233 413 Alexandrina,
1248 383 1361 406 canere
1377 375 1419 406 ti-

93 411 156 443 biis
173 413 297 446 doctus.
322 418 402 447 actao
418 416 460 446 ob
477 416 508 447 id
527 417 567 447 de
581 417 706 449 ancillis
729 419 942 459 quaestiones,
966 421 998 451 et
1014 420 1045 450 vi
1071 422 1306 452 tormentorum
1325 422 1422 454 victis

92 458 290 497 quibusdam
304 464 339 493 ut
354 463 431 494 salsa
447 465 637 503 annuerent,
653 464 759 505 plures
775 466 942 506 perstitere
957 467 1158 498 sanctitatem
1172 468 1310 499 dominae
1323 469 1419 500 tueri.

94 509 246 539 movetur
265 509 271 527 ¹
293 512 400 541 tamen
414 510 519 550 primo
535 511 640 542 civilis
658 512 783 543 discidii
798 514 901 553 specie
915 526 922 553 ;
937 514 1135 554 domumque
1151 515 1240 545 Burri
1257 518 1288 546 et
1301 516 1423 556 praedia

94 552 212 594 Plauti,
231 556 370 588 infausta
386 557 482 597 dona,
500 559 625 598 accipit.
645 568 720 590 mox
733 560 767 591 in
782 562 986 601 Campaniam
1003 562 1092 601 pulsa
1107 564 1154 592 est
1167 562 1276 593 addita
1292 563 1424 594 militari

96 602 252 634 custodia.
273 604 345 635 inde
362 604 466 636 crebri
483 609 616 645 questus
631 615 689 638 nec
703 608 820 638 occulti
837 617 892 648 per
907 609 1057 647 vulgum,
1079 609 1130 639 cui
1148 610 1254 639 minor
1268 609 1424 649 sapientia

93 647 179 679 etex
196 650 417 683 mediocritate
435 652 571 684 fortunae
584 654 734 694 pauciora
744 655 886 695 pericula
903 657 987 686 sunt.
1006 655 1054 686 his
1066 660 1160 696 Nero,
1175 656 1425 696 haudquaquam

95 696 287 733 poenitentia
305 699 426 738 flagitii,
445 700 613 741 conjugem
634 703 798 733 revocavit
815 703 994 733 Octaviam.

139 747 215 774 LXI.
236 745 315 776 Exin
334 746 401 778 lacti
419 748 611 787 Capitolium
627 749 803 789 scandunt,
819 750 957 789 deosque
974 749 1117 781 tandem¹
1136 751 1341 782 venerantur.
1356 750 1425 781 effi-

99 789 167 828 gies
184 794 330 832 Poppaeae
344 798 515 835 proruunt,
526 796 669 827 Octaviae
685 796 840 836 imagines
858 798 982 836 gestant
997 797 1150 835 humeris,
1168 799 1323 838 spargunt
1339 796 1426 828 ssori·

97 835 167 874 bus,
188 838 319 878 foroque
335 849 372 871 ac
385 842 512 881 templis
528 844 687 874 statuunt.
704 843 768 874 itur
778 843 874 874 etiam
891 844 923 874 in
941 843 1097 883 Principis
1113 845 1242 884 landes,
1261 843 1428 884 repetitam

96 885 350 917 venerentium2.
363 888 494 928 jamque
512 891 544 920 et
560 889 712 929 palatium
730 890 938 921 multitudine
955 892 987 922 et
1000 891 1194 922 clamoribus
1211 890 1428 931 complebant,

98 939 200 970 quum
220 933 330 964 emissi
349 935 488 966 militum
514 937 600 976 globi
620 937 808 968 verberibus
823 940 855 968 et
880 938 1005 969 intento
1023 938 1104 969 ferro
1119 938 1248 969 turbam
1263 938 1426 977 dichcere.

98 980 286 1019 mutataque
312 991 384 1021 quae
417 992 475 1023 per
501 984 691 1015 seditionem
718 986 904 1024 verterant,
922 988 954 1016 et
980 989 1126 1025 Poppaeae
1150 986 1252 1017 honos
1268 984 1430 1025 repositus

99 1027 158 1055 est.
174 1029 253 1065 Quae
267 1036 394 1068 semper
408 1030 495 1069 odio,
506 1033 575 1062 tum
590 1033 621 1062 ct.
640 1033 726 1062 metu
741 1034 846 1071 atrox,
866 1041 905 1062 ne
918 1034 974 1063 aut
984 1033 1070 1071 vulgi
1085 1032 1188 1063 acrior
1200 1033 1250 1063 vis
1267 1032 1429 1071 ingrueret

99 1073 158 1102 aut
175 1077 258 1105 Nero
272 1074 478 1108 inclinatione
490 1078 600 1117 populi
625 1080 816 1117 mutaretur,
831 1079 1001 1118 provoluta
1015 1079 1148 1117 genibus
1174 1081 1256 1119 ejus,
1274 1092 1289 1106 α
1304 1087 1367 1109 non
1391 1087 1429 1109 eo

101 1132 116 1146 «
134 1119 196 1150 loci
214 1120 225 1138 ³
242 1131 291 1153 res
307 1132 380 1154 suas
394 1125 462 1164 agi,
481 1127 517 1156 ut
530 1125 569 1155 dc
588 1125 792 1156 matrimonio
807 1127 929 1164 certet,
947 1135 1143 1165 quamquam
1165 1126 1196 1156 id
1212 1125 1274 1156 sibi
1288 1126 1355 1156 vita
1368 1135 1427 1166 po-

103 1179 118 1193 «
137 1166 203 1197 tius
219 1177 225 1197 :
248 1169 305 1199 sed
323 1170 423 1201 vitam
450 1172 550 1211 ipsam
576 1172 609 1202 in
626 1174 807 1203 extremum
827 1172 1000 1202 adductam
1023 1181 1041 1203 a
1060 1172 1214 1203 clientelis
1239 1177 1270 1203 et
1289 1173 1431 1204 servitiis

106 1226 120 1239 «
139 1215 282 1246 Octaviae
297 1240 306 1255 ,
322 1225 395 1256 quae
414 1218 517 1258 plebis
534 1219 595 1249 sibi
620 1228 738 1250 nomen
755 1219 946 1258 indiderint,
962 1228 999 1250 ea
1022 1219 1054 1249 in
1071 1228 1149 1259 pace
1174 1220 1265 1258 ausi,
1286 1229 1359 1260 quae
1375 1220 1430 1251 vix

103 1272 118 1285 «ι
137 1260 221 1292 bello
235 1264 413 1295 evenirent.
436 1274 526 1297 arma
542 1266 595 1297 illa
612 1266 766 1297 adversus
788 1266 968 1306 Principem
987 1268 1138 1306 sumpta,
1166 1267 1282 1297 ducem
1299 1268 1429 1298 tantum

103 1320 119 1334 ⁴<
136 1308 285 1349 defuisse,
301 1311 356 1350 qui
380 1313 476 1343 motis
490 1314 585 1344 rebus
599 1314 691 1344 facile
708 1314 901 1354 reperiretur
917 1324 923 1343 ι
940 1315 1102 1344 omitteret
1115 1314 1210 1345 modo
1224 1315 1430 1355 Campaniam

106 1368 121 1381 «
142 1356 219 1387 etin
238 1357 355 1389 Urbem
372 1359 473 1398 ipsam
491 1364 655 1400 pergeret,
678 1362 717 1392 ad
734 1362 824 1400 cujus
841 1363 955 1392 nutum
973 1361 1113 1391 absentis
1133 1362 1291 1393 tumultus
1310 1363 1431 1393 cieren-

106 1415 123 1429 (ι
139 1404 203 1434 tur.
220 1405 305 1443 quod
322 1406 463 1446 alioquin
477 1415 572 1437 suum
598 1409 751 1439 delictum
765 1411 777 1439 Ρ
797 1418 893 1448 quam
908 1408 1097 1448 cujusquam
1111 1408 1345 1439 offensionem?
1370 1417 1410 1439 an
1421 1431 1429 1446 ‚

106 1463 122 1477 «
140 1451 214 1490 quia
231 1460 339 1482 veram
359 1454 542 1493 progeniem
570 1456 740 1495 penatibus
760 1460 923 1487 Caesarum
951 1455 1065 1486 datura
1088 1456 1151 1486 sit?
1174 1456 1309 1487 mallene
1327 1464 1430 1496 popu-

105 1509 121 1523 «
141 1497 208 1528 lum
225 1503 405 1531 Romanum
422 1501 566 1533 tibicinis
581 1502 735 1543 AEgyptii⁴
758 1503 903 1534 subolem
922 1502 1130 1543 imperatorio
1155 1503 1282 1543 fastigio
1296 1503 1432 1534 induci?

107 1556 123 1570 τ(
142 1544 293 1586 denique,
315 1548 340 1579 si
358 1548 391 1579 id
405 1548 503 1580 rebus
523 1550 693 1589 conducat,
720 1550 823 1581 libens
848 1559 945 1590 quam
963 1552 1094 1580 coactus
1110 1550 1228 1581 acciret
1247 1550 1432 1589 dominam,

108 1605 123 1618 κ
140 1593 192 1623 vel
210 1595 391 1626 consuleret
409 1596 577 1628 securitati
603 1597 691 1636 justa
711 1597 843 1627 ultione.
862 1599 894 1627 et
909 1596 1044 1626 modicis
1059 1597 1208 1627 remediis
1228 1597 1349 1637 primos
1366 1606 1432 1628 mo-

107 1655 123 1669 «
141 1643 194 1673 tus
209 1644 392 1675 consedisse
408 1645 419 1663 ⁵
439 1655 446 1675 :
468 1647 500 1676 at
515 1646 542 1676 si
569 1645 738 1685 desperent
766 1654 899 1676 uxorem
922 1645 1057 1676 Neronis
1087 1646 1153 1676 sore
1175 1647 1362 1687 Octaviam,
1388 1647 1432 1678 illi

108 1703 123 1716 u
142 1690 297 1721 maritum
313 1691 454 1722 daturos.
475 1705 490 1719 υ

147 1740 239 1768 LXII.
264 1738 380 1769 Varius
406 1748 513 1770 sermo
539 1740 569 1770 et
586 1739 624 1770 ad
644 1741 767 1770 metum
793 1741 893 1779 atque
921 1739 1003 1770 iram
1021 1740 1288 1772 accommodatus
1314 1742 1431 1773 terruit

104 1784 201 1815 simul
225 1785 407 1817 audientem
428 1788 460 1817 et
486 1787 644 1817 accendit.
671 1787 728 1817 sed
756 1795 871 1827 parum
891 1786 1020 1818 valebat
1047 1787 1189 1826 suspicio
1212 1788 1246 1818 in
1271 1796 1382 1829 servo,
1401 1791 1433 1820 et

105 1831 340 1870 quaestionibus
372 1833 564 1864 ancillarum
591 1833 679 1864 elusa
702 1837 780 1864 erat.
805 1842 879 1873 ergo
914 1834 1147 1864 consessionem
1167 1835 1302 1874 alicujus
1328 1837 1432 1876 quaeri

104 1879 232 1918 placet,
256 1879 309 1910 cui
324 1889 431 1911 rerum
456 1889 586 1920 quoque
603 1890 760 1912 novarum
777 1881 899 1912 crimen
914 1881 1130 1921 affingeretur.
1146 1883 1178 1913 et
1192 1882 1281 1913 visus
1296 1882 1433 1915 idoneus

104 1928 261 1957 maternae
278 1927 366 1958 necis
383 1929 526 1968 patrator
541 1928 709 1968 Anicetus,
726 1928 821 1959 classi
838 1928 923 1969 apud
945 1928 1104 1959 Misenum
1118 1952 1127 1967 ,
1155 1930 1192 1959 ut
1210 1931 1385 1962 memoravi
1406 1930 1432 1971 ¹,

104 1973 278 2011 praelectus
293 1998 301 2013 ,
324 1975 386 2006 levi
410 1978 483 2015 post
510 1975 689 2006 admissum
717 1976 819 2007 scelus
846 1976 966 2016 gratia,
986 1976 1059 2007 dein
1082 1976 1228 2015 graviore
1251 1977 1338 2017 odio,
1356 1978 1433 2018 quia

105 2019 265 2052 malorum
280 2022 457 2054 facinorum
472 2023 613 2054 ministri
626 2023 717 2063 quasi
728 2023 959 2063 exprobrantes
969 2022 1282 2063 aspiciuntur.1gitur
1294 2025 1433 2057 accitum

106 2078 181 2101 eum
197 2074 301 2101 Caesar
320 2078 432 2110 operae
449 2072 579 2110 prioris
606 2070 758 2101 admonet
776 2080 784 2101 ι
802 2070 913 2102 solum
935 2070 1167 2101 incolumitati
1181 2072 1353 2112 Principis
1373 2073 1433 2105 ad-

106 2125 225 2147 versus
250 2117 473 2149 insidiantem
486 2119 635 2149 matrem
650 2118 842 2149 subvenisse
852 2129 866 2157 ,·
889 2116 1022 2149 locum²
1037 2117 1134 2148 haud
1152 2119 1294 2150 minoris
1309 2121 1433 2159 qratiae

107 2165 260 2203 instare,
280 2166 310 2194 ει·
335 2164 513 2205 conjuqem
528 2164 702 2205 infensam
716 2165 927 2206 depelleret,
947 2172 1008 2197 nec
1023 2172 1133 2196 manu
1151 2167 1215 2197 aut
1232 2166 1299 2197 telo
1320 2174 1406 2208 opus
1420 2179 1431 2200 .-

136 2262 190 2286 LX.
204 2267 224 2287 ι.
239 2263 397 2287 Amovetur.

137 2299 201 2322 LXI.
217 2304 236 2322 ι.
255 2299 376 2322 Tandem
387 2298 420 2322 de
431 2304 460 2322 re
470 2299 643 2329 impatienter
656 2300 689 2325 ab
701 2301 826 2325 omnibus
837 2299 1054 2329 exspectata-2.
1068 2299 1185 2323 Eatenus
1192 2300 1432 2333 Principislaudes,

108 2334 201 2358 utnon
212 2335 265 2358 tam
279 2335 363 2364 ipsum
377 2337 576 2360 venerarentur
586 2342 668 2365 quam
679 2338 824 2367 repetitam
838 2336 871 2360 ab
880 2342 912 2361 eo
920 2336 1072 2366 conjugem,
1082 2336 1285 2360 revocationem
1298 2337 1431 2369 conjugis.

106 2372 160 2393 -3.
173 2370 222 2394 Pro
241 2369 346 2400 vulgari
364 2371 395 2395 in
414 2376 513 2395 eo.—⁴.
531 2372 637 2399 Euceri.
658 2377 680 2396 c.
694 2377 769 2397 eo.-
781 2379 806 2397 s.
818 2371 966 2399 considere
982 2371 1081 2402 solere,
1092 2372 1123 2397 ut
1132 2371 1250 2397 aoristus
1265 2377 1376 2404 graecus,

138 2406 220 2432 LXII.
237 2411 259 2431 ι.
275 2406 426 2438 Cap.³.-2.
437 2407 624 2438 occasionem,
635 2407 803 2435 facultatem.
