1539 2668
492 169 526 198 A.
550 169 589 198 U.
613 169 649 198 C.
673 166 747 198 759.
771 167 809 198 A.
831 168 866 197 C.
892 166 941 197 10.
1341 171 1385 201 47,

51 259 67 274 «
84 244 165 279 duxi
203 243 373 284 enrstirpv
396 245 431 275 et
454 242 623 283 progenies
650 242 702 274 tot
729 242 900 274 consulum
915 265 925 281 ,
952 241 1002 274 tot
1017 241 1236 276 dictatorum!
1264 253 1322 277 nec
1340 246 1382 279 ad

53 305 69 321 ιι
84 291 240 325 invidiam
255 289 347 330 tiata,
370 290 424 322 sed
446 289 657 321 conciliandae
680 288 908 321 misericordiae
921 287 932 307 ⁴
958 288 1074 321 resero.
1101 293 1311 331 assequentur
1327 293 1385 325 tlo-

54 352 69 367 «
86 339 243 377 rente-te,
269 341 388 376 Caesar,
409 345 492 377 quos
509 335 656 375 dederis,
683 336 822 368 honores
839 345 848 367 t
872 336 1002 368 interim
1015 341 1066 377 Q.
1083 338 1244 369 Hortensii
1268 348 1381 379 prone·

54 399 68 413 «
87 388 180 427 potes
192 409 202 425 ‚
218 384 284 416 divi
297 384 431 423 Augusti
444 384 593 415 alumnos
612 383 654 415 ab
670 383 780 423 inopia
792 383 927 415 defende

93 435 261 465 xxxvm.
285 430 455 463 Inclinatio
468 433 600 462 senatus
613 430 858 462 incitamentum
871 429 999 462 Tiberio
1012 430 1075 462 fuit
1087 453 1096 469 ,
1121 439 1187 471 quo
1203 434 1384 473 promptius

52 480 297 517 adversaretur,
312 479 362 511 his
387 479 486 511 ferme
499 478 608 511 verbis
622 487 699 510 usus
719 488 726 508 :
744 491 759 505 «
774 478 805 509 Si
825 480 984 519 quantum
1002 488 1182 520 pauperum
1204 483 1255 512 est
1274 481 1384 513 venire

56 542 71 556 «
81 528 154 560 ,huc
167 528 202 560 et
214 526 410 559 *liberissuis
429 528 539 568 petere
552 528 707 567 pecunias
720 526 876 566 coeperint
885 551 895 565 ‚
917 526 1036 567 singuli
1050 536 1220 567 nunquam
1245 529 1383 561 exsatia-

56 589 71 603 «
88 575 220 613 bnmtur,
240 573 424 614 respublica
450 573 588 605 deficiet.
614 582 674 605 nec
691 582 768 604 sane
793 573 866 605 ideo
891 582 910 605 a
926 573 1104 614 majoribus
1119 583 1310 607 concessum
1336 578 1383 608 est

54 636 68 647 «ε
87 621 193 662 egredi
211 620 383 661 aliquando
401 621 587 652 relationem
606 620 613 638 ¹
634 623 678 660 et,
697 620 784 661 quod
808 621 842 652 in
855 630 1028 653 commune
1042 621 1215 662 conducat,
1232 623 1302 655 loco
1316 632 1386 655 sen-

54 681 69 696 «
88 669 199 700 tentiae
224 668 384 708 proferre,
412 670 448 699 ut
469 668 595 708 privata
625 667 771 708 negotia,
789 677 840 700 res
855 669 1026 700 familiares
1042 672 1170 701 nostras
1199 669 1252 702 hic
1267 679 1385 709 augea-

53 728 68 742 «
86 723 160 747 mus
184 724 260 747 cum
290 714 413 746 invidia
434 717 565 747 senatus
589 717 621 747 et
647 715 829 756 Principum
844 740 853 755 ,
877 716 945 747 sive
967 716 1158 748 indulserint
1181 716 1385 757 largitionem

54 762 157 794 «sive
169 762 350 795 abnuerint..
366 771 430 794 non
444 762 530 794 enim
544 772 654 803 preces
667 765 743 795 sunt
758 763 852 803 istuc,
867 763 923 795 sed
934 764 1143 803 efflagitati03
1158 764 1385 805 intempestiva

55 822 68 835 κ
88 809 218 850 quidem
238 812 270 842 et
288 810 482 851 improvisa,
497 819 599 850 quum
619 810 690 842 aliis
705 810 745 841 de
759 810 854 842 rebus
875 811 1087 842 convenerint
1103 813 1231 851 Patres,
1256 820 1385 844 consur·

54 868 68 882 «
87 865 163 898 gere
175 859 208 890 et
221 866 356 889 numero
365 859 463 899 atque
475 860 572 890 aetate
586 858 723 890 liberum
737 867 870 889 suorum
886 867 997 898 urgere
1011 858 1205 890 modestiam
1216 858 1228 876 ²
1242 863 1385 898 senatus,

54 915 69 930 «
87 905 222 937 eandem
240 905 308 936 vim
333 905 365 936 in
385 914 436 937 rue
454 906 639 945 transjicere
651 930 659 946 ‚
676 915 713 937 nc
729 906 817 938 velut
838 905 1032 946 perfringere
1055 906 1228 945 aerarium;
1251 906 1339 946 quod
1358 907 1387 939 si

53 961 69 976 «t
86 951 265 983 ambitione
278 952 522 984 exliauserimus
535 977 542 991 ,
562 962 616 993 per
632 953 751 984 scelera
769 952 984 993 supplendum
1000 952 1070 983 etit.
1098 952 1187 984 dedit
1204 952 1281 993 tibi,
1309 957 1387 986 Hor·

54 1009 70 1026 α
86 998 168 1038 lale,
182 999 277 1032 divus
293 1003 456 1039 Augustus
475 1000 662 1040 pecuniam,
679 1000 735 1032 sed
761 1009 826 1031 non
840 1000 1069 1040 compellatus,
1091 1009 1151 1031 nec
1176 1008 1214 1031 ea
1237 1000 1322 1040 lege,
1349 1003 1386 1034 ut

53 1055 69 1070 ‘t
87 1052 213 1087 semper
234 1046 376 1078 daretur.
406 1047 590 1087 languescet
615 1047 734 1088 alioqui
760 1047 937 1087 industria,
961 1047 1149 1078 intendetur
1168 1047 1332 1089 socordia,
1359 1048 1386 1080 si

53 1101 66 1116 u
87 1092 196 1125 nullus
211 1101 250 1124 ex
268 1103 303 1125 se
324 1097 430 1125 metus
446 1096 505 1126 aut
518 1102 611 1134 spes;
626 1096 658 1125 et
674 1094 779 1126 securi
793 1103 907 1126 omnes
929 1095 1033 1125 aliena
1056 1094 1200 1125 subsidia
1221 1098 1385 1135 exspecta-

52 1151 68 1164 «
89 1137 190 1180 hunt,
207 1140 268 1172 sibi
289 1141 394 1180 ignavi
406 1164 416 1180 ,
439 1141 535 1172 nobis
550 1150 663 1181 graves
677 1154 704 1172 ».
723 1145 798 1173 Haec
815 1143 912 1182 atque
927 1141 1004 1172 talia
1024 1150 1222 1181 quamquam
1237 1151 1312 1174 cum
1335 1151 1386 1175 as‘

53 1193 150 1217 sensu
164 1186 275 1218 audita
293 1187 334 1218 ab
351 1187 401 1219 liis
426 1188 546 1227 quibus
563 1188 672 1219 omnia
698 1188 884 1227 Principum
899 1212 908 1227 ,
926 1188 1059 1219 honesta
1077 1192 1175 1228 atque
1200 1189 1384 1228 inhonesta,

52 1230 184 1264 laudare
207 1242 278 1265 mos
301 1237 369 1272 est,
389 1234 495 1274 plures
519 1243 575 1274 per
599 1234 763 1266 silentium
791 1239 847 1265 aut
869 1235 1034 1265 occultum
1053 1244 1200 1266 murmur
1219 1245 1383 1277 excepere.

52 1279 218 1320 sensitque
232 1280 399 1320 Tiberius,
417 1282 450 1312 et
463 1290 564 1321 quum
582 1281 726 1321 paullum
744 1281 941 1319 reticuisset,
958 1282 1109 1313 ΙΙοι-Ιιιιο
1123 1291 1157 1313 se
1174 1284 1386 1322 respondisse

53 1327 117 1366 ait-‚5
143 1328 297 1359 celerum
313 1329 343 1359 si
360 1328 528 1359 Patribus
546 1328 733 1365 videretur,
751 1327 923 1360 daturum
944 1328 1060 1359 liberis
1083 1330 1155 1368 ejvs
1181 1329 1314 1361 ducena
1331 1339 1383 1362 sc·

52 1374 177 1406 stantia
191 1374 349 1414 §inauli-5,
365 1376 424 1415 qui
437 1383 541 1405 sexus
558 1375 670 1405 virilis
685 1376 808 1405 essent.
836 1383 928 1414 egere
945 1375 996 1405 alii
1012 1378 1137 1414 gratem
1156 1376 1244 1407 siluit
1272 1378 1382 1409 Horta·

53 1420 122 1459 lus,
143 1428 283 1461 pavore,
298 1430 342 1453 an
354 1421 454 1453 avitae
471 1421 649 1453 nobilitatis
669 1421 769 1453 etiam
793 1422 876 1453 inter
890 1422 1055 1461 angustias
1078 1423 1217 1453 t'ortunae
1232 1423 1382 1456 retinens.

52 1476 157 1508 neque
170 1468 344 1500 miseratus
360 1471 409 1500 est.
432 1469 564 1508 posthac
584 1469 750 1507 Tiberius,
771 1468 921 1508 quamvis
935 1469 1050 1499 domus
1075 1470 1236 1501 Hortensii
1255 1472 1385 1511 puden-

52 1514 186 1547 dam-ad
206 1515 350 1556 inopiam
367 1515 582 1548 delaberetur.

94 1566 226 1594 xxxlx.
254 1562 371 1593 Eodem
394 1572 478 1594 anuo
505 1563 658 1602 mancipii
682 1563 778 1594 unius
799 1562 951 1601 audacia,
979 1564 1011 1594 ni
1038 1568 1164 1596 mature
1187 1565 1384 1597 subventum

53 1608 153 1649 soret,
184 1610 360 1642 discordiis
390 1610 552 1650 armisque
578 1610 727 1641 civilibus
752 1610 984 1650 rempublicam
1015 1611 1214 1651 perculisset.
1241 1614 1384 1645 Postumi

54 1656 202 1697 Agrippae
224 1666 358 1697 servus,
389 1659 518 1689 nomine
543 1658 714 1697 clemens,
740 1660 907 1697 comperto
931 1658 994 1689 tine
1019 1660 1173 1698 Augusti,
1202 1669 1331 1700 pergere
1350 1660 1383 1692 in

53 1703 192 1736 innatam
209 1704 388 1737 Planasiam
402 1729 411 1744 ,
429 1707 461 1736 et
484 1705 595 1736 fraude
610 1707 666 1736 aut
685 1705 714 1735 vi
732 1706 859 1745 raptum
879 1706 1049 1746 Agrippam
1065 1707 1145 1737 serre
1164 1706 1207 1737 ad
1220 1708 1382 1739 exercit-us

54 1751 262 1784 Germanicos
277 1761 342 1784 non
358 1752 467 1783 servili
489 1753 598 1784 animo
618 1753 781 1792 concepit.
794 1761 871 1784 ausa
887 1753 958 1792 ejus
972 1753 1140 1794 impe-«lixit
1158 1754 1293 1786 tarditas
1307 1764 1381 1786 onc-

53 1797 146 1830 raziae
160 1798 273 1838 navis;
288 1803 385 1839 atque
398 1799 528 1831 interim
545 1801 670 1840 patrata
697 1799 784 1831 caede
802 1799 824 1838 ¹,
844 1800 884 1831 ad
899 1801 1020 1839 majora
1035 1804 1067 1831 et
1089 1801 1188 1841 magis
1207 1802 1383 1842 praecipitia

53 1851 248 1884 conversum
279 1845 405 1878 furatur
426 1846 569 1886 cineres,
597 1849 774 1886 vectusque
797 1850 911 1879 Cosam
939 1847 1072 1879 Etruriae
1103 1849 1380 1888 promontorium,

53 1889 174 1931 ignotis
198 1892 279 1924 locis
302 1901 374 1925 sese
396 1893 509 1931 abdit,
538 1893 641 1925 donec
658 1894 780 1925 crinem
808 1894 1005 1934 barbamque
1025 1895 1227 1935 promitteret
1244 1894 1255 1912 ²
1275 1905 1282 1926 ε
1306 1905 1381 1928 nam

53 1940 150 1971 aetate
170 1940 203 1971 et
234 1939 341 1971 torma
364 1939 453 1971 baud
480 1940 627 1971 dissimili
650 1939 684 1971 in
705 1940 874 1972 dominum
890 1940 902 1958 ³
921 1944 1001 1973 erat.
1024 1944 1092 1973 tum
1117 1951 1172 1982 per
1195 1941 1333 1976 idoneos
1350 1945 1382 1974 et

52 1985 167 2018 secreti
183 1985 253 2026 ejus
268 1986 373 2018 socios
391 1987 564 2019 crebrescit
577 1986 587 2005 ⁴
609 1988 719 2019 vivere
733 1990 934 2028 Aqrippam‚
950 1989 1087 2020 occultis
1105 1989 1246 2028 primum
1263 1998 1383 2021 sermo-

52 2031 149 2064 nibus
161 2057 171 2073 ,
189 2036 226 2064 ut
248 2034 349 2065 vetita
367 2034 491 2073 solent,
520 2043 598 2065 mox
615 2043 696 2074 vago
715 2043 842 2066 rumore
859 2034 944 2075 apud
973 2035 1205 2075 imperitissimi
1220 2036 1381 2077 cujusque

52 2083 222 2121 promptas
236 2089 351 2121 auree,
371 2083 429 2113 aut
445 2090 575 2113 rursum
595 2081 682 2122 apud
703 2080 852 2113 turbidos
864 2090 968 2122 eoque
986 2091 1069 2113 nova
1085 2082 1264 2123 cupientes.
1283 2085 1380 2123 atque

53 2125 129 2166 ipse
138 2127 228 2160 adire
244 2127 421 2170 municipia
437 2128 575 2161 obscuro
589 2128 672 2167 diei,
690 2137 794 2168 neque
816 2129 980 2170 propalam
1000 2129 1120 2170 aspici,
1138 2137 1243 2170 neque
1259 2129 1380 2163 diutius

53 2173 172 2208 iisdem
194 2175 287 2208 locis.
305 2175 366 2208 sed
378 2177 454 2218 quia
471 2177 590 2209 veritas
606 2176 676 2208 visu
692 2176 725 2208 et
742 2185 849 2215 mora,
873 2176 954 2208 falsa
969 2176 1174 2209 festinatione
1194 2179 1226 2209 et
1248 2177 1379 2210 incertis

60 2220 249 2262 valescunt,
267 2223 471 2264 relinquebat
493 2224 612 2255 samam
628 2225 686 2255 aut
704 2223 922 2264 praeveniebat
938 2223 963 2255 ⁵.

58 2279 127 2300 -ψ
141 2276 253 2302 Mvus
268 2283 318 2308 pro
328 2279 399 2303 ad...
413 2279 658 2304 misericordiam*

83 2310 225 2338 xxxvttr.
245 2318 266 2337 t.
281 2313 358 2338 Aliud
373 2315 471 2344 praeter
483 2315 647 2340 sententiam
661 2315 694 2339 de
707 2320 736 2339 re
750 2320 811 2345 quae
824 2315 914 2345 agitur
935 2316 970 2340 ad
991 2317 1115 2340 senatum
1130 2314 1242 2339 reterre.
1263 2314 1292 2338 V.'
1306 2314 1339 2338 ad
1353 2321 1378 2340 c.

53 2351 83 2370 za
95 2345 153 2370 lnlt.
165 2359 192 2364 -
211 2352 233 2371 e.
249 2349 305 2372 vnn
319 2349 410 2373 tacere
424 2350 571 2374 modestiae.

81 2381 207 2406 xxxtx.
227 2388 248 2407 i.
262 2384 394 2414 Agrippae,
410 2385 472 2408 vtde
488 2385 512 2413 l,
526 2391 549 2413 o,
564 2398 594 2403 —
606 2390 628 2409 2.
641 2387 745 2416 Longos
758 2386 852 2410 aleret:
863 2399 893 2405 -
902 2392 924 2410 3.
941 2387 980 2410 Ad
993 2386 1130 2411 dominum
1143 2384 1335 2414 comparando,
1348 2384 1377 2408 ut

53 2416 124 2446 apud
136 2417 244 2442 Graecos
257 2415 310 2450 εἰς.
320 2431 349 2436 -
359 2424 382 2443 ⁴.
393 2420 437 2444 Sc.
450 2420 529 2444 tama.
539 2433 569 2438 —
581 2427 606 2446 ⁸.
622 2421 721 2446 Abtbat
734 2422 812 2447 simul
831 2428 863 2446 ac
877 2422 947 2447 fama
962 2422 995 2446 de
1009 2423 1064 2452 ipsa
1079 2421 1169 2452 spargi
1181 2421 1315 2450 coeperat,
1330 2419 1378 2443 ³1¹2

52 2450 148 2476 aderat
159 2450 222 2476 alibi
234 2450 291 2484 lpse
304 2455 368 2479 ante
380 2454 480 2479 famam
492 2456 542 2480 sui.
