1539 2668
492 194 530 224 A.
553 194 594 225 U.
617 195 652 225 C.
677 193 749 225 822.
772 193 809 225 Α.
833 194 870 225 C.
894 196 945 226 69.
1319 194 1381 228 277

58 269 276 302 consultatum
292 268 368 301 inde
379 291 388 308 ,
401 276 469 309 pro
481 269 604 300 rostris
617 275 663 300 an
680 268 716 300 in
732 270 857 301 senatu
870 277 916 301 an
928 269 964 301 in
981 269 1102 301 castris
1119 268 1127 287 ¹
1145 268 1282 310 adoptio
1291 278 1383 303 mm·

58 318 258 358 cuparetur.
271 318 318 347 iri
331 317 366 348 in
379 317 499 347 castra
511 314 629 355 placuit
644 324 652 345 ε
668 314 893 356 honorificum
907 315 943 348 id
955 315 1219 356 militibusfore,
1234 325 1384 358 quorum

51 363 214 404 favorem
236 365 277 395 uc
294 363 477 403 larqetz'one
502 363 534 393 et
559 361 693 394 ambitu
712 362 805 394 male
821 364 974 404 acquiri,
992 364 1045 395 ita
1054 371 1120 403 per
1137 363 1240 395 bonas
1257 366 1350 396 artes
1366 363 1378 382 ²

59 409 159 442 haud
173 409 414 451 spernendum.
431 409 691 440 circumsteterat
713 409 842 441 interim
859 409 1014 450 palatium
1032 410 1159 451 publica
1189 412 1384 451 exspectatio

57 459 163 499 magni
178 458 291 490 secreti
303 457 488 498 impatiens3
500 459 532 489 et
544 457 626 488 male
641 457 814 489 coercitam
827 458 944 489 famam
959 458 1196 498 supprimentes
1209 459 1379 500 augebant.

96 509 206 537 XVIII.
226 508 384 545 Quartum
402 504 473 536 idus
489 505 655 536 Ianuarias
671 505 677 522 ¹
700 505 821 536 foedum
839 505 999 537 imbribus
1021 505 1107 538 diem
1123 506 1262 537 tonitrua
1275 510 1307 538 et
1325 506 1382 539 ful-

56 561 134 593 gura
149 553 181 585 et
197 553 339 584 coelestes
366 552 463 582 minae
482 551 564 583 ultra
580 552 711 583 solitum
731 551 949 584 turbaverant.
970 552 1177 585 observatum
1206 553 1237 584 id
1255 552 1265 570 2
1293 553 1383 584 anti-

55 599 166 640 quitus
180 600 319 632 comitiis
328 599 518 630 dirimendis
531 608 596 630 non
612 600 725 630 terruit
735 599 866 631 Galbam
874 599 1048 639 quominus
1062 600 1094 631 in
1109 603 1212 632 castra
1226 600 1395 642 pergeret„

55 647 309 688 contemptorem
340 646 453 678 talium
488 648 523 678 ut
548 647 773 685 fortuitorum3
800 655 857 678 seu
889 656 962 687 quae
986 647 1051 678 fato
1076 650 1207 679 manent
1231 646 1382 688 quamvis

54 693 232 734 significata
246 703 310 725 non
325 693 469 725 vitantur
483 693 507 725 ³.
524 694 607 734 apud
625 694 822 734 frequentem
846 694 986 726 militum
1004 695 1190 726 concionem
1213 694 1386 735 imperato·

54 740 100 772 ria
113 740 270 773 brevitate
286 741 430 781 adoptari
449 750 467 772 a
479 750 512 772 se
529 741 673 772 Pisonem
685 750 773 773 more
791 742 856 773 divi
872 743 1005 782 Augusti
1024 744 1056 774 et
1071 742 1218 783 exemplo
1232 741 1383 781 militari,

55 796 120 827 quo
137 788 186 819 vir
209 788 314 819 virum
334 789 451 828 legeret
465 788 492 828 ⁴,
512 789 710 828 pronuntiat.
736 797 774 820 ac
793 798 832 820 ne
848 789 1050 820 dissimulata
1078 790 1193 821 seditio
1216 790 1248 820 in
1271 789 1373 828 majus

55 835 247 874 crederetur,
271 836 353 867 ultro
369 837 533 866 asseverat
546 838 711 876 quartam
724 838 756 867 ec
770 836 1063 868 duoetviceslmam
1083 837 1247 877 leyz'ones,
1261 837 1382 876 paucis

54 881 230 915 seditionis
255 883 456 915 auctoribus
468 905 478 919 ‚
497 892 564 914 non
580 884 681 915 ultra
695 883 798 914 verba
815 893 855 915 ac
880 892 974 915 voces
997 892 1154 922 errasse,
1173 886 1206 915 et
1229 884 1320 916 brevi
1347 885 1384 916 in

53 928 268 970 officiofore.
284 939 342 961 nec
355 931 455 961 ullum
472 931 607 961 orationi
622 932 677 961 aut
697 930 893 961 lenocinium
916 930 1005 961 addit
1021 934 1075 961 aut
1091 932 1244 971 pretium.
1261 930 1383 962 tribuni

52 975 160 1007 tamen
177 978 448 1017 centurionesque
463 979 494 1008 et
510 977 649 1017 proximi
675 977 815 1008 nlilitum
831 980 920 1016 grata
944 977 1058 1008 auditu
1082 978 1279 1017 respondent
1296 988 1303 1008 :
1327 986 1383 1017 per

53 1023 176 1055 ceteros
193 1025 346 1056 moestitia
360 1033 397 1055 ac
410 1024 572 1055 silentium
584 1047 592 1061 ,
608 1028 774 1064 tamquam
790 1027 974 1064 usurpatam
989 1025 1087 1055 etiam
1102 1026 1133 1056 in
1151 1034 1227 1065 pace
1237 1024 1383 1056 donativi

53 1072 278 1103 necessitatem
297 1072 380 1102 bello
396 1071 621 1111 perdidissent.
642 1073 770 1103 constat
792 1071 934 1112 potuisse
948 1072 1113 1103 conciliari
1136 1073 1264 1103 animos
1280 1081 1382 1112 quan-

53 1117 250 1158 tulacunque
268 1119 352 1158 parci
373 1119 459 1149 senis
483 1119 674 1150 liberalitate
690 1132 695 1148 :
716 1119 828 1151 nocuit
844 1119 1000 1160 antiquus
1017 1120 1103 1159 rigor
1127 1122 1158 1152 et
1182 1119 1282 1151 nimia
1296 1127 1382 1152 seve-

54 1163 151 1204 ritas,
167 1165 218 1196 cui
234 1166 300 1205 jam
316 1175 409 1206 pares
432 1175 494 1196 non
514 1175 639 1197 sumus.

95 1215 174 1243 XIX.
197 1212 273 1243 Inde
289 1212 373 1253 apud
391 1215 538 1244 senatum
568 1222 630 1243 non
646 1214 803 1253 comptior
819 1213 943 1253 Galbae,
966 1222 1029 1244 non
1045 1214 1168 1253 longior
1184 1223 1281 1253 quam
1297 1213 1383 1253 apud

56 1258 192 1290 militem
207 1268 313 1290 sermo
333 1269 339 1290 :
365 1259 487 1291 Pisonis
506 1260 607 1291 comis
628 1260 741 1290 oratio,
765 1261 795 1291 et
814 1262 944 1291 Patrum
964 1261 1053 1291 favor
1068 1260 1198 1292 aderat:
1217 1261 1310 1291 multi
1325 1269 1382 1292 vo-

56 1306 179 1338 luntate
196 1306 202 1323 ¹
221 1307 374 1344 effusius3
392 1307 449 1347 qui
462 1307 628 1338 noluerant
640 1330 648 1345 ‚
666 1306 790 1345 medie3
810 1316 848 1338 ac
866 1307 994 1346 plurimi
1018 1307 1114 1338 obvio
1138 1307 1302 1347 obsequio,
1319 1306 1380 1347 pri-

56 1354 148 1384 vatas
167 1362 238 1393 spes
252 1354 409 1393 agitantes
427 1355 496 1384 sine
510 1353 637 1393 publica
654 1362 740 1384 cura.
766 1363 825 1385 nec
842 1354 929 1384 aliud
943 1355 1088 1394 sequenti
1099 1355 1282 1394 quatriduo,
1295 1353 1381 1395 quod

55 1399 198 1432 medium
218 1402 302 1432 inter
315 1401 519 1441 adoptionem
537 1402 570 1431 et
599 1401 718 1431 caedem
736 1401 808 1439 fuit,
826 1401 947 1432 dictum
967 1410 985 1432 a
1000 1402 1112 1432 Pisone
1134 1403 1166 1433 iu
1190 1402 1320 1442 publico
1339 1405 1383 1437 fa-

56 1447 198 1479 ctumve.
215 1448 435 1480 crebrioribus
452 1449 483 1478 in
509 1448 576 1479 dies
596 1448 793 1479 Germanicae
807 1447 999 1479 defectionis
1013 1449 1136 1480 nuntiis
1150 1451 1181 1480 et
1199 1449 1284 1480 facili
1300 1449 1383 1483 civl-

54 1494 119 1526 tate
135 1494 173 1526 ad
191 1495 377 1535 accipienda
394 1495 617 1535 credendaque
635 1496 742 1526 omnia
766 1504 848 1525 nova
863 1518 871 1533 ,
886 1504 987 1535 quum
1006 1496 1109 1526 tristia
1132 1499 1208 1526 sunt
1221 1520 1230 1534 ,
1248 1505 1381 1530 censue-

54 1543 126 1572 rant
140 1544 246 1573 Patres
259 1542 435 1573 mittendos
450 1542 489 1573 ad
504 1542 728 1574 Germanicum
744 1542 921 1574 exercitum
939 1542 1071 1582 legatos.
1091 1543 1245 1582 agitatum
1260 1547 1382 1576 secreto

54 1596 133 1619 num
148 1590 179 1620 et
194 1589 266 1620 Piso
285 1589 536 1629 proficisceretur
553 1590 672 1628 maiore
689 1591 848 1630 praetextu
868 1589 894 1628 ²,
923 1589 966 1620 illi
983 1590 1208 1621 auctoritatem
1233 1592 1381 1632 senatus,

55 1634 108 1666 hic
131 1635 348 1675 dignationem
373 1637 505 1668 Caesaris
524 1637 648 1668 laturus
662 1636 687 1667 ³.
713 1637 859 1676 placebat
886 1638 918 1668 et
937 1640 1094 1668 Laconem
1113 1638 1250 1677 praetorii
1268 1637 1381 1678 praefe-

55 1683 143 1713 ctum
161 1682 256 1714 simul
274 1684 356 1714 mitti
377 1693 384 1713 :
402 1683 429 1714 is
449 1683 585 1714 consilio
603 1683 792 1715 intercessit.
815 1683 910 1723 legati
927 1681 1057 1724 quoque
1075 1686 1162 1723 (nam
1181 1687 1310 1715 senatus
1323 1683 1384 1716 ele-

55 1727 196 1760 ctionem
204 1730 310 1761 Galbae
324 1730 524 1770 permiserat)
538 1729 621 1761 foeda
636 1730 1024 1770 inconstantianominati‚
1036 1731 1192 1771 excusati,
1201 1730 1380 1772 substituti,

56 1775 180 1807 ambitu
200 1777 384 1808 remanendi
402 1779 458 1808 aut
473 1777 591 1816 eundi,
610 1779 647 1809 ut
665 1786 828 1818 quemque
842 1781 947 1809 metus
961 1778 1012 1809 vel
1028 1787 1100 1818 spes
1114 1779 1297 1818 impulerat.

96 1826 161 1854 XX.
178 1823 326 1854 Proxima
348 1824 492 1863 pecuniae
512 1833 588 1855 cura
606 1834 613 1854 :
631 1828 662 1855 et
679 1827 796 1855 cuncta
810 1824 1029 1856 scrutantibus
1043 1824 1261 1864 iustissimum
1276 1824 1381 1856 visum

57 1872 106 1902 est
122 1869 197 1901 inde
212 1870 332 1909 repeti,
358 1870 412 1900 ubi
439 1870 556 1910 inopiae
579 1879 676 1901 causa
693 1873 772 1901 erat.
793 1871 843 1901 bis
868 1873 900 1902 et
916 1871 1014 1902 vicies
1035 1871 1150 1902 millies
1167 1871 1353 1903 sestertium
1371 1872 1378 1889 ¹

56 1915 285 1948 donationibus
302 1921 385 1947 Nero
401 1916 571 1947 effuderat.
591 1916 744 1957 appellari
757 1917 900 1956 singulos
913 1917 1030 1957 jussit,
1045 1918 1180 1948 decuma
1196 1921 1285 1958 parte
1302 1918 1383 1949 libe·

57 1962 191 1994 ralitatis
206 1963 289 2004 apud
310 1972 471 2003 quemque
487 1972 599 1994 eorum
618 1963 740 1994 relicta.
757 1965 790 1994 at
805 1963 866 1994 illis
880 1963 936 1994 vix
949 1964 1094 1995 decumae
1108 1973 1204 2004 super
1218 1965 1382 2005 portiones

57 2012 148 2043 erant
164 2009 190 2050 2,
210 2010 323 2042 iisdem
353 2019 426 2051 erga
445 2010 546 2042 aliena
570 2009 776 2050 sumptibus³
801 2009 919 2050 quibus
946 2019 1004 2042 sua
1023 2012 1250 2052 prodegerant‚
1280 2020 1381 2052 quum

58 2058 264 2099 rapacissimo
281 2058 397 2098 cuique
412 2066 450 2089 ac
470 2058 688 2098 perditissimo
705 2066 770 2089 non
791 2057 857 2098 agri
873 2058 929 2089 aut
949 2058 1070 2098 foenus,
1097 2059 1153 2090 sed
1168 2059 1237 2090 sola
1261 2058 1382 2090 instru-

88 2134 166 2159 xvn.
187 2141 208 2160 ι.
224 2135 266 2160 Sc.
280 2136 516 2166 praetorianorum,
528 2137 592 2160 ante
605 2137 698 2166 portas
706 2135 784 2161 Urbis
795 2135 954 2161 Viminalem
971 2137 998 2161 et
1010 2136 1185 2167 Esquinitam.
1202 2150 1230 2155 -
1243 2142 1266 2161 2.
1280 2138 1322 2162 Sc.
1335 2144 1381 2164 ac-

61 2170 197 2200 quisitum.

88 2205 185 2230 xv111.
200 2211 221 2230 ι.
239 2206 287 2231 Die
308 2211 335 2230 ιο
347 2207 546 2231 Januari0.—2.
562 2206 734 2231 substantive
752 2213 759 2231 τ
774 2212 805 2231 ea
816 2212 860 2231 res
873 2207 1025 2235 observata,
1047 2213 1101 2232 non
1115 2208 1248 2238 neglecta,
1267 2208 1301 2232 ad
1318 2208 1383 2233 diri-

60 2239 160 2266 menda
179 2241 288 2265 coniitia
307 2242 372 2266 olim
391 2242 553 2266 valens—5.
568 2242 629 2266 Non
643 2243 732 2266 solent
749 2243 828 2266 vitari
841 2242 875 2267 ab
894 2242 1104 2268 hominibus—4
1134 2244 1284 2273 Legionarit
1303 2249 1319 2267 a
1335 2243 1381 2268 tri-

59 2275 139 2300 bunis
150 2276 310 2301 militaribus
322 2277 497 2307 leyebantur.
508 2278 564 2302 Nisi
573 2277 644 2302 forte
657 2277 802 2308 peculiaris
815 2283 879 2302 usus
895 2279 1057 2309 respiciatur
1066 2297 1072 2308 ‚
1091 2279 1171 2308 cujus
1191 2278 1314 2309 exempla
1328 2278 1382 2303 duo

61 2310 131 2341 apud
140 2311 241 2335 Livium
253 2312 299 2340 lx.
314 2317 358 2338 aaz
373 2313 405 2340 X.
420 2319 457 2337 ss.

90 2347 160 2372 xlx.
177 2352 197 2371 ι.
217 2347 285 2377 Quia
306 2348 449 2373 voluerant
472 2355 531 2373 earn
554 2349 740 2379 adoptionem.
755 2362 783 2366 —
795 2354 820 2373 2.
839 2349 950 2380 specie;
978 2350 1020 2374 est
1036 2355 1157 2379 graecum
1170 2344 1380 2387 προσχήματι.

61 2387 84 2407 3.
98 2384 135 2407 Eo
146 2383 217 2407 redit
227 2383 299 2413 quod
313 2388 386 2413 nun-c
397 2384 499 2414 dicunt,
513 2387 783 2414 repraesentaturus.

94 2418 155 2442 ΧΧ.
178 2424 197 2442 ¹.
210 2418 418 2449 zot,3ao‚0oosr.
431 2421 482 2445 Res
495 2420 522 2444 in
535 2420 587 2445 hoc
601 2422 691 2451 capite
703 2421 813 2446 narrata
827 2421 911 2446 multo
924 2421 999 2451 prius
1011 2421 1121 2451 incepta
1135 2421 1259 2445 erate—2.
1270 2421 1383 2450 Supere-

63 2453 134 2482 rant,
150 2458 198 2483 per
212 2453 320 2484 tmesin,
334 2454 366 2478 ut
378 2454 406 2479 in
421 2454 566 2485 Virgiliano
577 2455 699 2487 Jamque
713 2457 785 2482 adeo
797 2462 885 2487 super
898 2461 975 2483 unm
988 2461 1135 2482 eram—⁵.
1149 2455 1380 2486 Prodigalitate.—-
