1539 2668
648 118 868 148 GERMANIA.
1352 118 1413 148 445

87 194 193 228 adisse
208 194 389 228 Germaniae
405 195 510 226 terras
522 217 531 234 ‚
547 193 860 233 Asciburgiumque,
875 192 962 233 quod
985 192 1019 223 in
1040 192 1110 232 ripa
1126 192 1230 224 Rheni
1248 193 1347 224 situm
1361 193 1416 225 ho-

90 243 206 283 dieque
220 242 385 282 incolitur,
400 241 441 273 ab
465 241 520 272 illo
542 241 758 273 constitutum
784 240 1074 279 nominatumque3
1100 248 1188 271 aram
1213 241 1293 280 quin
1318 241 1416 272 etiam

88 290 193 323 Ulixi⁴
214 291 432 322 consecratam
450 289 575 328 adJecto
592 290 712 320 Laertae
730 289 830 329 patris
854 288 985 319 nomine
998 287 1008 304 ⁵
1037 286 1151 318 eodem
1178 288 1248 318 loco
1273 288 1349 318 olim
1371 297 1420 320 re-

89 341 230 377 pertam,
247 339 522 377 monumentaque
545 337 577 368 et
597 336 740 368 tumulos
754 336 911 377 quosdam
927 335 1044 367 Graecis
1066 334 1182 365 litteris
1197 334 1368 374 inscriptos
1384 335 1419 366 in

90 385 233 417 confinio
246 385 424 417 Germaniae
438 383 614 424 Raetiaeque
628 383 735 415 adbuc
751 385 887 415 exstare.
903 387 983 422 Quae
1000 390 1104 421 neque
1120 380 1310 412 confirmare
1327 390 1420 421 argu-

91 433 212 464 mentis
234 441 339 473 neque
364 431 511 463 refellere
535 430 569 462 in
586 431 695 462 animo
712 433 762 462 est
780 441 788 461 ε
807 440 847 462 ex
864 430 996 470 ingenio
1012 438 1071 460 suo
1089 428 1227 469 quisque
1243 429 1352 459 demat
1368 427 1420 459 vel

90 479 189 511 addat
208 479 316 511 fidem.

133 531 186 558 IV.
202 531 273 567 Ipse
289 535 403 558 eorum
419 525 627 566 opinionibus
642 525 760 557 accedo
773 551 782 566 ‚
802 526 860 566 qui
881 525 1064 557 Germaniae
1084 523 1221 565 populos
1238 522 1336 554 nullis
1352 521 1421 553 aliis

90 574 229 606 aliarum
243 576 411 606 nationum
429 573 604 605 connubiis
619 574 754 605 infectos
771 573 935 613 propriam
953 575 985 603 et
1001 574 1162 603 sinceram
1176 573 1208 603 et
1223 571 1352 602 tantum
1370 569 1421 600 sui

89 621 227 653 similem
252 625 380 662 gentem
401 623 564 653 exstitisse
586 623 793 653 arbitrantur.
817 621 903 652 unde
925 620 1055 651 habitus
1073 627 1203 660 quoque
1225 626 1423 658 corporum,

89 678 286 710 quamquam
302 671 335 701 iu
353 672 444 701 tanto
461 670 629 701 hominum
647 678 784 701 numero
797 693 806 708 ‚
825 669 912 699 idem
931 678 937 699 ε
957 667 1107 698 omuibus
1124 668 1234 698 truces
1248 668 1280 696 et
1294 663 1423 696 caerulei

89 717 195 757 oculi,
214 717 321 748 rutilae
338 726 439 748 comae
453 718 476 757 ¹,
496 726 611 758 magna
626 726 762 757 corpora
780 718 812 747 et
832 718 961 747 tantum
980 715 1020 746 ad
1040 715 1201 755 impetum
1218 712 1326 744 valida
1345 721 1352 742 t
1377 712 1420 743 la·

89 764 177 796 boris
200 767 296 804 atque
317 773 451 804 operum
474 773 539 795 non
561 765 673 796 eadem
696 763 872 804 patientia;
897 763 1097 802 minimeque
1125 761 1214 792 sitim
1240 762 1422 799 aestumque

89 811 244 852 tolerare,
265 812 382 852 frigora
400 814 496 852 atque
514 812 655 843 inediam
668 811 679 829 ²
699 812 778 842 coelo
798 811 911 842 solove
932 810 1158 841 assueverunt.

131 862 169 890 V.
187 863 286 890 Terra
308 859 367 890 etsi
389 859 556 899 aliquanto
575 859 681 899 speeie
697 858 828 897 differt,
852 858 885 888 in
909 857 1096 888 universum
1114 859 1223 888 tamen
1250 857 1305 886 aut
1331 852 1422 885 silvis

90 905 221 937 horrida
238 908 295 937 aut
314 906 486 946 paludibus
510 906 611 945 foeda,
638 905 815 944 humidior,
847 914 912 945 qua
933 904 1069 943 Gallias,
1088 903 1264 941 ventosior,
1283 910 1345 941 qua
1361 904 1421 932 No-

91 953 197 984 ricum
217 963 253 985 ac
270 954 468 985 Pannoniam
490 954 623 994 aspicit;
645 953 745 984 satis¹
771 952 878 990 ferax,
900 952 1129 991 frugiferarum
1151 950 1304 982 arborum
1322 949 1422 987 impa-

89 1001 188 1039 tiens,
204 1010 357 1041 pecorum
374 1001 534 1039 fecunda3
550 1000 607 1032 sed
624 1001 815 1041 plerumque
830 998 1045 1039 improcera2.
1064 1008 1104 1030 ne
1119 997 1276 1029 armentis
1291 995 1424 1035 quidem

90 1056 167 1086 suus
181 1048 285 1079 honor
299 1051 355 1079 aut
368 1049 466 1088 gloria
481 1048 593 1079 frontis
606 1048 632 1087 3;
648 1057 783 1079 numero
796 1047 938 1087 gaudent
950 1057 959 1085 ;
974 1055 1084 1087 eaeque
1098 1046 1174 1077 solae
1188 1047 1221 1076 et
1234 1043 1424 1083 gratissimae

92 1103 169 1134 opes
186 1098 274 1126 sunt.
293 1098 469 1134 Argentum
484 1097 516 1127 et
529 1104 645 1126 aurum
662 1095 837 1135 propitiine
853 1104 894 1125 an
917 1094 991 1125 irati
1011 1094 1056 1125 dii
1071 1092 1278 1132 negaverint,
1295 1089 1422 1122 dubito.

91 1150 152 1173 nec
173 1142 281 1174 tamen
300 1143 531 1174 affirmaverim
545 1167 554 1182 ,
580 1142 704 1173 nullam
729 1142 907 1173 Germaniae
930 1150 1049 1172 venam
1072 1142 1241 1179 argentum
1265 1146 1424 1169 aurumve

91 1192 221 1231 gignere
234 1203 242 1230 ;
257 1193 329 1232 quis
345 1193 430 1223 enim
446 1193 613 1224 scrutatus
628 1194 678 1223 est
691 1192 723 1223 ,Μ
746 1193 948 1223 possessione
962 1194 994 1221 et
1010 1199 1071 1221 usu
1087 1189 1172 1220 haud
1187 1187 1320 1229 perinde
1334 1187 1344 1204 ⁵
1361 1187 1425 1218 affi-

91 1238 234 1271 ciuntur.
252 1242 303 1271 est
316 1239 426 1271 videre
440 1241 524 1280 apud
540 1240 613 1271 illos
627 1241 779 1279 argentea
792 1248 866 1270 vasa
880 1263 888 1278 ‚
912 1238 1025 1278 legatis
1048 1239 1080 1268 et
1094 1235 1296 1277 principibus
1311 1243 1423 1267 eorum

92 1287 219 1317 muneri
233 1287 326 1325 data,
343 1296 407 1318 non
422 1288 456 1318 in
469 1287 532 1318 alia
546 1288 675 1318 vilitate
688 1288 699 1305 ¹³
718 1296 816 1327 quani
831 1295 905 1327 quae
925 1285 1025 1316 humo
1044 1284 1220 1324 finguntur.
1238 1291 1424 1323 quanquam

91 1333 251 1373 proximi⁷
278 1334 320 1365 ob
339 1343 432 1365 usum
452 1335 724 1365 commerciorum
744 1342 860 1364 aurum
878 1336 911 1364 et
927 1335 1096 1372 argeutum
1119 1332 1152 1362 iu
1177 1331 1280 1371 pretio
1304 1330 1425 1361 liabent

92 1380 278 1421 formasque
288 1381 298 1398 ⁸
315 1382 472 1422 quasdam
488 1385 609 1413 nostrae
624 1383 771 1422 pecuniae
785 1383 964 1421 agnoscunt
978 1382 1076 1420 atque
1090 1379 1214 1418 eligunt
1230 1388 1237 1408 :
1254 1378 1425 1409 interiores

91 1427 269 1467 simplicius
283 1431 314 1459 et
326 1429 490 1469 antiquius
503 1430 743 1469 permutatione
756 1428 916 1459 mercium
933 1430 1082 1459 utuntur.
1099 1426 1270 1467 pecuniam
1288 1425 1425 1465 probant

92 1477 236 1506 veterem
253 1477 285 1507 et
302 1475 356 1506 diu
375 1478 506 1515 notam,
524 1479 664 1508 serratos
679 1478 689 1494 '³
716 1476 909 1515 bigatosque
925 1475 963 1506 ¹⁰.
990 1477 1158 1514 argentum
1175 1482 1304 1514 quoque
1322 1472 1424 1512 magis

92 1531 190 1563 quam
212 1532 326 1553 aurum
350 1526 530 1563 sequuntur
546 1525 587 1563 ¹¹,
606 1524 694 1554 nulla
710 1524 884 1555 affectione
901 1522 1018 1561 animi,
1036 1523 1091 1553 sed
1109 1522 1186 1561 quia
1205 1529 1360 1552 numerus
1377 1528 1424 1550 ar-

92 1572 281 1610 genteorum
299 1571 421 1602 facilior
441 1571 515 1602 usui
533 1574 582 1602 est
602 1571 789 1612 promiscua
809 1580 846 1602 ac
865 1570 942 1601 vilia
959 1569 1190 1601 mercantibus.

132 1622 187 1649 VI.
207 1622 252 1649 Ne
275 1618 393 1649 ferrum
417 1618 550 1658 quidem
572 1621 718 1659 superest
732 1619 756 1657 ¹,
775 1619 861 1650 sicut
880 1627 920 1649 ex
947 1627 1063 1657 genere
1088 1617 1226 1648 telorum
1248 1615 1422 1654 colligitur.

92 1666 156 1696 rari
169 1665 283 1705 gladiis
298 1668 354 1696 aut
366 1666 545 1704 majoribus
558 1666 681 1697 lanceis
695 1666 706 1683 ²
722 1668 860 1697 utuntur
875 1676 882 1697 :
897 1666 1024 1703 hastas,
1039 1665 1090 1696 vel
1106 1665 1248 1704 ipsorum
1264 1662 1423 1694 vocabulo

75 1710 266 1752 frameas,
285 1716 400 1751 gerunt
422 1714 558 1752 angusto
582 1715 615 1745 et
635 1713 726 1745 brevi
747 1714 851 1753 ferro,
869 1713 925 1744 sed
941 1713 985 1744 ita
1001 1712 1067 1743 acri
1087 1715 1119 1743 et
1133 1711 1172 1743 ad
1189 1719 1284 1742 usum
1302 1709 1400 1741 habili
1413 1732 1424 1749 ,

93 1834 158 1853 cans
171 1829 358 1853 clamorem.—-
367 1835 387 1853 ⁴.
405 1830 442 1853 Ab
456 1830 608 1854 Ulixe—5.
622 1829 782 1858 inscriptum
798 1824 967 1858 Ὀδυσσεὺς
985 1822 1174 1863 Λαερτιάδης
1191 1827 1242 1851 sibi
1255 1826 1422 1850 videbantur

92 1871 244 1894 agnoscere
257 1865 295 1888 illi
315 1865 436 1889 Graeculi.
451 1865 579 1889 Nescitur
592 1870 625 1888 an
640 1864 685 1887 illo
697 1865 751 1892 jani
766 1866 889 1893 tempore
903 1864 1042 1887 Germanis
1061 1864 1088 1886 in
1111 1868 1160 1885 usu
1182 1862 1284 1886 fuerint
1298 1867 1381 1886 runae
1395 1863 1423 1886 et

92 1900 212 1925 Gothicae
224 1900 330 1927 litterae,
346 1899 486 1929 ceteroqui
501 1900 599 1924 Graecis
612 1901 703 1927 specie
718 1904 772 1922 non
786 1898 931 1922 absrmiles.

122 1936 163 1959 lv.
180 1941 199 1959 ι.
213 1936 365 1963 JuvenaliS,
381 1936 468 1959 satir.
482 1936 588 1963 X111,v.
604 1939 644 1958 ¹6⁴
659 1940 733 1963 seqq.
747 1941 752 1957 z

328 1971 428 1995 Caerula
443 1971 501 2001 quis
514 1971 616 2000 stupuit
631 1971 756 1994 Germani
768 1969 878 1998 lumina,
892 1970 987 1993 navam

327 2007 465 2030 Caesariem
480 2008 507 2030 et
523 2006 629 2030 madido
647 2007 819 2035 torquentem
833 2011 935 2029 cornua
950 2004 1041 2028 cirro?

328 2043 429 2071 Nempe
442 2042 514 2071 quod
527 2042 584 2065 haec
597 2041 650 2066 iuis
664 2042 759 2065 natura
775 2043 817 2065 est
827 2040 951 2065 omnibus
965 2045 1027 2064 una.

95 2082 146 2100 —2.
160 2078 261 2107 Repete
275 2078 409 2101 tolerare.

121 2113 150 2135 v.
170 2119 189 2136 ι.
208 2114 254 2137 Est
269 2113 477 2138 substantivum.
488 2118 549 2137 —2.
563 2118 605 2138 sc.
621 2114 684 2137 sunt
697 2119 727 2137 ea
741 2118 851 2142 pecora.
864 2126 890 2129 —
902 2118 923 2136 5.
945 2113 1087 2136 Poetarum
1101 2111 1193 2136 'dictio
1215 2110 1249 2134 de
1269 2110 1418 2134 cornubuS.

91 2148 174 2176 Suus,
188 2149 213 2172 ei
226 2149 319 2178 generi
331 2149 499 2178 proprius.—
509 2154 531 2173 4.
546 2150 611 2173 Nam
625 2149 697 2178 quod
715 2148 748 2171 de
765 2154 818 2172 uno
834 2149 937 2172 tantum
958 2147 1018 2171 loco
1032 2148 1126 2171 narrat
1141 2147 1248 2172 Arznal.
1262 2146 1297 2169 xt
1311 2164 1315 2174 ‚
1329 2149 1357 2168 20
1370 2163 1375 2172 ‚
1392 2145 1421 2167 ct

90 2183 161 2206 intra
174 2189 197 2206 c.
211 2188 248 2213 29,
263 2184 306 2208 hic
317 2185 351 2208 de
365 2185 490 2209 universa
504 2185 646 2209 Germania
661 2184 773 2213 loquens
789 2185 864 2207 recte
878 2183 1005 2213 neglexit.
1021 2196 1047 2199 —
1065 2189 1088 2206 ις.
1103 2184 1144 2206 Sc.
1160 2188 1192 2206 ac
1207 2188 1255 2206 nos
1268 2179 1418 2205 Romani-—

91 2222 113 2240 6.
134 2218 232 2242 Eadem
247 2219 364 2248 vilitate,
376 2226 430 2244 non
443 2220 527 2250 pluris
539 2220 679 2243 aestimata.
689 2232 717 2235 —
729 2224 751 2243 ⁷.
772 2220 814 2243 Sc.
829 2220 952 2243 Romanis
962 2237 968 2247 ,
984 2219 1103 2243 Rhenum
1125 2220 1152 2242 et
1168 2217 1319 2241 Danubium
1334 2219 1417 2238 acco-

91 2252 187 2276 lentes·
198 2266 225 2270 -
237 2260 258 2277 8-
272 2250 403 2287 Τύπους.
418 2269 445 2272 -
455 2261 477 2279 a.
492 2256 635 2283 Demi-ios,
652 2261 765 2284 quorum
780 2261 826 2279 ora
842 2255 961 2279 exterior
974 2255 1000 2278 in
1013 2260 1095 2278 serrae
1109 2253 1218 2277 modum
1232 2253 1326 2276 incisa.
1337 2263 1366 2267 —
1378 2255 1416 2273 io.

91 2287 192 2316 Quibus
212 2289 333 2319 bigarum
353 2292 416 2315 nota
434 2290 571 2321 impressa.
593 2291 707 2318 Plinius.
727 2290 800 2314 Hist.
824 2291 884 2314 nat.
899 2290 1026 2318 xxxiii,
1045 2295 1090 2313 ist
1111 2289 1188 2313 Nota
1201 2286 1317 2317 amenti
1329 2286 1417 2316 suere

91 2323 160 2352 biyoe
169 2325 254 2354 atque
266 2325 423 2355 quadriqoe,
437 2327 465 2350 et
476 2327 542 2350 inde
555 2326 643 2356 biyati
656 2326 880 2355 quadriyatiqzce
893 2325 1002 2349 dicti.—
1012 2331 1019 2349 ι
1028 2331 1047 2348 ι.
1060 2325 1215 2352 sectantur,
1231 2322 1371 2353 expetunt.

120 2359 163 2384 Vl.
181 2364 202 2384 ι.
216 2360 295 2389 Apud
305 2366 352 2385 eos
364 2362 523 2388 abundat-
531 2368 557 2388 2.
572 2363 635 2392 Quae
647 2363 725 2387 crant
735 2361 825 2386 latiori
837 2361 947 2392 cuspide
955 2368 962 2390 ;
970 2361 1101 2391 frameae,
1116 2360 1240 2390 angusta.
