1539 2668
151 172 191 203 68
545 171 679 200 TACITI
701 170 910 201 ANNALIUM
932 172 1005 200 LIB.
1030 173 1086 202 111.

150 243 313 277 exercitus
330 244 497 285 profectus
514 245 582 285 est,
600 244 715 276 erectis
736 245 881 277 omnium
897 245 1014 278 animis
1032 245 1178 287 petendae
1199 254 1218 279 e
1238 246 1353 279 Pisone
1380 249 1477 280 ultio-

146 291 211 323 nis'
219 316 229 332 ‚
239 294 271 322 et
283 291 396 324 crebro
410 292 541 332 questu,
553 304 568 319 «
580 291 667 332 quod
680 301 780 332 vagus
791 292 920 325 interim
933 302 989 333 per
997 302 1123 324 amoena
1136 293 1218 324 Asiae
1228 296 1325 334 atque
1334 296 1474 336 Achaiae,

149 349 167 364 κ
185 339 346 379 arroganti
358 341 391 371 et
406 339 540 371 subdola
559 348 649 370 mora
660 339 816 371 scelerum
831 340 1036 380 probationes
1052 341 1263 372 subverteret.
1287 354 1302 368 ν
1318 350 1393 373 nam
1409 344 1477 375 vul-

146 386 257 424 gatum
281 388 369 426 erat,
409 387 564 424 missam,
593 388 629 416 ut
657 386 743 426 dixi,
761 395 779 418 a
793 390 850 418 Cn.
870 387 977 419 Sentio
1000 388 1157 419 famosam
1177 388 1341 419 veneficiis
1369 390 1475 421 Marti-

145 441 220 463 nam
245 433 352 464 subita
375 434 479 464 morte
496 432 659 464 Brundisii
683 433 875 466 exstinctam
885 459 894 475 ‚
912 443 1140 475 venenumque
1152 435 1239 466 nodo
1252 435 1392 467 crinium
1408 437 1476 477 ejus

145 479 363 520 occultatum,
384 488 444 511 nec
461 480 526 511 ulla
550 480 583 511 in
598 489 730 521 corpore
744 481 835 521 signa
850 482 971 522 sumpti
987 482 1078 514 exitii
1093 485 1227 523 reperta.

187 530 271 558 VIII.
297 528 338 559 At
351 527 443 566 Piso,
458 527 628 567 praemisso
651 528 686 559 in
703 528 823 560 Urbem
843 529 931 569 filio,
958 528 1110 569 datisque
1139 530 1302 561 mandatis
1327 539 1385 570 per
1402 539 1476 570 quae

143 572 328 614 Principem
344 574 505 613 molliret,
523 574 561 605 ad
576 579 718 606 Drusum
736 576 840 616 pergit
855 585 863 606 :
878 584 974 616 quem
988 576 1076 607 haud
1091 576 1099 594 ¹
1120 576 1227 608 fratris
1248 577 1382 608 interitu
1410 579 1477 608 tru-

144 627 217 651 cem
230 644 238 660 ‚
256 630 354 661 quam
370 623 495 652 remoto
518 622 637 653 aemulo
653 623 828 662 aequiorem
847 623 908 654 sibi
931 623 1095 663 sperabat.
1113 623 1263 655 Tiberius
1275 647 1285 663 ,
1309 632 1373 663 quo
1395 623 1476 655 inte·

144 675 238 706 grum
252 667 410 707 judicium
428 670 632 709 ostentaret,
649 670 821 710 exceptum
839 670 975 701 comiter
1001 671 1153 710 juvenem
1175 672 1267 702 sueta
1295 679 1369 710 erga
1393 670 1477 701 tilios

143 713 341 746 familiarum
355 715 479 747 nobiles
495 715 687 748 liberalitate
700 718 807 757 auget.
823 721 947 748 Drusus
969 716 1103 756 Pisoni,
1120 719 1150 748 si
1165 726 1248 749 vera
1257 717 1383 757 forent
1399 725 1477 758 quoe

136 760 366 802 jacerentur,
384 764 606 803 praecipuum
622 765 658 794 in
675 763 791 795 dolore
805 773 907 796 suum
932 764 1043 795 locum
1068 764 1256 804 respondit;
1285 763 1345 795 sed
1365 763 1475 795 malle

136 807 240 853 salsa
253 811 287 841 et
302 811 436 849 inania,
452 818 512 842 nec
529 812 694 851 cuiquam
703 813 849 843 mortem
867 813 1060 843 Germanici
1075 813 1266 844 exitiosam.
1283 811 1354 842 haec
1369 810 1475 850 palam

143 856 177 887 et
190 855 293 887 vitato
306 857 396 887 omni
413 860 557 897 secret03
571 867 677 898 neque
688 858 921 890 dubitabantur
934 859 1123 899 praescripta
1139 859 1167 890 ei
1181 868 1199 889 a
1213 858 1357 898 Tiberio,
1374 866 1475 898 quum

142 903 314 936 incallidus
328 905 449 944 alioqui
463 907 495 936 et
510 906 614 938 facilis
627 907 762 946 Juventa
778 907 935 939 senilibus
951 911 1020 940 tum
1036 907 1160 939 artibus
1174 908 1330 939 uteretur.

184 954 237 982 IX.
262 951 358 989 Piso,
373 952 552 984 Dalmatico
567 954 649 984 mari
678 953 852 990 tramisso,
878 954 1067 995 relictisque
1088 954 1175 994 apud
1201 957 1367 985 Anconam
1387 953 1477 985 navi-

141 997 217 1037 bus,
233 1006 289 1038 per
308 998 462 1030 Picenum
481 1008 520 1031 ac
536 1008 613 1031 mox
629 1000 819 1031 Flaminiam
837 1001 925 1032 viam
947 1001 1132 1041 assequitur
1155 1001 1311 1040 legionem
1324 1025 1333 1041 ,
1360 1009 1433 1041 quae
1457 1007 1475 1031 e

142 1045 309 1076 Pannonia
322 1045 357 1076 in
370 1045 504 1085 Urbem,
521 1046 599 1078 dein
616 1047 767 1088 praesidio
790 1048 905 1079 Africae
926 1048 1106 1079 ducebatur
1125 1058 1133 1078 ε
1161 1057 1261 1088 eaque
1285 1057 1334 1079 res
1357 1047 1475 1088 agitata

142 1092 347 1131 rumoribus,
364 1095 406 1124 ut
421 1094 458 1124 in
472 1096 609 1134 aqmine
626 1097 731 1135 atque
745 1096 872 1126 itinere
889 1095 1006 1127 crebro
1028 1104 1062 1126 se
1076 1095 1249 1126 militibus
1272 1096 1473 1126 ostentavis-

141 1140 194 1170 set
208 1139 232 1170 ¹.
248 1139 288 1171 ab
304 1139 423 1171 Narnia
440 1140 583 1172 vitandae
596 1141 790 1180 suspicionis
806 1166 815 1180 ‚
834 1150 874 1172 an
891 1142 969 1181 quia
988 1141 1116 1181 pavidis
1132 1141 1268 1172 consilia
1291 1141 1324 1172 iu
1349 1141 1475 1173 incerto

141 1188 239 1226 sunt,
256 1190 338 1218 Nare
359 1195 397 1218 ac
412 1195 490 1217 mox
506 1187 615 1219 Tiberi
633 1187 787 1218 devectus
803 1188 894 1218 auxit
910 1188 998 1227 vulgi
1017 1188 1081 1219 iras
1094 1212 1102 1227 ‚
1122 1188 1197 1228 quia
1215 1196 1332 1219 navem
1346 1188 1474 1219 tumulo

141 1236 307 1266 Caesarum
320 1233 331 1251 ²
352 1234 536 1274 appulerat3
553 1234 670 1273 dieque
683 1235 716 1264 et
731 1233 800 1273 ripa
814 1234 972 1274 frequenti
988 1234 999 1252 ³
1013 1258 1022 1273 ‚
1038 1243 1154 1273 magno
1168 1234 1333 1266 clientium
1348 1234 1475 1275 agmine

141 1279 231 1320 ipse,
249 1280 443 1311 seminarum
458 1281 614 1311 comitatu
632 1281 801 1321 Plancina,
817 1282 850 1312 et
865 1282 960 1312 vultu
982 1281 1104 1312 alacres
1119 1281 1291 1313 incessere.
1312 1281 1374 1313 suit
1391 1282 1475 1312 inter

142 1326 346 1358 irritamenta
362 1327 495 1358 invidiae
508 1328 626 1358 domus
643 1327 714 1358 soro
730 1328 915 1367 imminens,
932 1328 1014 1359 festa
1029 1330 1147 1358 ornatu
1163 1327 1173 1345 ⁶
1188 1350 1198 1367 ,
1220 1328 1474 1369 conviviumque

142 1377 174 1405 et
187 1374 290 1413 epulae
300 1397 309 1412 ‚
324 1376 356 1404 et
372 1373 557 1405 celebritate
571 1374 632 1404 loci
645 1374 728 1404 nihil
745 1375 924 1406 occultum.

183 1424 222 1451 x.
246 1422 375 1451 Postera
392 1420 443 1451 die
459 1420 623 1451 Fulcinius
637 1420 711 1451 Trio
726 1421 877 1452 Pisonem
904 1420 988 1461 apud
1006 1420 1158 1453 consules
1181 1420 1372 1461 postulavit.
1396 1430 1474 1452 con-

140 1469 192 1499 tra
214 1466 363 1498 Vitellius
378 1476 414 1498 ac
430 1467 588 1498 Veranius
602 1491 610 1506 ,
626 1468 791 1508 ceterique
812 1469 1040 1500 Germanicum
1061 1468 1207 1499 comitali
1235 1468 1412 1499 tendebant
1438 1468 1445 1486 ¹
1464 1492 1473 1507 ‚

141 1514 263 1546 nullas
273 1522 342 1545 esse
357 1516 476 1553 partes
494 1515 609 1545 Trioni
622 1526 635 1553 ,·
649 1523 757 1555 neque
770 1523 804 1546 se
819 1517 1058 1555 accusatores,
1080 1515 1138 1546 sed
1155 1523 1274 1546 rerum
1294 1515 1423 1547 indices
1440 1517 1473 1547 et

143 1562 245 1592 testes
258 1561 431 1592 mandata
449 1562 645 1592 Germanici
655 1562 867 1601 perlaturos.
880 1562 932 1593 ille
945 1562 1082 1594 dimissa
1096 1562 1167 1601 eJus
1182 1570 1289 1593 causae
1299 1561 1472 1600 delatione,

142 1610 184 1641 ut
200 1609 357 1648 priorem
378 1609 489 1639 vitam
503 1610 707 1648 accusaret,
724 1609 885 1648 obtinuit,
906 1610 1106 1649 petitumque
1130 1611 1177 1640 est
1199 1618 1218 1640 a
1239 1608 1407 1650 Principe,
1423 1618 1474 1642 co-

141 1656 329 1697 ynitionem
342 1656 513 1695 exciperet
526 1654 551 1685 ².
574 1655 659 1695 quod
677 1664 717 1686 ne
733 1665 809 1687 reus
826 1656 957 1696 quidem
981 1656 1144 1687 abnuebat
1158 1680 1166 1695 ‚
1186 1655 1295 1687 studia
1312 1656 1422 1696 populi
1439 1657 1472 1688 et

141 1704 276 1735 Patrum
298 1703 446 1733 metuens
465 1711 473 1732 :
492 1704 604 1734 contra
618 1702 630 1720 ³
660 1703 829 1735 Tiberium
844 1703 1048 1744 spernendis
1071 1702 1270 1735 rumoribus
1291 1703 1451 1735 validum
1463 1726 1473 1741 ,

142 1751 177 1781 et
192 1751 409 1781 conscicntice
424 1751 549 1780 matris
562 1748 573 1767 ⁴
590 1751 758 1781 innexum
774 1759 844 1782 esse
854 1763 867 1789 ;
882 1743 1031 1791 variique
1045 1752 1109 1781 aut
1122 1751 1159 1780 in
1173 1749 1325 1780 deterius
1338 1746 1473 1782 credita

133 1796 253 1836 judice
263 1796 307 1827 ab
320 1795 717 1835 unosaciliusfdiscerni,
735 1797 855 1829 odium
866 1799 898 1829 et
911 1797 1079 1828 invidiam
1093 1796 1190 1837 apud
1200 1797 1327 1827 multos
1341 1797 1470 1828 valere.

142 1842 235 1875 Haud
251 1842 382 1874 fallebat
400 1842 565 1874 Tiberium
579 1844 681 1875 moles
696 1844 908 1883 cognitionis,
933 1853 1062 1884 quaque
1079 1843 1146 1883 ipse
1170 1843 1255 1874 sama
1280 1842 1472 1875 distrahere-

143 1891 208 1921 tur.
227 1889 324 1927 igitur
339 1889 451 1930 paucis
464 1889 671 1921 familiarium
688 1891 854 1930 adhibitis,
871 1890 976 1922 minas
995 1890 1218 1921 accusantium
1233 1891 1266 1921 et
1283 1889 1359 1921 hinc
1375 1889 1385 1908 ⁵
1404 1898 1472 1930 pre·

142 1945 196 1969 ces
211 1936 313 1972 audit,
331 1936 554 1976 integramque
572 1946 703 1968 causam
718 1937 759 1968 ad
775 1940 924 1969 senatum
942 1937 1088 1969 remittit.

183 1987 235 2015 XI.
261 1985 367 2024 Atque
381 1983 509 2014 interim
527 1988 651 2015 Drusus
668 1984 795 2016 rediens
811 1984 959 2024 Illyrico,
982 1992 1179 2024 quamquam
1203 1984 1313 2016 Patres
1330 1982 1471 2015 censuis-

142 2032 215 2062 sent
231 2030 270 2061 ob
294 2032 471 2070 receptum
499 2031 756 2064 Maroboduum
773 2033 806 2064 et
823 2040 877 2063 res
889 2033 1009 2072 priore
1032 2032 1154 2063 aestate
1177 2032 1290 2071 aestas
1305 2031 1346 2061 ut
1361 2038 1469 2061 ovans

141 2078 269 2115 iniret,
291 2076 439 2116 prolato¹
458 2078 581 2109 honore
596 2077 717 2110 Urbem
739 2078 884 2110 intravit.
909 2079 987 2110 Post
1012 2086 1088 2117 quae
1108 2085 1163 2108 reo
1187 2077 1227 2108 L.
1249 2078 1470 2116 Arruntium,

140 2124 191 2155 M.
212 2124 377 2155 Vinicium
391 2122 404 2142 ³
419 2147 430 2164 ‚
447 2126 602 2157 Asinium
619 2125 781 2165 Gallum,
796 2127 1019 2159 AEserninum
1034 2123 1259 2159 Marcellum,
1277 2125 1353 2155 Sex.
1370 2125 1469 2156 Pom-

171 2186 230 2210 vu.
246 2191 267 2210 ι.
280 2187 322 2210 Sc.
334 2191 424 2215 causa,
442 2188 565 2217 utsupra
579 2188 612 2217 Π,
624 2193 662 2212 oi.

172 2221 240 2245 Vlll.
257 2226 276 2245 ι.
288 2221 378 2245 Haud
389 2227 456 2251 cape
470 2228 586 2251 pronon
596 2225 663 2253 tam,
678 2225 792 2254 propter
807 2228 925 2253 sequens
937 2228 1032 2253 quam.

173 2256 219 2281 lx.
235 2261 258 2279 ι.
275 2257 394 2280 Gratiam
408 2262 502 2280 eorum
521 2260 683 2287 captans.-
695 2264 717 2283 2.
739 2260 769 2284 ln
783 2264 880 2288 campo
901 2259 1007 2286 Martio,
1027 2258 1099 2282 inter
1117 2257 1202 2286 rlpam
1219 2256 1324 2280 ‘ribei-is
1344 2257 1372 2281 et
1396 2256 1468 2281 viam

144 2291 314 2316 Flaminiam.
334 2303 362 2308 —
376 2296 400 2315 ³.
420 2292 457 2316 Eo
471 2294 593 2322 ternpore
607 2294 659 2317 diet
678 2296 706 2318 et
719 2300 751 2318 ea
767 2296 844 2324 parte
858 2294 932 2323 ripae,
950 2293 1047 2322 quihus
1063 2293 1216 2322 frequentia
1224 2292 1362 2316 hominurn
1373 2292 1469 2317 adesse

141 2325 226 2350 solet.
238 2338 265 2343 --
277 2330 299 2350 4.
315 2326 410 2355 Lauro,
424 2328 512 2355 sertis,
524 2334 637 2357 vespera
652 2331 742 2353 autem
755 2329 874 2354 lucernls
888 2330 950 2352 ante
962 2330 1051 2358 postes
1065 2329 1199 2357 appenslS.

175 2360 213 2385 x.
226 2366 247 2385 ι.
261 2361 474 2386 contendebant.
493 2364 531 2387 De
543 2364 642 2387 Trione
653 2364 726 2388 conr.
740 2365 772 2394 Η,
786 2369 825 2388 28.
834 2369 895 2387 -9,
918 2363 1122 2392 inquisitionem
1136 2368 1224 2386 causae
1236 2362 1394 2393 susciperet.
1405 2374 1432 2386 ,-
1444 2366 1467 2386 ³.

145 2395 189 2420 Sc.
200 2395 243 2419 his
255 2402 284 2419 se
297 2396 444 2422 solabatur.
458 2409 484 2416 -
503 2402 524 2421 ⁴.
540 2398 619 2422 Cont.
631 2399 662 2428 ll,
674 2404 701 2423 77
717 2400 745 2423 et
757 2404 796 2425 82.
808 2411 839 2417 —-
851 2405 875 2423 ις.
894 2400 926 2423 Et
939 2399 972 2423 ab
986 2399 1071 2423 altera
1084 2399 1171 2427 parte.

174 2431 220 2456 XI.
237 2436 257 2456 ι.
271 2431 407 2457 Dilato.——
417 2437 439 2457 2.
454 2432 531 2457 cont.
546 2434 637 2463 vlam.
650 2435 750 2459 Vltlose
763 2434 849 2459 codex
857 2434 1031 2459 Fulnicium.
1046 2438 1107 2463 ·—,z.
1119 2432 1229 2457 Dlversa
1242 2431 1467 2462 acuexcusandum
