1539 2668
626 111 842 140 GERMANIA.
1322 113 1386 143 447

65 180 236 222 plerosque
248 183 390 214 numinis
405 184 475 215 loco
488 182 641 214 habitam.
659 183 714 214 sed
728 186 759 215 et
772 184 849 215 olim
863 183 1026 215 Auriniam
1037 183 1048 202 ⁵
1063 184 1095 216 et
1109 185 1292 226 complures
1305 185 1383 218 alias

67 229 211 260 venerati
226 231 304 261 sunt
315 239 379 261 non
394 229 578 261 adulatione
589 254 598 270 ,
615 238 675 261 nec
687 232 845 271 tanquam
862 231 1005 262 facerent
1020 230 1094 262 deas
1106 232 1132 263 ⁶.

108 277 159 306 IX.
179 278 338 308 Deorum¹
362 277 502 309 maxime
517 277 710 308 Mercurium
734 277 880 317 colunt²‚
903 278 955 309 cui
980 278 1076 310 certis
1097 278 1211 310 diebus
1234 279 1384 312 humanis

65 328 197 361 quoque
217 324 328 355 hostiis
342 323 353 342 ³
379 324 470 355 litare
487 324 533 355 fas
550 323 680 355 habent.
704 325 871 356 Herculem
895 334 932 356 ac
954 328 1089 356 Martem
1102 325 1111 343 ⁴
1131 326 1291 357 concessis
1314 326 1384 357 ani-

67 368 204 400 malibus
220 370 359 410 placant.
376 379 451 411 pars
463 375 640 403 suevorum
667 373 700 402 et
725 371 800 402 Isidi
814 371 824 387 ³*
844 371 1012 403 sacrificat.
1031 372 1118 403 unde
1134 381 1232 404 causa
1249 375 1281 403 et
1296 373 1385 412 origo

66 417 233 456 peregrino
256 426 366 457 sacro,
388 426 500 458 parum
523 418 688 461 comperi,
715 419 776 449 nisi
801 419 886 458 quod
911 419 1037 459 signum
1060 419 1186 460 ipsum,
1202 420 1235 451 in
1252 419 1385 451 modum

66 463 239 495 LiburnaeG
255 465 448 505 figuratum,
471 466 566 497 docet
589 465 757 496 advectam
776 466 973 505 religionem.
992 468 1143 498 Ceterum
1160 476 1219 499 nec
1236 467 1387 499 cohibere
1421 463 1433 489 ’-

66 511 242 551 parietibus
253 511 330 542 deos
343 536 351 551 ,
369 521 477 553 neque
492 513 526 543 in
545 512 645 544 ullam
664 512 794 543 humani
813 513 876 543 oris
895 513 1033 553 speciem
1052 514 1228 546 assimilare
1241 539 1249 554 ‚
1266 523 1305 546 ex
1322 522 1388 544 ma·

66 557 233 597 gnitudine
249 559 446 590 coelestium⁷
468 559 677 590 arbitrantur.
696 559 787 590 lucos
804 568 839 590 ac
859 568 990 591 nemora
1009 563 1218 600 consecrant,
1239 562 1387 592 deorum-

65 613 129 645 que
142 605 326 637 nominibus
342 606 503 647 appellant
516 607 676 637 secretum
690 606 768 637 illud
784 631 791 645 ‚
806 606 893 646 quod
911 607 979 637 sola
996 609 1176 639 reverentia
1189 608 1343 639 videntssx

107 656 145 683 X.
163 653 313 692 Auspicia
338 656 507 694 sortesque
530 656 567 684 ut
588 653 645 693 qui
663 654 805 684 maxime
829 653 1012 685 observant.
1032 655 1167 686 sortium
1188 653 1388 686 consuetudo

65 699 198 738 simplex
217 709 223 729 :
239 700 360 739 virgam
376 700 539 739 frugiferae
554 700 661 731 arbori
679 701 819 730 decisam
838 701 868 731 in
885 701 1031 732 surculos
1045 702 1252 742 amputant¹,
1270 709 1390 741 eosque

66 746 150 777 notis
175 746 368 786 quibusdam
398 747 557 778 discretos
585 755 681 787 super
704 747 875 778 candidam
901 750 1027 779 vestem
1050 751 1173 780 temere
1193 758 1231 780 ac
1254 748 1390 780 fortuitu

64 797 230 833 spargunt.
252 802 328 824 mox
341 818 349 832 ,
371 794 398 825 si
416 794 547 834 publice
568 794 767 833 consulitur,
786 794 937 825 sacerdos
953 795 1117 834 civitatis3
1141 797 1191 827 sin
1213 795 1366 836 privatim
1380 819 1389 834 ‚

66 839 135 879 ipse
151 842 241 879 pater
258 841 390 872 familiae
404 843 554 881 precatus
571 841 648 872 deos
665 841 849 881 costumque
866 842 1045 881 suspiciens
1063 845 1111 873 ter
1127 843 1271 881 singulos
1288 843 1390 881 tollit,

64 885 210 917 sublatos
225 888 403 918 secundum
418 887 607 928 impressam
623 890 698 918 ante
711 890 821 918 notam
841 888 1083 927 interpretatur.
1100 889 1125 920 si
1140 889 1389 929 prohibuerunt,

65 933 150 964 nulla
166 933 206 964 de
222 933 333 965 eadem
349 943 382 965 re
398 935 428 965 in
446 934 587 966 eundem
604 934 691 965 diem
705 935 920 972 consultatio;
935 935 983 965 sin
1000 936 1192 975 permissum
1207 960 1214 974 ,
1231 936 1390 976 auspicio-

64 989 138 1012 rum
157 980 265 1012 adhue
279 981 359 1012 fides
376 981 525 1021 exigitur.
545 983 577 1013 et
592 982 670 1012 illud
685 981 814 1021 quidem
831 983 930 1013 etiam
949 982 1000 1012 hic
1018 983 1152 1020 notum,
1170 983 1280 1013 avium
1296 992 1392 1016 voces

64 1028 257 1068 volatusque
270 1028 479 1068 interrogare.
495 1029 665 1068 Proprium
683 1028 824 1068 gentis2‚
844 1037 1000 1069 equorum
1025 1038 1154 1069 quoque
1175 1030 1333 1069 prasagia
1356 1039 1392 1062 ac

64 1075 208 1106 monitus
233 1075 387 1115 experiri.
411 1075 540 1115 publice
559 1076 689 1106 aluntur
706 1075 820 1106 iisdem
846 1076 1033 1106 nemoribus
1051 1085 1088 1106 ac
1110 1076 1191 1107 lucis
1212 1077 1338 1108 candidi
1360 1079 1394 1109 et

63 1122 152 1153 nullo
172 1122 301 1153 mortali
322 1130 419 1162 opere
439 1122 603 1161 contacti,
624 1131 705 1162 quos
726 1131 855 1162 pressos
874 1131 965 1153 sacro
982 1132 1078 1153 curru
1090 1122 1101 1140 ³
1118 1123 1267 1154 sacerdos
1281 1132 1319 1154 ac
1333 1132 1394 1165 rex

64 1169 116 1200 vel
132 1169 284 1210 princeps
301 1170 443 1201 civitatis
459 1169 658 1200 comitantur
679 1170 892 1210 hinnitusque
911 1179 948 1201 ac
962 1171 1114 1201 fremitus
1130 1170 1316 1202 observant.
1334 1179 1394 1203 nec

63 1219 122 1250 ulli
140 1217 284 1258 auspicio
305 1219 408 1256 major
428 1217 506 1248 tides
523 1225 588 1247 non
607 1217 710 1247 solum
725 1217 810 1256 apud
826 1216 971 1256 plebem,
990 1216 1075 1257 apud
1090 1217 1100 1235 ⁴
1121 1226 1289 1257 proceres,
1307 1217 1395 1258 apud

64 1264 247 1297 sacerdetes
263 1274 271 1295 ε
286 1273 321 1295 se
334 1264 421 1295 enim
435 1263 618 1295 ministros⁴
644 1263 782 1294 deorum
793 1288 801 1302 ,
818 1264 891 1294 illos
909 1264 1055 1294 conscios
1076 1267 1200 1303 putant.
1219 1265 1272 1295 Est
1286 1266 1318 1295 et
1334 1264 1395 1295 alia

64 1310 248 1343 ohservaeio
271 1311 494 1351 auspiciorum
509 1335 517 1350 ‚
535 1320 598 1351 qua
618 1311 765 1350 gravium
787 1310 947 1341 bellorum
969 1315 1104 1341 eventus
1125 1312 1306 1351 explorant.
1326 1312 1394 1350 ejus

64 1359 188 1398 gentis,
212 1366 286 1388 cum
309 1367 373 1398 qua
396 1357 516 1389 bellum
534 1361 601 1397 est,
625 1358 791 1397 captivum
810 1367 943 1398 quoquo
968 1357 1064 1388 modo
1086 1357 1301 1397 interceptum
1319 1367 1393 1389 cum

64 1406 166 1436 electo
182 1405 391 1445 popularium
412 1413 546 1436 suorum
569 1405 681 1445 patriis
704 1413 865 1444 quemque
889 1405 987 1435 armis
1008 1404 1243 1435 committunt:
1259 1405 1394 1436 victoria

65 1451 161 1491 hujus
178 1452 227 1483 vel
242 1452 329 1483 illius
347 1460 406 1492 pro
422 1452 614 1492 praejudicio
630 1451 824 1491 accipitui·⁵.

64 1517 188 1542 vidimus
205 1517 322 1541 efficitur
336 1524 396 1541 cam
410 1519 519 1542 Romam
534 1518 616 1542 tuisse
629 1517 799 1547 perductam.
812 1529 840 1534 —-
850 1523 872 1541 5.
885 1517 1092 1546 Antiquissimus
1107 1517 1192 1542 codex
1206 1518 1395 1544 Auarimam;

64 1553 186 1577 nonnulli
204 1553 376 1577 Albrirziam.
392 1554 540 1577 Commune
561 1559 659 1577 nornen
674 1559 813 1581 magarum
828 1554 855 1576 et
867 1552 1039 1576 fatidicarum
1055 1552 1197 1576 mulierum
1211 1554 1237 1577 in
1252 1553 1395 1577 Germania

64 1588 155 1613 multis
170 1588 242 1616 (cum
255 1589 308 1612 levi
324 1589 529 1617 depravatione)
545 1591 734 1615 memoratum,
753 1589 888 1613 Alirunoe
900 1606 906 1617 ,
919 1594 968 1617 pro
982 1590 1077 1618 propio
1090 1589 1199 1612 nomine
1212 1589 1333 1612 habitum
1354 1589 1396 1612 est

62 1630 80 1648 ὃ
92 1625 194 1648 Τὸθίῑθ-
207 1625 343 1653 Virginem
355 1619 472 1651 Γάνναν
490 1625 533 1648 vel
550 1621 677 1652 Γαῠναν,
690 1630 750 1653 qua}
763 1624 869 1647 veicuae
885 1625 1055 1652 successerit,
1068 1625 1201 1647 memorat
1215 1625 1262 1647 Dio
1277 1625 1394 1648 Cassius.

63 1664 123 1683 -6,
139 1659 229 1686 Adde,
241 1660 288 1682 sed
302 1661 332 1682 ut
349 1665 407 1689 quae
422 1660 513 1683 essent
527 1659 646 1689 (collatis
660 1665 718 1689 quae
732 1660 804 1683 dicta
819 1662 882 1684 sunt
896 1660 969 1683 Hist.
986 1658 1094 1689 1V‚‘c=).
1108 1661 1223 1683 Senatus
1238 1665 1285 1688 per
1299 1660 1392 1684 adula-

63 1694 167 1718 tionem
175 1694 306 1722 sacz'ebat
318 1694 389 1723 deas,
400 1696 432 1718 ut
445 1694 588 1718 Drusillam
603 1694 730 1724 Caligulae
740 1701 862 1719 sororem
874 1697 901 1719 et
913 1695 1140 1725 quadrimestrem
1151 1694 1260 1718 filiolam
1275 1694 1394 1719 Neronis

63 1734 98 1753 ex
112 1731 234 1758 Poppaea.

94 1763 137 1789 lx.
154 1769 173 1788 ι.
185 1764 256 1793 Quos
267 1764 324 1792 ipse
336 1764 444 1787 Tacitus
458 1763 604 1788 confitetur
617 1764 688 1789 intra
702 1770 724 1788 c.
737 1770 764 1789 ⁴5
777 1771 806 1789 se
816 1771 968 1789 memorare
978 1771 1011 1789 ex
1025 1765 1251 1794 interpretatione
1266 1766 1392 1789 Romana.

64 1801 150 1824 Caesar
164 1798 230 1822 dces
243 1804 312 1827 quos
325 1800 440 1822 noverat
454 1804 509 1822 non
528 1800 632 1823 invenlt
645 1799 716 1828 apud
731 1805 791 1827 eos;
809 1800 881 1829 quod
898 1801 937 1823 sic
951 1801 1076 1828 testatur,
1092 1800 1162 1823 Bell.
1184 1800 1259 1824 Gall.
1278 1800 1325 1826 Vi,
1345 1804 1371 1823 2¹
1387 1817 1392 1826 ‚

65 1835 190 1859 Deorum
202 1839 323 1859 numero
336 1839 381 1858 eos
391 1834 464 1858 solos
481 1834 605 1861 ducunt,
619 1839 687 1863 quos
699 1836 826 1858 cernunt
836 1836 863 1858 et
876 1840 999 1863 quorum
1010 1836 1109 1863 aperte
1122 1835 1221 1863 opibus
1229 1834 1376 1864 juvantur
1386 1854 1392 1862 ,

64 1870 157 1895 Solem
170 1871 199 1893 et
211 1869 378 1893 Vulcanum
389 1870 418 1893 et
430 1869 541 1892 Lunam
552 1876 561 1891 :
574 1869 700 1898 reliquos
714 1875 748 1893 ne
756 1869 843 1898 sama
856 1869 969 1898 quidem
983 1870 1196 1898 acceperunt.—
1204 1874 1226 1892 2-
1243 1869 1317 1892 Adde
1329 1870 1391 1893 Caes.

65 1906 131 1930 ibid.
143 1910 166 1928 c.
183 1909 217 1928 Π.
233 1904 328 1928 Paulus
340 1905 475 1928 Diaconus
488 1910 494 1927 ε
512 1904 627 1927 'Voclan
640 1910 709 1927 sane
722 1904 779 1933 ipse
791 1903 891 1933 estqui
905 1904 984 1932 apud
995 1903 1135 1927 Romanos
1146 1903 1312 1927 Mercurius
1326 1904 1395 1927 clici-

65 1941 124 1964 tztr.
136 1939 212 1964 Unde
224 1939 353 1963 Mercurii
369 1939 426 1962 dies
439 1939 578 1963 Germanis
591 1939 654 1962 olim
678 1939 858 1968 Woczanstay
871 1957 876 1966 ‚
891 1938 962 1968 angl.
981 1939 1172 1968 lVednesday.
1185 1951 1213 1955 —
1224 1944 1244 1962 5,
1261 1940 1288 1962 ln
1301 1940 1394 1968 primis

65 1975 234 2005 captivorum
250 1976 277 1998 et
290 1980 441 1998 servorum.
451 1987 479 1990 —
490 1979 514 1998 4.
528 1974 657 1998 Hercules
672 1973 750 2003 (adde
765 1979 788 1997 c.
802 1979 815 1996 5
832 1973 902 2001 init.)
917 1974 962 2002 qui
981 1973 1064 1997 fuerit
1083 1974 1237 2001 Germanis,
1258 1973 1392 2002 ignorum.

64 2011 190 2035 Martem
211 2009 257 2033 alii
275 2010 332 2039 Tyr
346 2015 403 2033 esse
418 2010 531 2039 putant,
547 2009 618 2032 unde
644 2009 766 2038 Τῃειῖαρ,
782 2008 852 2037 angl.
871 2009 1015 2038 Tuesday,
1035 2009 1129 2032 Martis
1149 2009 1221 2034 dies:
1245 2008 1289 2031 alii
1309 2008 1392 2036 Ther,

63 2051 146 2075 quem
158 2045 234 2069 ,Iovis
246 2045 299 2068 diei
314 2044 477 2068 tribuerunt.
492 2045 568 2068 Frisii
580 2050 594 2068 a
611 2044 750 2068 Bonifacio
762 2044 892 2073 jubentur
905 2045 1011 2073 ejurare
1025 2044 1124 2072 patrios
1138 2043 1202 2067 deos
1220 2043 1355 2067 leunaer
1367 2045 1394 2067 ct

67 2080 192 2105 Wodan.
204 2093 232 2098 —
242 2086 264 2104 ε.
280 2080 394 2104 videtur
405 2086 464 2104 esse
477 2080 582 2109 Friqya
594 2086 625 2108 5.,
640 2079 733 2109 Freya
745 2098 750 2108 ‚
763 2079 842 2103 Odini
854 2085 930 2107 uxor,
945 2079 996 2102 dea
1007 2079 1078 2102 alma
1097 2078 1330 2102 scandinavorum
1342 2097 1347 2107 ,
1363 2081 1394 2103 ut

64 2116 111 2141 Isis
124 2116 316 2146 AEgyptiorum.
328 2116 402 2140 Unde
415 2116 528 2139 veneris
541 2115 599 2139 dies
610 2115 732 2144 Freitay.
745 2114 814 2144 angl.
831 2114 1005 2143 F⁷·iday.—e.
1020 2114 1158 2138 poeticum
1171 2119 1221 2143 pro
1233 2113 1393 2139 Liburnicae.

65 2152 189 2181 ignotum
204 2151 310 2180 qualem
321 2151 435 2175 formam
449 2151 563 2175 Romani
576 2156 626 2180 pro
640 2151 702 2174 navi
720 2150 849 2179 ceperint
870 2150 938 2173 Sunt
951 2150 997 2178 qui
1013 2150 1114 2173 Lunam
1134 2155 1150 2172 a
1170 2149 1273 2172 Caesare
1288 2149 1355 2175 (not.
1369 2150 1391 2179 ι)

65 2187 243 2211 memoratam
256 2186 308 2210 hue
321 2186 452 2211 referant.
465 2199 493 2203 -
503 2191 523 2210 7.
542 2186 657 2215 Dignum
671 2185 856 2214 magnitudine
870 2184 1030 2208 coelcstium.
1040 2196 1069 2201 -—
1081 2189 1103 2207 a.
1123 2183 1201 2208 cont.
1214 2183 1289 2208 Hist.
1303 2184 1322 2206 V
1333 2202 1339 2212 ,
1358 2189 1391 2212 επ

66 2221 98 2250 n,
112 2226 150 2245 ⁷⁸.

94 2257 127 2281 X.
144 2261 164 2280 ι.
179 2256 295 2280 similem
308 2253 504 2281 divinationem
518 2257 600 2281 etiam
614 2258 701 2281 Saerae
716 2257 822 2280 Litterae
834 2254 972 2284 produnt.
986 2254 1075 2278 Hosea
1085 2272 1092 2282 ,
1112 2254 1155 2283 lv,
1177 2258 1213 2277 12.
1223 2266 1253 2271 -
1263 2258 1287 2277 2.
1311 2251 1391 2276 Velut

66 2293 217 2317 Persarum.
228 2303 258 2308 —
267 2297 289 2315 3.
302 2292 391 2317 Poetis
401 2292 507 2322 propria
521 2292 624 2315 locutio
638 2297 695 2321 pro,
707 2291 866 2320 subjunctos
881 2290 979 2314 currui.
989 2295 1051 2313 —4.
1065 2289 1111 2312 Sic
1119 2288 1234 2312 validior
1248 2289 1290 2312 est
1302 2293 1390 2317 oppo-

65 2327 126 2351 sitio
137 2331 218 2356 quam
230 2327 253 2350 si
264 2327 409 2355 diceretur,
422 2327 471 2351 sed
484 2328 564 2356 apud
574 2333 718 2356 proceres.
735 2339 761 2344 -
772 2332 795 2352 5.
811 2326 930 2350 Eundem
947 2330 1010 2349 cum
1022 2324 1077 2349 hoc
1093 2323 1149 2348 rItu
1167 2323 1271 2348 fontem
1284 2322 1394 2348 habent

43 2392 46 2397 .
66 2362 147 2386 medii
160 2361 208 2386 aevi
221 2362 339 2387 ordalia
351 2363 407 2386 sive
413 2361 528 2392 judicia
542 2362 602 2386 Dei.
