1539 2668
532 93 570 122 A.
594 92 634 123 U·
657 92 692 123 C.
717 92 790 122 822.
814 92 850 123 A.
875 92 911 123 C.
935 94 986 125 69.
1361 99 1424 130 321

94 186 110 201 «
127 170 273 204 taveritis
294 178 301 200 :
317 167 479 200 difficilius
502 167 550 198 est
568 168 746 207 temperare
769 166 931 207 felicitati,
949 176 1012 208 qua
1028 167 1061 199 te
1077 177 1143 200 non
1161 169 1255 210 putes
1271 170 1327 202 diu
1345 181 1428 205 usu-

94 233 110 247 «
128 228 212 251 rum.
241 216 334 249 civile
359 215 478 247 bellum
501 222 520 245 a
544 213 672 245 Vitellio
697 213 813 254 coepit,
839 216 872 246 et
896 216 932 246 ut
956 214 996 246 de
1022 215 1203 257 principatu
1229 221 1431 253 certaremus

93 281 108 292 «ι
125 265 243 304 3111115,
269 263 396 295 initium
421 261 486 293 illic
501 260 512 278 ²
540 261 600 292 fuit
617 273 623 288 ι
641 270 682 292 ne
704 261 777 301 plus
801 271 899 302 quam
926 263 1026 294 semel
1052 265 1232 303 certemus,
1259 275 1355 306 penes
1373 277 1431 300 me

94 327 109 341 11
128 313 315 353 exemplum
341 310 413 342 erit.
441 309 518 340 hinc
546 309 707 340 Othonem
744 310 913 348 posteritas
943 310 1094 344 aestimet.
1125 312 1249 343 fruetur
1278 314 1430 346 Vitellius

96 375 109 388 α
130 361 227 392 fratre
240 384 248 399 ,
270 358 404 397 conjuge
417 380 426 395 ,
443 355 552 387 liberis
570 365 578 386 ε
598 355 675 386 mihi
695 364 760 387 non
778 357 899 389 ultione
917 367 1023 398 neque
1045 359 1167 391 solatiis
1187 368 1268 400 opus
1292 364 1350 392 est.
1373 362 1430 393 alii

96 420 111 434 «
129 407 250 439 diutius
266 405 436 445 imperium
450 402 635 435 tenuerint:
651 412 747 434 nemo
762 406 827 435 tam
843 404 967 437 fortiter
981 405 1155 447 reliquerit.
1171 416 1211 438 an
1226 417 1283 446 ego
1296 410 1429 441 tantum

95 468 111 481 «
130 459 281 486 Romanae
299 452 411 493 pubis,
426 453 476 483 tot
492 450 635 491 egregios
650 451 813 482 exercitus
837 454 936 484 sterni
954 463 1067 485 rursus
1087 456 1120 486 et
1143 455 1329 495 reipublicae
1348 457 1429 497 eripi

96 515 110 529 κ
128 502 248 543 patiar?
263 502 313 532 eat
334 500 386 530 hic
400 507 531 530 mecum
554 497 681 529 animus
695 498 720 537 ³,
744 500 910 539 tamquam
928 501 1062 541 perituri
1076 511 1134 542 pro
1150 511 1201 533 me
1220 502 1351 534 fueritis.
1371 503 1429 535 sed

97 563 113 577 «
131 551 197 581 este
220 547 419 587 superstites.
444 555 503 577 nec
526 546 580 576 diu
606 554 784 585 moremur,
814 555 871 586 ego
894 547 1151 581 incolumitatem
1177 551 1318 581 vestram
1334 574 1342 589 ,
1370 560 1435 582 vos*

96 610 111 624 «
129 595 343 627 constantiam
365 601 483 624 meam.
515 593 607 633 plura
631 593 670 624 de
693 593 848 625 extremis
866 594 953 634 loqui
973 605 1046 636 pars
1074 596 1212 636 ignaviae
1235 599 1295 628 est.
1319 599 1433 637 praeci·

97 656 111 670 κ
128 651 230 683 puum
252 641 476 673 destinationis
497 648 578 671 meae
596 640 832 672 documentum
857 642 970 673 habete
994 643 1081 683 quod
1097 644 1137 674 de
1153 644 1281 676 nemine
1298 654 1430 685 queror,

97 704 111 718 α
129 700 203 722 113111
221 690 370 720 incusare
384 687 461 719 deos
480 687 529 718 vel
548 687 694 718 homines
712 688 782 727 ejus
800 691 849 719 est
866 689 921 728 qui
941 690 1047 721 vivere
1063 691 1150 722 velit.
1172 703 1186 717 »

135 739 274 769 XLVIII.
290 735 377 767 Talia
391 735 536 774 locutus,
555 736 589 765 ut
608 734 725 775 cuique
742 737 820 767 aetas
835 739 892 767 aut
906 736 1065 776 dignitas,
1086 738 1221 769 comiter
1238 738 1433 780 appellatos,

79 787 187 817 virent
197 791 346 825 propere
359 791 425 813 neu
441 781 651 813 remanendo
668 784 760 814 iram
779 785 916 814 victoris
932 787 1151 824 asperarent,
1167 786 1303 825 juvenes
1320 789 1432 818 aucto-

95 833 209 870 ritate,
231 838 321 861 senes
341 829 492 869 precibus
509 828 683 867 movebat,
708 829 854 868 placidus
871 839 945 868 ore,
970 830 1150 870 intrepidus
1174 832 1298 871 verbis,
1316 834 1433 865 intem·

95 879 237 920 pestivas
255 885 390 908 suorum
413 875 562 906 lacrimas
579 883 742 907 coercens.
761 876 841 907 (lari
862 886 967 908 nares
985 886 1026 908 (cc
1043 878 1202 910 vehicula
1225 880 1434 913 ccbczmlibzcs

92 925 184 965 J'ubet
197 937 204 965 3
219 925 344 956 libellos
361 923 576 963 epistolasque
592 922 702 954 studio
718 932 792 963 erga
807 932 840 955 se
855 926 912 955 aut
930 925 962 955 in
976 924 1145 956 Vitellium
1162 928 1369 959 contumeliis
1386 930 1434 960 in-

95 973 200 1013 signes
219 971 347 1010 abolet3
372 970 524 1010 pecunias
549 970 715 1001 distribuit
732 980 826 1010 parce
849 980 909 1002 nec
936 974 970 1002 ut
991 972 1162 1012 periturus.
1189 982 1264 1004 mox
1288 975 1435 1007 Salvium

95 1020 325 1056 Cocceianum,
343 1018 449 1048 fratris
466 1017 586 1057 lilium,
605 1018 708 1058 prima
730 1018 876 1057 juventa,
905 1020 1066 1059 trepidum
1090 1021 1121 1051 et
1140 1023 1328 1052 nimi-entem
1349 1023 1434 1054 ultro

95 1068 214 1101 solatus
230 1067 295 1104 est,
310 1064 472 1096 laudando
485 1067 650 1104 pietatem
668 1066 754 1104 ejus,
775 1066 1201 1105 castigandoformidinem
1219 1081 1229 1100 .·
1250 1082 1263 1093 a
1280 1079 1319 1100 au
1338 1070 1438 1101 Vitel-

99 1128 114 1142 «
133 1115 213 1145 lium
229 1114 297 1144 tam
313 1112 446 1142 immitis
459 1111 557 1142 animi
573 1111 640 1142 fore
655 1115 689 1143 ut
709 1122 766 1152 pro
785 1113 940 1143 incolumi
955 1115 1022 1145 tota
1035 1114 1133 1145 domo
1151 1125 1190 1147 ne
1205 1116 1286 1147 banc
1300 1117 1434 1156 quidem

99 1177 113 1190 «
133 1161 191 1193 sibi
207 1160 339 1200 gratiam
355 1159 524 1190 redderet?
539 1159 653 1189 mereri
670 1168 703 1189 se
719 1160 867 1190 festinato
883 1160 971 1191 exitu
986 1161 1191 1193 clementiam
1208 1164 1354 1199 victori&
1369 1174 1433 1196 non

100 1222 115 1237 «ι
133 1210 218 1241 enim
245 1208 359 1239 ultima
385 1206 627 1246 desperatione,
656 1207 710 1237 sed
738 1208 892 1247 poscente
915 1208 1066 1247 proelium
1084 1211 1246 1250 exercitu,
1274 1212 1435 1244 remisisse

101 1255 321 1296 «reipublicae
348 1254 561 1285 novissimum
590 1262 712 1285 casum.
742 1255 820 1285 satis
845 1254 905 1285 sibi
933 1256 1089 1295 nominis,
1113 1258 1191 1289 satis
1213 1259 1346 1299 posteris
1366 1261 1435 1291 suls

99 1319 114 1330 «
132 1302 308 1335 nobilitatis
337 1301 520 1341 quaesitum.
552 1304 627 1341 post
654 1301 775 1341 Iulios,
801 1301 971 1341 Claudios,
996 1304 1142 1335 Servios¹
1174 1314 1209 1335 se
1233 1306 1374 1346 primum
1401 1308 1435 1337 111

101 1364 116 1378 a
134 1350 287 1381 familiam
310 1357 425 1379 11013111
449 1347 622 1388 imperium
647 1348 804 1379 intulisse.
832 1349 967 1388 proinde
991 1352 1097 1382 erecto
1123 1352 1230 1382 animo
1254 1357 1437 1392 capesseret

99 1411 115 1426 «
133 1397 234 1431 vitam
248 1420 256 1436 ,
277 1405 340 1427 neu
358 1397 512 1435 patruum
527 1395 589 1426 sibi
603 1396 765 1427 Othonem
782 1396 877 1428 fuisse
891 1399 947 1427 aut
961 1397 1206 1430 oblivisceretur
1221 1409 1362 1440 unquam
1378 1404 1435 1433 aut

101 1459 116 1474 «
133 1445 272 1477 1111111331
290 1443 490 1474 meminisset
503 1442 527 1474 ².
549 1456 564 1470 »

140 1496 243 1525 XLIX.
266 1492 343 1523 Post
357 1500 430 1531 quac
449 1490 581 1522 dimotis
596 1491 749 1523 omnihus
761 1491 895 1532 paulum
911 1492 1082 1533 requievit.
1101 1495 1196 1533 atque
1214 1495 1305 1526 illum
1325 1505 1436 1536 supre-

99 1549 170 1572 mas
184 1540 251 1580 jam
266 1547 360 1569 curas
375 1538 483 1569 animo
500 1538 704 1570 volutantem
726 1548 840 1579 repens
856 1540 1020 1571 tumultus
1038 1542 1175 1581 avertit,
1194 1543 1341 1574 nuntiata
1359 1552 1434 1575 con-

99 1587 294 1620 sternatione
308 1595 346 1618 31
360 1586 490 1617 licentia
505 1586 656 1617 militum
672 1596 812 1627 namque
825 1587 1021 1619 abeuntibus
1035 1588 1172 1620 exitium
1187 1590 1435 1631 minitabantur,

99 1634 298 1667 atrocissima
316 1634 348 1664 in
361 1637 387 1663 V
391 1642 425 1663 ei
427 1633 550 1673 ginium
567 1634 597 1664 11
611 1658 620 1674 ,
639 1643 735 1674 quem
754 1635 862 1665 clausa
878 1634 975 1665 domo
992 1635 1196 1668 obsidebant.
1212 1637 1375 1678 increpitis
1391 1648 1437 1670 se-

101 1681 231 1713 ditionis
254 1680 440 1712 auctoribus
463 1689 626 1720 regressus
652 1690 753 1712 xacax
757 1682 781 1712 1t
800 1681 990 1713 abeuntium
1011 1683 1181 1723 alloquiis,
1204 1683 1307 1716 donec
1324 1694 1438 1717 omnes

102 1728 246 1760 inviolati
263 1727 516 1767 digrederentur
536 1730 780 1768 19533135051115
801 1728 854 1760 die
879 1729 968 1760 sitim
988 1730 1109 1761 haustu
1130 1731 1242 1770 gelidae
1262 1741 1356 1771 aquae
1385 1742 1438 1765 se-

102 1775 202 1807 davit.
234 1776 305 1806 tum
335 1774 438 1805 allatis
465 1774 658 1814 pugionibus
687 1775 839 1815 duobus,
868 1786 971 1816 quum
996 1780 1172 1818 utrumque
1198 1782 1436 1820 pei-tentasset,

104 1823 244 1856 alterum
259 1820 356 1861 capiti
373 1820 528 1852 subdidit.
550 1822 582 1852 et
600 1822 767 1861 explorato
781 1823 847 1862 jam
868 1823 1030 1862 profectos
1045 1824 1184 1864 amicos,
1203 1828 1332 1857 noctem
1350 1827 1438 1866 quie-

102 1873 169 1904 tam
182 1894 191 1909 ,
207 1870 308 1909 utque
321 1867 513 1907 affirmatur,
528 1876 592 1898 non
606 1868 788 1900 insomnem
805 1869 870 1909 egit
885 1871 905 1900 ¹.
920 1870 990 1901 luce
1004 1871 1106 1910 prima
1119 1872 1151 1902 in
1170 1872 1288 1903 ferrum
1304 1876 1438 1913 pectore

102 1916 260 1949 incubuit.
277 1915 314 1948 ad
330 1915 487 1956 gemitum
505 1915 671 1948 morientis
690 1916 820 1956 ingressi
838 1916 943 1949 liberti
959 1918 1108 1959 servique
1124 1921 1156 1950 et
1171 1919 1295 1951 Plotius
1309 1920 1441 1954 Firmus

104 1963 245 2005 praetorii
262 1963 433 2003 praefectus
451 1971 552 1994 unum
565 1963 684 1994 vulnus
698 1963 859 1995 invenere.
876 1967 986 1996 Funus
1001 1966 1209 1997 maturatum.
1229 1967 1407 1999 ambitiosis
1421 1967 1435 1985 ²

103 2011 136 2044 id
160 2010 309 2051 precibus
326 2010 484 2050 petierat,
506 2018 548 2042 ne
568 2012 822 2051 amputaretur
839 2014 946 2052 caput
967 2012 1120 2044 ludibrio
1127 2013 1310 2053 futurum.
1333 2014 1437 2046 tulere

105 2065 222 2097 corpus
242 2056 403 2097 praetoriae
424 2057 572 2088 cohortes
598 2066 674 2089 cum
703 2058 852 2090 laudibus
873 2061 906 2090 et
930 2059 1090 2100 lacrimis,
1113 2060 1231 2092 vulnus
1253 2070 1437 2102 manusque

106 2105 174 2144 ejus
189 2104 426 2136 exosculantes.
445 2104 578 2145 quidam
596 2105 738 2137 militum
751 2107 846 2147 Juxta
865 2114 978 2146 rogum
1000 2106 1188 2140 interfecere
1203 2116 1250 2149 se,
1269 2117 1335 2141 non
1347 2117 1438 2141 noxa

106 2189 223 2220 probum
235 2190 440 2220 Imperatorem.
443 2194 495 2214 —2
511 2191 543 2215 In
555 2191 611 2219 illo,
623 2191 696 2216 Illius
705 2191 840 2222 partibus.
854 2206 882 2210 —
895 2198 917 2217 ³.
932 2193 1083 2218 persuasio

137 2224 254 2249 XLVIII.
277 2231 300 2250 1.
322 2225 407 2255 Julii‚
433 2227 578 2256 Augustus,
595 2227 729 2257 Tiberius,
754 2226 892 2258 Caligula:
918 2228 1043 2257 Claudii,
1058 2229 1195 2258 Claudius,
1217 2229 1307 2258 Nero;
1330 2229 1437 2261 Servii.

108 2258 203 2284 Galba.
218 2259 306 2285 Otho·
300 2261 445 2291 1mperium
460 2261 487 2285 in
498 2261 609 2286 Salvios
626 2262 731 2286 intulit
734 2267 778 2286 -2
802 2263 934 2288 Nimium
948 2264 1107 2289 meminisse
1127 2265 1199 2289 visus
1213 2265 1255 2288 est
1270 2265 1436 2295 Domitiano,

109 2299 155 2323 qul
169 2294 387 2325 interficljussit
405 2296 477 2327 quod
487 2297 579 2327 patrui
590 2298 709 2322 natalem
721 2298 928 2329 celebraverat;
939 2300 1048 2325 Sueton.
1063 2306 1089 2325 c.
1103 2306 1140 2325 ιο

139 2329 231 2353 XLIX.
249 2335 269 2353 1.
284 2331 335 2359 Ita,
347 2333 480 2361 quantum
491 2332 526 2356 ad
537 2335 660 2364 mortem,
677 2339 739 2360 eum
755 2334 859 2360 Catone
871 2334 1007 2361 Othonem
1021 2341 1184 2368 comparare
1199 2337 1291 2368 potuit
1302 2335 1442 2362 Martialis

111 2363 154 2392 vl,
173 2365 256 2395 epigr
272 2370 309 2390 52.
312 2371 364 2390 -2,
377 2366 592 2395 studiosissimis.
1233 2407 1292 2446 14⁴
