1539 2668
127 176 187 205 120
520 175 652 205 TACITI
674 174 883 205 ANNALrUM
904 176 977 205 LIB.
1001 176 1053 205 IV.

128 253 218 282 verat
244 249 484 290 projeceratque
502 249 536 281 in
552 250 691 281 insulam
711 249 890 282 Trimerum
912 250 997 282 haud
1022 250 1134 290 procul
1148 250 1258 290 Apulis
1278 251 1448 288 littoribus.

128 298 194 329 illic
215 297 329 336 viginti
356 297 450 328 annis
471 297 620 329 exsilium
645 297 814 337 toleravit,
840 300 991 337 Augustae
1014 307 1074 338 ope
1094 299 1288 338 sustentata3
1306 308 1378 339 quae
1390 301 1450 334 sso-

127 346 235 377 rentes
262 345 439 385 privignos⁵
455 353 556 384 quum
581 353 637 385 per
663 345 827 376 occultum
854 345 1082 384 subvertisset,
1108 345 1360 378 misericordiam
1378 357 1453 390 erga

129 392 266 424 afflictos
287 392 391 432 palam
408 391 601 423 ostentabat.

170 443 288 471 Lxxn.
316 439 433 470 Eodem
458 447 542 470 anno
570 438 681 479 Frisii,
710 439 962 471 transrhenanus
987 439 1148 480 populus,
1173 448 1285 480 pacem
1313 449 1452 484 exuere,

128 489 237 518 nostra
265 487 366 526 magis
395 485 528 517 avaritia
548 495 645 526 quarn
674 487 822 527 obsequii
842 486 1060 527 impatientes.
1083 487 1242 517 tributum
1270 487 1310 518 iis
1331 492 1454 522 Drusus

127 535 264 575 jusserat
278 533 440 565 modicum
456 543 514 573 pro
534 534 682 573 angustia
706 543 813 566 rerum
825 559 833 573 ‚
851 537 891 565 uc
906 536 941 565 in
959 542 1044 565 usus
1057 534 1231 566 militares
1245 537 1338 567 coria
1353 536 1454 569 boum

128 581 333 622 penderent,
350 590 413 611 non
429 581 551 612 intenta
574 581 766 622 cujusquam
787 590 863 613 cura
887 589 960 621 quae
978 580 1162 621 firmitudo,
1187 591 1260 621 quae
1282 591 1458 624 mensura,

129 627 233 658 donec
250 628 403 659 Olennius
416 637 432 659 e
451 628 725 668 primipilaribus,
746 628 892 668 regendis
910 627 1018 659 Frisiis
1041 628 1230 668 impositus,
1258 631 1356 669 terea
1371 639 1454 661 uro-

129 684 209 706 rum
224 676 229 692 ¹
253 675 368 715 delegit
382 684 521 714 quorum
535 675 575 706 ad
588 675 725 707 formam
743 675 976 714 acciperentur.
997 674 1029 706 id
1044 676 1114 706 aliis
1128 685 1256 715 quoque
1269 677 1454 709 nationibus

130 722 287 762 arduum,
307 722 392 762 apud
411 726 583 754 Germanos
596 723 759 754 difficilius
779 722 986 761 tolerabatur,
1002 724 1073 762 quis
1086 723 1263 762 ingentium
1277 723 1455 756 belluarum

131 771 250 801 feraces
266 771 385 810 saltus,
412 770 538 801 modica
564 770 651 802 domi
673 771 816 802 armenta
840 772 927 801 sunt.
951 779 989 801 ac
1011 770 1116 810 primo
1143 770 1242 801 boves
1259 771 1364 811 ipsos,
1379 781 1455 803 mox

129 826 235 856 agros,
254 819 417 857 postremo
434 827 568 858 corpora
585 819 757 858 conjugum
775 820 830 848 aut
848 817 1022 849 liberorum
1036 817 1169 849 servitio
1185 817 1365 849 tradebant.
1382 819 1456 851 hinc

130 865 176 895 113
194 866 224 895 et.
237 867 388 904 questus,
407 867 438 895 et
454 866 625 906 postquam
642 874 706 896 non
720 863 956 896 subveniebat²
962 864 1164 904 ‚remedium
1181 873 1220 896 ex
1237 864 1343 896 bello:
1361 867 1456 907 rapti,

131 912 323 951 quitribnto
343 912 354 930 ³
379 912 529 952 ader,ant
556 912 674 944 milites
699 913 732 944 et
758 912 903 952 patibulo
923 889 1022 943 affixi.
1049 912 1204 943 Olennius
1227 912 1366 944 infensos
1383 913 1457 953 fuga

129 959 308 1000 premnit,
326 962 473 1000 receptus
490 960 618 991 castello
632 959 684 991 cui
702 968 819 991 nomen
838 947 984 991 Flevum
1001 959 1009 977 ⁶
1030 963 1087 991 :et
1102 960 1187 990 haud
1203 960 1382 1000 spernenda
1395 960 1456 991 illic

131 1007 249 1039 civium
267 1007 494 1047 sociorumque
510 1016 624 1038 manus
642 1007 751 1038 littora
765 1007 882 1038 Oceani
901 984 1102 1046 praesidebat.

174 1057 304 1085 LXXIII.
335 1054 427 1093 Quod
442 1054 497 1085 ubi
518 1058 550 1085 L.
572 1054 729 1094 Apronio,
752 1054 910 1085 inferioris
926 1053 1104 1086 Germaniae
1127 1054 1326 1094 propraetori,
1351 1055 1457 1094 cogni-

130 1103 220 1140 tum,
240 1101 356 1133 vexilla
369 1101 529 1141 legionum
545 1110 562 1133 e
576 1102 738 1141 superiore
754 1101 920 1141 provincia
934 1101 1145 1141 peditumque
1159 1103 1191 1132 et
1206 1102 1351 1140 equitum
1366 1103 1459 1134 auxi-

131 1148 257 1179 liarium
273 1149 414 1179 delectos
431 1148 569 1186 accivit,
587 1158 624 1179 ac
641 1147 739 1179 simul
759 1151 933 1187 utrumque
956 1148 1133 1179 exercitum
1155 1148 1267 1178 Rheno
1289 1148 1460 1181 devectum

131 1195 239 1226 Frisiis
262 1196 393 1234 intulit,
419 1196 524 1226 soluto
541 1196 607 1235 jam
621 1195 743 1226 castelli
760 1194 885 1225 obsidio
901 1195 933 1225 et
946 1195 986 1225 ad
1002 1203 1061 1225 sna
1083 1194 1219 1225 tutanda
1241 1194 1392 1234 digressis
1412 1205 1461 1228 re·

132 1240 278 1273 bellibus.
306 1243 406 1282 Igitur
423 1242 569 1282 proxima
586 1241 736 1273 aestuaria
753 1241 920 1281 aggeribus
942 1243 974 1272 et
996 1242 1149 1281 pontibus
1165 1241 1364 1273 traducendo
1391 1251 1461 1282 gra-

131 1289 215 1319 viori
229 1290 348 1329 agmini
367 1289 483 1320 firmat.
509 1291 607 1329 atque
629 1289 759 1320 iuterim
776 1291 911 1328 repertis
930 1289 1041 1327 vadis,
1070 1289 1152 1319 alam
1175 1289 1415 1320 Canninefatem
1431 1289 1457 1328 ⁴,

132 1339 164 1367 et
180 1337 265 1376 quod
283 1336 427 1376 peditum
451 1340 684 1368 Germanorum
702 1336 785 1367 inter
800 1337 928 1367 nostros
956 1336 1118 1374 merebat,
1136 1336 1351 1375 circumgredi
1370 1339 1460 1376 terga

134 1384 274 1415 hostium
292 1383 384 1423 jubet
402 1393 409 1413 :
429 1384 483 1423 qni
498 1384 564 1423 jam
580 1383 648 1414 acie
661 1383 830 1423 compositi
846 1383 969 1422 pellunt
986 1382 1018 1412 vi
1033 1384 1155 1413 turmas
1168 1382 1303 1413 sociales
1321 1383 1460 1422 equites-

134 1439 196 1470 que
210 1431 370 1469 legionum
388 1430 531 1461 subsidio
556 1431 682 1461 missos.
701 1432 770 1461 tum
798 1433 860 1460 tres
884 1430 970 1460 leves
993 1429 1140 1459 cohortes
1158 1437 1195 1459 ac
1218 1438 1349 1460 rursum
1368 1430 1459 1469 duae,

133 1477 206 1508 dein
223 1480 367 1517 tempore
384 1477 551 1517 interjecto
570 1477 688 1507 alarius
706 1476 717 1494 ²
739 1485 837 1517 eques
863 1475 1042 1506 immissus.
1068 1476 1145 1506 satis
1170 1476 1286 1515 validi,
1311 1477 1337 1507 si
1363 1476 1461 1508 simul

134 1524 375 1562 ineulmissent,
391 1533 447 1563 per
472 1525 677 1555 intervallum
704 1524 916 1554 adventantes
931 1531 1035 1562 neque
1046 1523 1258 1553 constantiam
1273 1523 1462 1555 addiderant

134 1571 273 1603 turbatis
290 1573 321 1602 et
338 1580 455 1611 pavore
469 1571 658 1611 fugientium
672 1570 911 1602 auferebantur.
927 1570 1065 1609 Cethego
1080 1569 1235 1608 Labeoni,
1255 1570 1358 1609 legato
1369 1571 1461 1611 quin-

134 1621 177 1650 ta*
192 1618 339 1658 legionis,
355 1619 440 1657 quod
458 1618 616 1658 reliquum
634 1618 826 1649 auxiliorum
839 1642 848 1657 ,
870 1617 969 1648 tradit
990 1626 997 1647 :
1024 1619 1121 1657 atque
1138 1616 1190 1648 ille
1208 1617 1306 1647 dubia
1326 1626 1459 1648 suorum

134 1674 168 1696 re.
184 1666 217 1695 in
233 1674 349 1705 anceps
367 1667 489 1696 tractus
502 1689 510 1703 ‚
528 1665 635 1696 missis
659 1665 781 1696 nuntiis
793 1690 801 1704 ,
818 1665 886 1695 vim
908 1664 1070 1703 legionum
1087 1664 1290 1704 implorabat.
1310 1673 1459 1704 prorum-

134 1714 216 1753 punt
233 1712 378 1752 quintani
397 1715 470 1743 ante
487 1713 585 1752 alios,
609 1716 639 1743 et
656 1712 719 1743 acri
745 1721 852 1752 pugna
876 1712 966 1742 hoste
989 1711 1082 1751 pulso
1095 1735 1103 1750 ,
1130 1711 1288 1750 recipiunt
1312 1711 1461 1743 cohortes

135 1760 265 1798 alasque
283 1759 381 1790 fessas
399 1759 598 1790 vulneribus.
620 1768 725 1798 neque
744 1759 811 1789 dux
828 1763 992 1790 Romanus
1007 1758 1111 1789 ultum
1130 1757 1166 1788 iit
1179 1761 1235 1788 aut
1251 1767 1385 1798 corpora
1399 1758 1461 1789 hu-

133 1807 252 1845 mavit,
271 1815 468 1845 quamquam
483 1806 576 1837 multi
590 1806 793 1837 tribunorum
812 1806 1104 1846 praesectorumque
1119 1806 1149 1835 et
1168 1805 1307 1843 insignes
1326 1806 1336 1822 ³
1352 1806 1461 1836 eentu-

134 1854 241 1885 riones
257 1853 459 1884 cecidissent.
478 1858 550 1883 Mox
567 1855 770 1893 compertum
793 1862 811 1884 a
837 1852 1011 1892 transfugis
1039 1854 1217 1891 nongentos
1240 1856 1459 1883 Romanorum

134 1900 220 1941 apud
243 1899 371 1939 lucum,
389 1909 485 1940 quem
508 1899 759 1931 Baduhennae⁴
779 1900 916 1938 vocant,
945 1908 1052 1939 pugna
1077 1898 1108 1928 in
1128 1900 1292 1938 posterum
1317 1899 1460 1929 extracta

134 1948 318 1987 confectos;
349 1949 380 1978 et
408 1947 502 1978 aliam
541 1946 847 1987 quadringentorum
885 1955 1017 1977 manum
1031 1970 1039 1985 ,
1073 1946 1230 1985 occupata
1264 1945 1461 1986 Cruptoricis

135 1994 299 2035 quondam
316 1994 515 2034 stipendiarii
531 1994 541 2012 ⁵
556 1994 632 2025 villa
641 2017 651 2034 ‚
666 1995 837 2035 postquam
854 1993 993 2033 proditio
1007 1992 1220 2031 metuebatur,
1243 1993 1364 2023 mutuis
1386 1992 1459 2024 icti-

132 2041 196 2072 bus
209 2041 428 2080 procubuisse.

178 2091 308 2119 LXXIV.
333 2089 463 2119 Clarum
496 2088 571 2120 inde
595 2088 678 2120 inter
703 2092 875 2120 Germanos
902 2086 1041 2118 Frisium
1067 2094 1204 2133 nomen,
1235 2085 1459 2118 dissimulante

136 2194 164 2198 -
177 2185 202 2204 5·
218 2180 325 2204 Liberos
345 2186 375 2204 ex
393 2182 471 2210 ι131111,
487 2183 599 2212 Augusti
611 2182 672 2209 tfilia
689 2187 723 2206 ex
741 2181 881 2206 Scribonia
902 2181 967 2204 nata
986 2180 1050 2203 ante
1069 2178 1270 2203 matrimonium
1294 2184 1354 2203 cum
1372 2180 1459 2210 Livia,

136 2217 243 2242 Caium,
259 2216 368 2238 Lucium
379 2235 384 2244 ,
396 2218 540 2246 Agrippam
552 2219 716 2246 Postumum,
729 2216 916 2246 Agrippinam,
931 2215 1037 2238 Juliam.

169 2251 273 2274 Lxxn.
290 2255 312 2273 1.
325 2252 390 2274 Sunt
405 2251 487 2275 boves
505 2253 554 2276 feri
567 2252 752 2282 praegrandes‚
771 2251 843 2282 quod
863 2256 947 2280 genus
966 2255 1019 2273 nou
1037 2248 1151 2278 amplius
1174 2250 1281 2272 exstare
1300 2249 1416 2273 videtur.
1430 2262 1459 2267 -·

137 2292 160 2310 2.
175 2287 216 2310 Sc.
233 2285 374 2314 Olennius,
393 2287 425 2309 ad
438 2293 516 2315 quem
537 2289 653 2316 querelae
666 2287 870 2311 deferebantur.
882 2291 942 2309 -5.
962 2288 1005 2310 Sc.
1028 2284 1175 2313 exigendo,
1194 2284 1328 2313 cogendo.
1350 2285 1460 2309 Milites

137 2328 176 2347 sc.
187 2321 298 2345 Romani
312 2326 326 2343 a
341 2321 430 2343 Frisiis
444 2322 527 2351 affisl
541 2324 594 2345 etc.
604 2336 632 2339 —
643 2328 666 2346 4.
682 2323 806 2346 Fortasse
822 2320 854 2344 ad
867 2320 951 2344 Rheni
963 2320 1061 2343 ostium
1077 2319 1197 2347 ejusdcm
1212 2319 1337 2343 nominis.

169 2357 280 2381 LXXIII.
299 2361 316 2378 ¹.
330 2357 357 2380 ln
372 2359 452 2385 gente
466 2357 671 2381 Canninefatium
693 2359 857 2381 morantem.
870 2368 900 2373 -—-
916 2361 938 2379 2.
952 2355 1108 2383 Anxium-n,
1123 2356 1152 2378 ut
1172 2355 1223 2382 111,
1237 2359 1273 2378 59.
1284 2368 1311 2371 —
1323 2360 1344 2378 5.
1363 2356 1459 2380 Primi-

138 2392 236 2422 pilares
247 2392 303 2415 sive
314 2392 460 2420 prunorum
472 2393 595 2416 ordinum
606 2392 803 2423 (hastatorum).
817 2405 845 2409 —
856 2396 880 2416 ιι.
907 2390 986 2416 Bada
1000 2391 1134 2415 theotisce
1147 2391 1189 2414 est
1201 2389 1310 2415 bellum.
1320 2402 1350 2408 -
1364 2395 1388 2416 ε.
1408 2391 1459 2422 Qui

139 2427 204 2452 elim
217 2427 350 2456 stipendia
366 2428 482 2451 Romana
495 2429 641 2452 meruerat.
