1539 2668
490 184 524 213 A.
549 184 587 214 U.
612 184 646 213 C.
672 183 743 212 822.
766 184 802 212 A.
827 184 860 212 C.
887 184 927 213 69
1315 188 1376 219 333

21 278 26 292 .-
51 258 181 299 equite,
206 257 304 289 simul
330 257 434 298 longis
457 256 595 288 navibus
620 265 751 288 versum
776 255 807 287 in
835 257 959 288 ltaliam
982 266 1071 290 mare
1095 259 1280 300 clauderet,
1301 261 1375 293 tuta

22 300 24 306 ⁴
50 313 136 346 pone
157 306 281 346 tergum
300 305 418 337 Achaia
435 304 576 345 Asiaque
589 329 597 344 ‚
615 312 694 344 quas
712 304 852 336 inermes
867 305 986 346 exponi
999 305 1146 346 Vitellio,
1167 307 1200 337 ni
1217 308 1376 347 praesidiis

48 352 276 393 firmarentur3
297 354 394 392 atque
414 353 521 392 ipsum
538 351 705 383 Vitellium
728 351 761 381 in
783 352 906 383 incerto
931 352 997 384 fore
1014 361 1110 393 quam
1133 354 1258 393 partem
1276 354 1374 387 ltaliae

48 400 250 439 protegeret,
268 400 295 431 si
312 400 375 431 sibi
392 399 597 431 Brundisium
615 400 859 440 Tarentumque
873 401 906 432 et
923 401 1076 432 Lucaniae
1089 402 1309 443 Calabriaeque
1326 403 1373 435 lit-

47 444 119 477 tora
132 446 255 479 infestis
272 447 428 479 classibus
445 448 642 487 peterentur.

92 497 252 526 LXXXIV.
277 495 377 534 Igitur
398 495 529 526 navium
543 519 551 534 ‚
570 494 708 525 militum
722 517 730 532 ‚
755 503 922 526 armorum
943 496 1057 536 paratu
1081 497 1222 538 strepere
1243 499 1372 538 provin·

50 538 120 570 ciae.
142 541 198 573 sed
225 541 304 574 nihil
327 551 420 583 aeque
445 542 600 580 fatigabat
625 550 723 581 quam
748 543 961 581 pecuniarum
986 543 1184 583 conquisitio
1203 554 1209 574 :
1229 553 1283 576 eos
1306 554 1374 578 esse

26 609 28 611 >
47 583 130 619 belli
149 589 257 621 civilis
274 597 393 621 nervos
410 587 565 618 dictitans
583 588 752 619 Mucianus
765 611 773 626 ,
796 597 859 620 non
878 591 930 630 jus
954 591 1011 621 aut
1033 599 1148 622 verum
1166 591 1201 622 in
1221 592 1375 632 cognitio-

25 640 27 662 :
45 632 144 666 nibus
157 635 179 675 ¹,
195 637 250 666 sed
268 635 371 667 solam
389 634 650 675 magnitudinem
669 643 769 675 opum
784 636 964 676 spectabat.
983 638 1104 677 passim
1123 638 1300 671 delationes
1312 664 1320 679 ,
1341 641 1374 672 et

25 677 322 722 {locupletissimus
340 683 479 723 quisque
508 682 541 713 in
564 682 707 722 praedam
730 684 885 724 correpti.
910 693 984 724 quae
1009 686 1118 724 gravia
1140 688 1237 726 atque
1261 686 1375 719 intole-

44 728 165 769 randa,
185 730 241 761 sed
263 730 456 761 necessitate
474 739 638 761 armorum
655 732 813 762 excusata
827 756 836 771 ‚
854 731 953 762 etiam
970 731 1005 762 in
1023 740 1100 771 pace
1116 741 1263 764 mansere
1279 758 1287 772 ‚
1305 734 1375 774 ipso

44 776 242 815 Vespasiano
260 777 345 808 inter
361 777 455 808 initia
472 777 599 817 imperii
618 777 656 808 ad
681 776 878 809 obtinendas
901 778 1091 819 iniquitates
1104 777 1115 796 ²
1137 778 1223 810 haud
1242 780 1375 820 perinde

43 821 247 863 obstinante,
274 823 377 855 donec
393 824 594 864 indulgentia
612 824 753 856 fortunae
774 829 807 856 et
824 825 931 864 pravis
951 826 1116 865 magistris
1132 825 1246 857 didicit
1266 835 1374 858 ausus-

43 877 109 908 que
122 872 182 901 est.
197 871 338 911 propriis
351 879 481 911 quoque
495 870 610 910 opibus
624 870 794 901 Mucianus
813 871 935 902 bellum
948 871 1054 911 juvit,
1071 871 1179 911 largus
1196 872 1350 912 privatim
1360 896 1371 911 ‚

44 916 132 956 quod
153 916 282 948 avidius
303 917 344 949 de
364 917 533 958 republica
556 918 716 948 sumeret.
740 917 839 948 ceteri
865 917 1137 949 conferendarum
1164 920 1373 958 pecuniarum

42 964 234 1006 exemplum
249 964 355 995 secuti
370 974 378 994 :
393 964 579 996 rarissimus
595 962 734 1003 quisque
748 963 886 995 eandem
900 964 911 982 ³
928 965 961 995 in
976 965 1196 1006 recuperando
1210 966 1372 998 licentiam

43 1010 240 1042 habuerunt.

85 1061 228 1090 LXXXV.
243 1057 426 1089 Accelerata
440 1057 570 1089 interim
584 1057 775 1099 Vespasiani
791 1060 897 1099 coepta
911 1058 1052 1098 Illyrici¹
1071 1060 1234 1091 exercitus
1251 1060 1372 1102 studio,

42 1104 232 1144 transgressi
246 1104 280 1135 in
293 1105 412 1144 partes.
428 1105 525 1136 tertia
538 1104 621 1144 legio
635 1105 824 1145 exemplum
841 1106 956 1136 ceteris
969 1106 1090 1137 Moesiae
1104 1106 1281 1146 legionibus
1293 1117 1374 1148 prae·

22 1175 24 1180 x
43 1151 127 1183 buit.
149 1154 267 1183 octava
283 1155 353 1184 erat
368 1160 405 1182 ac
422 1152 560 1192 septima
574 1151 765 1191 Claudiana,
780 1151 914 1183 imbutae
931 1152 1041 1184 favore
1057 1153 1205 1192 Othonis,
1224 1155 1372 1194 quamvis

42 1198 157 1240 proelio
182 1208 248 1231 non
283 1199 515 1231 interfuissent.
553 1198 731 1240 Aquileiam
765 1208 943 1240 progressae
966 1199 992 1239 ²,
1021 1200 1224 1239 proturbatis
1251 1201 1307 1241 qui
1333 1201 1373 1234 de

22 1264 23 1271 κ
42 1246 171 1278 Othone
199 1246 390 1278 nuntiabant
410 1246 623 1287 laceratisque
644 1246 771 1278 vexillis
798 1255 915 1277 nomen
945 1247 1071 1278 Vitellii
1094 1248 1343 1287 praeferentibus
1359 1273 1369 1289 ‚

42 1294 134 1333 rapta
148 1294 312 1333 postremo
326 1294 462 1334 pecunia
475 1296 506 1325 et
519 1294 604 1325 inter
617 1302 650 1325 se
666 1294 769 1325 divisa
783 1318 792 1333 ,
810 1293 973 1325 hostiliter
990 1296 1132 1334 egerant.
1150 1294 1237 1325 unde
1251 1297 1369 1337 metus,

13 1361 17 1386 ⁴,
42 1341 129 1372 etex
142 1343 230 1373 metu
245 1342 415 1373 consilium
430 1351 436 1371 :
449 1349 548 1381 posse
562 1343 734 1381 imputari
753 1343 966 1381 ²1'espasz'ano
985 1350 1063 1382 quae
1078 1342 1173 1382 apud
1195 1343 1370 1374 Vitellium

14 1391 16 1395 '
42 1387 245 1419 excusanda
259 1390 371 1419 crant.
391 1388 435 1419 ita
450 1390 516 1419 tres
534 1388 672 1419 Moesicae
689 1388 832 1427 legiones
849 1397 907 1428 per
923 1388 1076 1428 epistolas
1092 1389 1277 1420 alliciebant
1292 1393 1370 1421 Pan-

42 1434 197 1466 nonicum
219 1435 418 1474 exercitum,
442 1438 498 1468 aut
523 1435 683 1467 abnuenti
708 1435 775 1466 vim
800 1434 967 1475 parabant.
998 1435 1030 1466 in
1052 1444 1090 1466 eo
1117 1437 1207 1467 motu
1228 1437 1370 1476 Aponius

40 1482 233 1514 Saturninus
250 1483 372 1514 Moesiae
393 1484 499 1514 rector
512 1484 689 1523 pessimum
715 1483 842 1514 facinus
861 1482 980 1523 audet,
1002 1483 1102 1515 misso
1121 1483 1311 1515 centurione
1330 1484 1368 1515 ad

41 1530 299 1562 interficiendum
309 1530 453 1562 Tertium
467 1534 482 1561 J
486 1530 630 1561 ulianum
643 1531 788 1571 septimae
803 1530 937 1570 legionis
951 1530 1104 1570 legatum,
1120 1531 1161 1562 ob
1175 1531 1369 1569 simultates,

42 1577 162 1618 quibus
177 1586 306 1609 causam
323 1579 465 1618 partium
483 1577 717 1618 praetendebat.
743 1577 896 1608 Julianus
908 1601 916 1615 ‚
939 1580 1108 1618 comperto
1132 1578 1317 1610 discrimine
1337 1579 1370 1610 et

39 1625 149 1664 gnaris
164 1625 310 1656 locorum
330 1625 442 1656 ascitis
455 1649 464 1664 ,
482 1633 538 1664 per
558 1625 631 1655 avia
645 1625 767 1655 Moesiae
784 1624 867 1656 ultra
883 1628 1028 1657 montem
1046 1629 1194 1657 Haemum
1213 1626 1365 1667 profugit.

41 1681 102 1703 nec
122 1670 239 1703 deinde
260 1671 347 1702 civili
368 1672 453 1703 bello
478 1672 641 1710 interfuit,
661 1680 717 1711 per
740 1671 847 1703 varias
861 1681 968 1703 moras
987 1676 1177 1713 susceptum
1192 1673 1232 1704 ad
1248 1677 1368 1713 Vespa-

42 1718 173 1749 sianum
188 1719 251 1750 iter
268 1719 397 1750 trahens
409 1743 419 1758 ,
437 1722 468 1750 et
484 1727 524 1749 ex
540 1719 667 1750 nuntiis
684 1719 936 1751 cunctabundus
952 1723 1008 1750 aut
1025 1729 1213 1761 properans.

86 1770 245 1797 LXXXVI.
271 1769 312 1797 At
330 1767 364 1797 in
382 1766 548 1798 Pannonia
565 1767 662 1798 tertia
679 1766 801 1797 decima
818 1767 900 1807 legio
918 1776 955 1798 ac
972 1769 1109 1807 septima
1126 1768 1295 1807 Galbiana,
1314 1769 1369 1800 do-

42 1814 145 1846 lorem
166 1813 314 1854 iramque
335 1813 554 1845 Bedriacensis
570 1822 686 1853 pugnae
710 1815 885 1845 retinentes
898 1838 907 1852 ,
925 1814 1010 1844 baud
1036 1817 1228 1846 cunctanter
1246 1819 1368 1856 Vespa-

42 1861 136 1892 siano
157 1870 342 1900 accessere,
359 1860 392 1891 vi
408 1861 571 1901 praecipua
583 1860 682 1891 Primi
696 1861 840 1891 Antonii.
856 1861 885 1891 is
898 1860 1023 1900 legibus
1037 1870 1159 1892 nocens
1173 1864 1206 1893 et
1222 1865 1369 1902 tempore

42 1908 180 1940 Neronis
198 1909 204 1926 ¹
226 1909 296 1940 falsi
315 1908 486 1939 damnatus
497 1932 505 1948 ,
523 1908 608 1939 inter
626 1907 686 1938 alia
702 1907 777 1938 belli
795 1907 879 1938 mala
894 1907 1095 1939 senatorium
1111 1908 1259 1939 ordinem
1276 1917 1366 1940 recu-

43 1957 227 1995 peraverat.
244 1956 439 1996 praepositus
455 1964 473 1986 a
489 1955 586 1987 Galba
603 1955 749 1995 septimae
769 1955 889 1995 legioni
905 1955 1102 1994 scriptitasse
1122 1954 1241 1986 Othoni
1261 1956 1369 1988 crede-

43 2003 162 2043 batur,
186 2004 301 2034 ducem
317 2012 350 2035 se
367 2002 515 2044 partibus
532 2002 690 2041 offerens;
715 2011 733 2033 a
755 2011 820 2042 quo
842 2002 1007 2042 neglectus
1032 2001 1066 2032 in
1088 2002 1177 2032 nullo
1194 2003 1366 2034 Othoniani

44 2049 121 2082 belli
138 2059 198 2082 usu
220 2051 291 2081 fuit.
313 2050 496 2081 labantibus
508 2049 628 2081 vitellii
652 2049 748 2080 rebus
761 2049 999 2090 Vespasianum
1016 2050 1146 2080 secutus
1161 2049 1280 2089 grande
1301 2059 1367 2080 mo-

0 2130 1 2137 *
44 2098 193 2129 mentum
217 2097 359 2137 addidit,
383 2099 534 2129 strenuus
551 2106 670 2138 manu,
686 2106 837 2129 sermone
854 2097 1044 2137 promptus,
1071 2096 1212 2127 serendae
1238 2097 1272 2127 in
1287 2096 1366 2129 alios

46 2143 180 2176 invidiae
197 2145 311 2177 artifex
322 2169 332 2186 ‚
349 2145 520 2177 discordiis
537 2148 569 2176 et
585 2144 802 2176 seditionibus
822 2147 937 2184 potens
951 2168 959 2184 ,
977 2145 1100 2184 raptor,
1123 2143 1268 2183 largitor,
1287 2152 1366 2184 pace

0 2195 1 2198 ’
47 2191 231 2231 pessimus,
250 2192 334 2224 bello
351 2201 416 2224 non
432 2192 677 2234 spernendus..J
681 2191 770 2223 uncti
789 2191 865 2223 inde
881 2191 1004 2223 Moesici
1024 2199 1062 2222 ac
1078 2190 1254 2222 Pannonici
1274 2199 1366 2222 exer-

77 2284 219 2310 Lxxxw.
245 2291 268 2309 ι.
286 2286 399 2310 Judiciis
426 2286 484 2310 fisci
498 2292 592 2310 caussa
611 2286 731 2310 intentis.
745 2298 773 2302 —
787 2288 809 2308 2.
825 2285 980 2309 sententias
1002 2285 1107 2314 iniquas
1130 2283 1279 2308 secundum
1298 2284 1366 2313 (pro)

49 2325 79 2343 se
93 2322 140 2344 aut
149 2320 252 2344 fiscum.
263 2321 414 2361 Uedicitur,
428 2327 513 2346 suum
520 2326 570 2352 jus
587 2321 722 2346 obtinere.
736 2322 776 2345 De
792 2326 822 2345 re
836 2319 908 2345 conf.
919 2321 994 2344 Arm.
1010 2320 1055 2351 111,
1069 2326 1110 2347 eiu
1126 2319 1240 2343 Plinium
1258 2319 1370 2350 Panea-

47 2355 62 2384 ἑ
79 2356 558 2420 31vaaepgffdagdlgprehenditur
567 2393 669 2423 Moesia,
683 2393 820 2418 Pannoma
846 2391 1050 2417 Dalmatia-2.
1068 2390 1145 2417 Cont-
1161 2396 1185 2416 c.
1198 2395 1236 2415 46.

78 2426 217 2452 LXXXVI.
231 2432 251 2452 ι.
266 2426 322 2451 Via.
334 2428 412 2452 Ann-
425 2428 492 2458 XIV,
504 2433 541 2453 ⁴0.
