1539 2668
485 151 522 181 A.
546 151 586 181 U.
610 147 747 182 C.'815-
771 149 807 181 A.
829 151 868 182 C.
888 152 942 183 62.
1321 154 1382 190 229

52 225 228 264 fateretur
240 227 391 259 Octavioe
403 225 630 258 adulterium.
644 225 779 258 occulta
791 225 932 267 quidem
945 225 992 258 ad
1002 234 1166 268 praesens,
1175 225 1237 259 sed
1247 234 1378 268 maqna

53 274 84 306 ei
101 275 252 314 proemia
265 275 298 306 et
319 282 466 306 secessus
490 281 640 305 amoenos
668 272 849 313 promittit,
879 273 948 312 vel,
973 275 1003 305 si
1030 275 1241 314 neqavisset,
1266 282 1382 307 necem

54 321 205 353 intentat.
224 321 282 352 llle
303 321 401 353 insita
415 319 565 352 vecordia
581 321 613 351 et
629 320 783 352 facilitate
800 319 944 361 priorum
964 319 1159 359 flagitiorum
1176 320 1269 361 plura
1284 321 1382 352 etiam

56 377 154 409 quam
169 368 295 408 Jussum
319 370 388 400 erat
409 367 500 408 fingit
526 369 708 407 fateturque
721 366 807 408 apud
823 367 962 407 amicos,
978 376 1060 408 quos
1079 368 1169 399 velut
1185 367 1317 399 consilio
1331 368 1384 399 ad-

56 414 208 448 hibuerat
228 415 389 456 Princeps.
413 418 483 447 tum
499 414 533 447 in
546 414 727 446 Sardiniam
743 414 886 456 pellitur,
902 414 959 446 ubi
971 424 1037 447 non
1050 415 1146 456 inops
1169 415 1321 446 exsilium
1334 415 1384 447 to-

56 462 173 494 leravit
187 465 218 494 et
233 462 299 493 fato
317 462 408 494 obiit.

97 518 203 547 LXIII.
227 515 267 546 At
280 519 363 545 Nero
378 513 587 554 proefectum
605 514 611 531 ¹
640 515 677 546 in
692 521 786 554 spem
798 513 970 546 sociandae
983 514 1105 546 classis
1117 514 1321 553 corruptum
1334 536 1342 552 ,
1352 513 1386 544 et

57 561 211 594 incusatae
239 561 347 602 paullo
371 563 444 593 ante
470 561 669 593 sterilitatis
698 561 837 601 oblitus,
863 561 1001 592 abactos
1024 562 1151 601 partus
1178 561 1385 591 consciencia

58 607 264 647 libidinum,
285 617 392 649 eaque
408 608 472 639 sibi
493 609 669 648 comperta
684 607 790 639 edicto
808 610 982 647 memorat,
1011 607 1179 647 insulaque
1196 606 1388 638 Pandateria

58 655 227 686 Octaviam
243 655 375 686 claudit.
398 660 468 686 Non
486 655 548 686 alia
573 655 666 686 exsul
690 654 865 686 visentium
894 655 1004 686 oculos
1032 655 1151 693 majore
1169 652 1388 684 misericordia

58 702 178 734 affecit.
194 703 407 734 MemInvrant
421 702 528 733 adhuc
541 702 673 741 quidam
690 702 871 743 Agrippinae
888 701 898 719 ²
917 711 935 733 a
949 701 1086 741 Tiberio,
1102 700 1259 732 recentior
1276 699 1386 731 Juliae³

60 750 216 781 memoria
229 749 462 780 obversabatur
477 748 611 780 Claudio
628 749 738 789 pulsae.
757 749 811 780 sed
830 749 891 780 illis
904 749 1003 780 robur
1018 749 1123 780 aetatis
1140 748 1275 779 assuerat
1292 757 1298 777 :
1314 747 1389 777 laeta

60 795 167 836 aliqua
181 796 329 828 viderant
343 799 374 827 et
388 799 578 835 praesentem
594 796 754 827 saevitiam
768 796 908 827 melioris
924 797 1001 827 olim
1021 797 1156 826 fortunae
1170 793 1391 826 recordatione

63 843 254 875 allevabunt.
270 843 344 874 huic
363 843 501 882 primum
518 843 704 883 nuptiarum
718 843 786 874 dies
804 843 874 874 loco
892 843 1012 873 funeris
1029 842 1107 880 fuit,
1127 842 1274 872 deductae
1291 841 1323 872 in
1337 841 1390 872 do-

62 897 152 921 mum
174 891 205 921 in
231 900 294 930 qua
309 890 388 920 nihil
404 890 464 920 nisi
478 890 663 920 luctuosum
684 889 835 929 haberet,
863 893 972 929 erepto
990 899 1046 929 per
1068 897 1228 919 venenum
1254 890 1341 928 patre
1359 889 1392 920 et

63 937 173 968 statim
191 938 288 968 fratre
303 948 311 976 ;
330 938 400 968 tum
417 937 552 967 aucilla⁴
574 937 706 967 domina
720 936 866 975 validior,
883 938 915 967 et
928 940 1062 976 Poppaea
1079 944 1143 966 non
1160 935 1222 966 nisi
1240 934 1271 965 iu
1288 934 1393 974 perni-

63 983 144 1014 ciem
160 985 271 1015 uxoris
288 986 390 1023 nupta
401 1009 409 1023 ‚
427 987 588 1024 postremo
605 984 726 1015 crimen
744 983 832 1015 omni
850 983 948 1014 exitio
961 983 1099 1022 gravius.

104 1033 208 1062 Lxlv.
235 1035 278 1062 Ac
293 1031 422 1070 puella¹
450 1031 603 1062 vicesimo
631 1030 735 1061 aetatis
767 1039 851 1061 anno
875 1031 958 1061 inter
979 1029 1184 1060 centuriones
1208 1029 1239 1060 et
1256 1027 1393 1067 milites,

63 1078 219 1117 praesagio
236 1078 395 1108 malorum
408 1077 471 1117 jam
485 1078 550 1108 vita
563 1079 726 1117 exempta,
739 1077 884 1108 nondum
899 1080 1006 1109 tamen
1020 1078 1125 1107 morte
1138 1073 1391 1116 acquiescebat2.

63 1124 173 1163 paucis
190 1124 306 1155 dehinc
328 1125 503 1163 interjectis
529 1125 643 1155 diebus
660 1125 741 1155 niori
760 1124 903 1164 jubetur,
930 1133 1030 1164 quum
1058 1123 1124 1162 jam
1148 1122 1292 1154 viduam
1307 1129 1342 1152 se
1362 1122 1398 1152 et

66 1172 204 1202 tantum
221 1180 371 1201 sororem
390 1170 401 1188 ³
426 1172 613 1210 testaretur,
629 1179 881 1210 communesque
910 1172 1130 1202 Germanicos
1146 1169 1155 1187 ⁴
1177 1171 1208 1200 et
1234 1168 1396 1209 postremo

64 1219 262 1257 Aqrippinae
285 1226 401 1249 nomen
427 1218 545 1257 cieret,
562 1227 632 1258 qua
647 1218 811 1248 incolumi
826 1217 951 1256 infidia:
971 1216 1107 1257 quidem
1120 1216 1395 1252 matrimonium,

64 1264 123 1296 sed
138 1267 209 1296 sine
226 1266 331 1295 (witto
343 1266 553 1304 pertulisset.
570 1264 774 1303 restringitur
788 1264 942 1303 vinculis,
962 1272 1118 1303 venaeque
1133 1263 1203 1303 ejus
1218 1271 1272 1302 per
1285 1267 1398 1293 omnes

65 1313 154 1342 artus
173 1312 402 1349 exsolvuntur;
426 1315 457 1342 et
486 1312 562 1350 quia
592 1321 720 1351 pressus
748 1320 868 1351 pavore
900 1310 1029 1350 sanguis
1059 1310 1182 1341 tardius
1216 1309 1396 1347 labebatur,

65 1358 249 1397 praefervidi
276 1358 379 1388 balnei
406 1367 524 1398 vapore
552 1360 712 1389 enecatur.
742 1358 939 1397 additurque
962 1358 1100 1388 atrocior
1135 1357 1260 1387 saevitia
1274 1380 1283 1395 ,
1310 1353 1398 1395 quod

66 1407 161 1445 caput
178 1408 380 1445 amputatum
401 1406 568 1444 latumque
584 1405 616 1435 in
631 1405 749 1436 Urbem
768 1409 904 1444 Poppaea
921 1404 1014 1436 vidit.
1031 1405 1115 1435 dona
1131 1404 1173 1434 ob
1187 1404 1256 1433 llaec
1271 1401 1399 1442 templis

66 1451 206 1483 decreta.
229 1452 321 1491 Quod
347 1452 386 1483 ad
404 1461 479 1483 eum
500 1451 595 1482 finem
615 1451 888 1491 memoravimus,
915 1454 968 1491 ut,
988 1452 1185 1491 quicumque
1209 1458 1302 1481 casus
1319 1451 1397 1481 tem·

65 1507 181 1539 porum
198 1499 324 1530 illorum
342 1500 432 1531 nobis
455 1499 505 1530 vel
523 1499 593 1529 aliis
616 1499 803 1530 auctoribus
818 1501 971 1538 noscent,
989 1501 1224 1539 praesumptum
1247 1496 1398 1534 habeant,

73 1546 204 1586 quoties
219 1546 310 1587 sugas
331 1549 363 1577 et
380 1546 588 1586 caedesjussit
606 1548 776 1586 Princeps,
799 1546 896 1578 toties
911 1549 1017 1585 grates
1044 1545 1111 1576 deis
1126 1547 1232 1583 actas,
1260 1551 1400 1584 quaeque

67 1601 174 1624 rerum
192 1593 406 1625 secundarum
425 1593 522 1633 olim,
540 1595 611 1623 tum
630 1593 769 1633 publicae
785 1594 885 1625 cladis
901 1593 1036 1633 insignia
1051 1593 1159 1623 tuisse.
1176 1600 1279 1631 neque
1292 1594 1399 1622 tamen

68 1640 251 1679 silebimus,
266 1641 291 1671 si
306 1640 392 1681 quod
406 1640 722 1672 senatusconsultum
740 1640 931 1672 adulatione
957 1649 1079 1671 novum
1100 1641 1157 1670 aut
1172 1638 1326 1679 patientia
1340 1646 1399 1678 po-

67 1688 225 1719 stremum
245 1688 318 1719 suit.
1096 1692 1103 1697 ‘

109 1738 200 1766 LXV.
226 1734 345 1766 Eodem
368 1742 453 1765 anno
472 1733 661 1764 libertorum
679 1733 866 1774 potissimos
887 1742 1014 1765 veneno
1032 1732 1233 1764 interfecisse
1260 1729 1400 1762 creditus

69 1782 130 1820 est,
147 1783 372 1822 Doryphorum
387 1782 410 1821 ¹,
430 1782 522 1821 quasi
544 1781 749 1812 adversatum
767 1781 890 1822 nuptiis
914 1786 1081 1822 Poppaeae,
1106 1781 1295 1818 Pallantem,
1312 1778 1399 1819 qnod

70 1829 261 1860 immensam
285 1829 451 1869 pecuniam
466 1829 559 1867 longa
574 1830 705 1859 senecta
720 1829 891 1860 detineret.
915 1833 1080 1859 Romanus
1104 1828 1236 1859 secretis
1250 1826 1400 1858 crimina-

70 1876 214 1907 tionibus
226 1875 431 1906 incusaverat
444 1878 595 1906 senecam
609 1875 645 1904 ut
661 1878 695 1905 C.
713 1874 836 1905 Pisonis
853 1874 998 1913 socium;
1023 1874 1077 1905 sed
1100 1874 1236 1905 validius
1253 1882 1270 1904 a
1282 1876 1400 1905 Seneca

71 1923 184 1954 eodem
197 1922 333 1954 crimine
344 1922 511 1962 perculsus
527 1923 586 1952 est.
610 1921 695 1952 unde
714 1920 824 1952 Pisoni
839 1921 938 1952 timor
954 1923 987 1952 et
999 1922 1070 1952 orta
1092 1920 1282 1952 insidiarum
1294 1919 1328 1950 in
1340 1923 1398 1951 Ne-

73 1978 182 2002 ronem
196 1978 310 2009 magna
326 1969 427 2000 moles
438 1992 447 2007 ,
462 1968 519 1999 sed
534 1968 735 2008 improspera
750 1967 775 1999 ².

97 2037 191 2061 LXIII.
203 2041 222 2059 ι.
239 2037 281 2060 sc.
293 2035 373 2059 classi
391 2035 546 2062 Misenensi.
563 2036 708 2059 Anicetum
719 2042 725 2062 ;
738 2040 799 2058 eum
822 2034 855 2058 ab
867 2034 981 2058 Octavia
1004 2035 1163 2063 corruptum
1181 2039 1248 2062 esse,
1266 2038 1325 2062 quae
1337 2038 1399 2062 spe-

72 2073 159 2098 rasset.
174 2071 234 2095 tore
248 2072 278 2095 ut
297 2072 410 2095 classem
426 2076 502 2093 suam
516 2070 560 2093 ille
575 2071 609 2094 ad
620 2070 780 2094 societatem
799 2069 973 2093 consiliorum
986 2069 1115 2093 adversus
1129 2070 1264 2093 Neronem
1282 2067 1400 2091 adduce-

71 2108 125 2132 ret.
139 2111 193 2130 —2.
212 2106 303 2130 Viduae
323 2106 476 2130 Germanici
497 2106 522 2128 in
544 2104 657 2129 eandem
680 2105 796 2129 insulam
811 2104 954 2133 conclusae,
968 2109 992 2127 a.
1007 2104 1036 2129 U.
1051 2109 1162 2128 taz-5.
1177 2103 1248 2128 Filiae
1260 2103 1340 2132 illius,
1358 2103 1400 2128 bis

71 2143 100 2167 in
115 2142 230 2166 insulam
245 2142 381 2171 re1egatae,
398 2147 424 2165 a.
440 2145 484 2164 792
503 2142 531 2165 et
545 2145 598 2165 736.
610 2145 661 2164 -⁴.
675 2142 752 2170 Acte,
767 2140 840 2169 xm,
854 2145 878 2165 2.

101 2178 189 2202 LXIV.
201 2177 334 2201 ¹.Puelta
347 2176 428 2200 etiam
441 2176 475 2200 de
494 2176 583 2205 nuptis
593 2176 746 2206 junioribus
759 2176 924 2199 ‹licitum—2.
933 2175 1056 2200 Nondum
1071 2177 1163 2200 tamen
1174 2174 1201 2198 id
1213 2180 1228 2198 a
1238 2174 1399 2203 seimpetra·

73 2211 131 2240 bat,
146 2213 176 2236 ut
189 2213 284 2236 mortis
297 2212 346 2235 sibi
360 2211 561 2235 consciscendae
575 2213 694 2236 mentem
714 2211 942 2236 haberet—sse.
952 2211 1065 2236 Neronis
1082 2211 1108 2234 in
1118 2210 1256 2234 Claudiam
1268 2208 1398 2232 familiam

74 2246 202 2277 adoptati.
216 2259 247 2265 -
261 2253 284 2271 11.
301 2247 465 2271 Germanici
477 2249 661 2276 cognomento
672 2249 751 2272 erant
770 2247 872 2271 Drusus
883 2248 912 2271 et
924 2246 1065 2275 Claudius;
1078 2246 1152 2271 Nero
1170 2246 1230 2270 erat
1239 2250 1324 2274 nepos
1336 2245 1397 2269 Ger·

75 2282 183 2311 manici,
197 2282 290 2315 fratris
303 2282 414 2306 Claudii.

104 2318 180 2342 va.
197 2322 218 2341 ι.
236 2317 286 2346 Qui
297 2323 315 2342 a
332 2317 436 2342 libellis
452 2319 511 2344 erat
522 2317 634 2350 Neroni,
647 2323 664 2342 a
676 2322 731 2348 quo
746 2316 832 2343 semel
841 2317 957 2344 donatus
978 2322 1102 2350 amomo
1115 2316 1159 2349 sr-
1169 2319 1229 2340 -2·
1244 2316 1284 2341 De
1300 2313 1397 2345 quihus

75 2352 230 2384 Insequenti
245 2351 316 2378 libro
327 2357 354 2379 c.
367 2358 396 2379 48
405 2358 446 2384 sq.

608 2403 856 2422 a*—
