1539 2668
125 157 169 187 50
520 162 652 191 TACITI
674 160 883 190 ANNALIUM
905 162 977 191 LIB.
1002 163 1041 193 11.

125 225 267 258 orantes.
285 235 362 258 nam
376 226 517 259 discessu
534 232 754 259 Romanorum
777 236 813 259 ac
833 229 927 260 vacui
943 232 1076 261 externo
1091 229 1179 261 metu
1190 254 1198 269 ,
1217 231 1318 270 gentis
1343 240 1449 264 assue-

125 271 241 304 tudine
255 277 286 305 et
298 276 367 305 turn
383 274 390 292 ¹
417 274 622 306 aemulatione
640 274 749 314 gloriae
775 284 864 307 arma
892 276 925 306 in
950 285 985 308 se
999 278 1171 308 verterant.
1191 278 1239 308 ris
1258 278 1425 310 nationum
1437 303 1448 319 ‚

124 318 231 351 virtus
259 320 381 352 ducum
405 323 438 353 in
463 331 580 362 aequo:
604 322 658 352 sed
675 321 911 354 Maroboduum
927 323 1010 363 regis
1033 333 1151 355 nomen
1173 323 1316 355 invisum
1332 323 1344 342 ²
1364 326 1449 366 apud

123 366 313 408 populares,
337 369 519 400 Arminium
537 377 593 409 pro
607 368 752 400 libertate
767 368 939 401 bellantem
955 371 1046 403 favor
1059 370 1207 402 habebat.

165 417 256 445 XLV.
281 415 381 455 Igitur
394 424 460 447 non
475 415 573 447 modo
591 415 745 447 Cherusci
761 416 904 457 sociique
917 426 1028 450 eorum
1040 442 1050 458 ‚
1063 418 1156 449 vetus
1181 417 1317 449 Arminii
1338 418 1449 460 miles,

123 468 293 501 sumpsere
309 462 430 494 bellum
445 473 453 501 3
471 462 526 493 sed
541 471 559 493 e
578 471 675 501 regno
692 462 788 494 etiam
806 463 993 495 Marobodui
1006 468 1118 496 suevae
1132 466 1261 504 gentes,
1277 468 1451 498 Semnones

121 515 160 538 ac
177 509 395 550 Langobardi,
417 510 561 541 defecere
585 510 624 541 ad
641 519 727 541 eum.
755 511 872 551 quibus
893 512 1012 543 additis
1028 512 1256 552 praepollebat,
1276 513 1308 543 ni
1323 513 1451 552 Inguio-

121 562 231 587 merus
261 565 335 588 cum
350 565 447 588 manu
463 557 628 588 clientium
643 556 650 574 ¹
671 557 710 588 ad
728 558 960 589 Maroboduum
978 559 1189 599 perfugisset,
1215 568 1279 590 non
1295 559 1390 590 aliam
1406 559 1449 591 ob

119 608 253 635 causam
280 613 377 645 quam
399 603 474 644 quia
489 604 597 635 fratris
614 603 679 635 filio
691 604 802 644 juveni
819 606 953 646 patruus
968 615 1066 638 senex
1080 614 1190 646 parere
1204 605 1448 646 dedignabatur.

119 649 309 689 Diriguntur
322 652 422 691 acies,
439 651 506 691 pari
525 652 688 692 utrimque
709 661 783 693 spe,
801 661 878 692 nec,
897 653 933 684 ut
951 653 1027 684 olim
1050 652 1135 692 apud
1151 656 1341 694 Germanos,
1358 654 1448 694 vagis

118 696 302 730 incursibus
318 700 374 731 aut
389 699 542 740 disjectas
557 708 613 739 per
630 701 778 731 catervas
793 710 801 731 :
817 700 936 740 qnippe
949 701 1042 739 longa
1064 701 1235 732 adversum
1258 709 1317 732 nos
1333 701 1449 732 militia

118 742 326 777 insueverant
352 747 444 787 sequi
465 747 554 786 signa
568 771 576 786 ,
601 747 757 778 subsidiis
781 746 920 784 firmari,
936 748 1021 779 dieta
1038 748 1268 788 imperatorum
1292 748 1446 789 accipere.

117 792 162 821 Ac
181 794 257 823 tunc
280 793 443 825 Arminius
459 803 543 834 equo
566 794 763 826 collustrans
786 796 924 835 cuncta,
954 797 992 826 ut
1014 803 1163 835 quosque
1182 794 1337 826 advectus
1359 795 1446 834 erat,

117 840 350 879 reciperatam
371 841 590 882 libertatem,
621 840 820 873 trucidatas
847 842 1016 882 hymnos,
1041 842 1152 882 spolia
1182 842 1297 874 adhuc
1319 843 1353 873 et
1377 842 1448 873 tela

118 887 279 918 Romanis
294 886 440 928 derepta
459 889 496 919 in
524 888 685 919 manibus
710 888 904 920 multorum
931 889 1136 926 ostentabat;
1156 891 1268 921 contra
1281 888 1450 929 suqacem

116 933 374 966 Maroboduum
391 935 558 975 appellans
570 960 580 977 ,
608 949 625 964 «
643 935 829 977 praeliorum
851 938 1036 977 expertem,
1055 937 1223 978 Hercyniae
1246 936 1377 968 latebris
1396 935 1448 967 de—

119 994 133 1005 «
153 980 300 1021 sensum,
326 991 364 1013 ac
388 991 463 1013 mox
490 992 548 1024 per
569 983 654 1015 dona
669 986 701 1015 et
717 983 893 1024 legationes
909 983 1062 1024 petivisse
1078 984 1182 1015 foedus
1198 983 1226 1024 ²,
1251 983 1449 1024 proditorem

118 1041 134 1056 «ι
151 1028 282 1068 patriae,
298 1029 466 1062 satellitem
483 1030 617 1062 Caesaris
632 1029 658 1070 ³,
685 1030 772 1062 haud
786 1030 896 1062 minus
918 1030 1055 1063 infensis
1071 1031 1190 1063 animis
1206 1030 1447 1063 exturbandum

119 1087 135 1102 «
153 1085 251 1116 quam
267 1080 388 1108 Varum
410 1077 624 1115 Quinctilium
652 1077 878 1109 interfecerint.
906 1078 1132 1110 meminissent
1145 1078 1244 1109 modo
1257 1080 1306 1109 tot
1322 1076 1448 1118 proelio-

116 1133 135 1148 «
151 1131 244 1162 rum3
268 1132 407 1163 quorum
424 1126 542 1157 eventu
556 1127 589 1157 et
605 1124 644 1156 ad
662 1127 862 1165 postremum
879 1123 988 1164 ejectis
1002 1125 1155 1156 Romanis
1172 1124 1250 1156 satis
1274 1124 1446 1165 probatum

116 1179 134 1196 α
150 1177 248 1209 penes
261 1173 351 1202 utros
368 1179 498 1202 summa
517 1171 594 1203 belli
617 1171 726 1204 fuerit.
742 1184 758 1199 υ

156 1220 264 1249 XLVI.
280 1222 390 1258 Neque
400 1218 617 1250 Maroboduus
626 1218 781 1258 jactantia
794 1217 845 1249 sui
858 1219 914 1249 aut
924 1217 1052 1259 probris
1066 1218 1099 1249 in
1112 1218 1240 1250 hostem
1253 1217 1446 1258 abstinebat,

113 1263 169 1296 sed
185 1265 423 1304 Inguiomerum
436 1268 550 1297 tenens
560 1288 569 1304 ,
587 1265 670 1297 «illo
686 1265 719 1296 in
733 1274 868 1305 corpore
879 1266 978 1297 decus
991 1273 1088 1296 omne
1100 1266 1350 1305 Cheruscorum,
1361 1265 1448 1297 illius

114 1323 133 1338 «
149 1312 292 1344 consiliis
302 1315 389 1353 gesta
397 1321 470 1353 quae
482 1321 633 1353 prospere
643 1312 850 1350 ceciderint,»
859 1313 1052 1352 testabatur;
1065 1325 1080 1339 κ
1090 1312 1259 1344 vecordem
1267 1312 1448 1345 Arminium

115 1371 134 1387 α
151 1361 182 1390 et
200 1368 309 1390 rerum
327 1360 471 1391 nescium
486 1359 623 1390 alienam
641 1359 777 1398 gloriam
797 1359 829 1390 in
846 1368 881 1391 se
893 1360 1038 1399 trahere,
1052 1359 1205 1399 quoniam
1222 1362 1285 1390 tres
1299 1368 1419 1391 vacuas
1434 1359 1443 1378 ¹

115 1419 133 1434 a
149 1405 293 1446 legiones
309 1407 341 1438 et
360 1406 475 1437 ducem
493 1405 619 1437 fraudis
634 1406 781 1446 ignarum
796 1405 930 1447 perfidia
944 1406 1126 1446 deceperit,
1143 1414 1258 1446 magna
1271 1416 1344 1438 cum
1357 1406 1448 1438 clade

114 1466 131 1481 ιι
149 1453 329 1485 Germaniae
346 1456 377 1484 et
395 1453 569 1493 ignominia
585 1462 644 1484 sua
655 1476 664 1491 ‚
683 1462 786 1493 quum
810 1453 928 1493 conjux
940 1478 949 1493 ‚
965 1462 1068 1494 quum
1084 1452 1169 1484 filius
1191 1454 1260 1493 ejus
1276 1453 1445 1485 servitium

114 1512 131 1526 «
149 1500 256 1531 adhuc
272 1500 420 1532 tolerent.
440 1503 473 1532 at
494 1510 528 1532 se
542 1525 551 1540 ,
568 1500 740 1532 duodecim
763 1501 942 1540 legionibus
962 1500 1101 1541 petitum
1126 1501 1207 1532 duce
1222 1500 1348 1532 Tiberio
1361 1525 1370 1540 ‚
1386 1501 1445 1533 illi-

115 1560 131 1574 «
148 1547 258 1578 batam
281 1551 514 1580 Germanorum
532 1547 665 1588 gloriam
684 1547 874 1580 servavisse.
904 1556 980 1579 mox
1003 1547 1246 1579 conditionibus
1262 1548 1365 1588 aequis
1383 1547 1447 1580 dis-

115 1607 131 1621 «
150 1603 297 1635 cessum3
324 1604 429 1635 neque
450 1595 604 1635 poenitere
625 1595 711 1635 quod
739 1595 885 1635 ipsorum
916 1595 951 1626 in
978 1603 1076 1625 manu
1098 1594 1179 1633 sit²‚
1205 1594 1365 1634 integrum
1390 1595 1443 1627 ad-

114 1654 132 1668 «
148 1650 277 1673 versum
297 1645 458 1673 Romanos
473 1641 591 1673 bellum
617 1651 657 1673 an
682 1651 794 1682 pacem
822 1642 1026 1674 incruentam
1055 1641 1206 1673 malint.»
1230 1641 1285 1673 His
1308 1642 1444 1675 vocibus

113 1690 288 1721 instinctos
306 1689 470 1721 exercitus
486 1689 628 1730 propriae
642 1697 772 1730 quoque
786 1697 894 1721 causae
917 1688 1150 1728 stimulabant,
1176 1697 1278 1729 quum
1295 1697 1314 1719 a
1326 1689 1445 1722 cheru-

113 1737 176 1768 scis
189 1736 470 1776 Langobardisque
484 1745 541 1776 pro
556 1736 690 1776 antiquo
706 1736 820 1768 decore
837 1735 849 1754 ³
867 1737 925 1768 aut
941 1735 1063 1767 recenti
1078 1735 1228 1766 libertate
1243 1734 1270 1774 ⁴,
1285 1736 1318 1766 et
1330 1736 1443 1768 contra

112 1782 267 1823 augendae
297 1783 509 1814 dominationi
538 1784 727 1814 certaretur.
760 1792 826 1814 non
852 1782 930 1814 alias
946 1782 1068 1821 majore
1100 1781 1184 1813 mole
1205 1781 1216 1799 ⁵
1245 1790 1442 1814 concursum

112 1840 218 1871 neque
235 1830 387 1870 ambiguo
401 1830 502 1869 magis
518 1832 657 1870 eventu,
678 1830 758 1861 susis
780 1830 944 1870 utrimque
966 1829 1091 1861 dextris
1115 1827 1280 1860 cornibus.
1298 1828 1443 1868 speraba-

112 1880 230 1918 turque
249 1886 379 1909 rursum
404 1886 530 1917 pugna,
558 1877 592 1908 ni
617 1877 835 1909 Maroboduus
858 1878 966 1908 castra
986 1876 1021 1907 in
1040 1875 1137 1907 colles
1161 1875 1381 1907 subduxisset.
1407 1875 1442 1907 id

112 1926 243 1965 signum
260 1925 398 1965 perculsi
413 1926 492 1964 fuit;
514 1926 548 1956 et
565 1925 754 1964 transfugiis
771 1924 941 1965 paullatim
961 1922 1122 1961 nudatus,
1141 1923 1173 1954 in
1196 1926 1441 1954 Marcomannos

112 1972 293 2012 concessit,
314 1971 469 2012 misitque
482 1972 604 2011 legatos
616 1971 655 2003 ad
668 1972 832 2003 Tiberium
847 1973 996 2003 oraturos
1009 1969 1140 2001 auxilia.
1167 1977 1356 2010 responsum
1369 1971 1438 2006 est,

112 2029 179 2051 non
187 2020 271 2059 jure
298 2027 377 2051 eum
404 2018 569 2050 adversus
586 2018 772 2051 Cheruscos
795 2027 899 2050 arma
912 2020 1069 2050 Romana
1093 2018 1268 2055 invocare,
1295 2017 1355 2057 qui
1376 2024 1442 2056 pu-

112 2068 261 2105 ynantes
273 2067 308 2097 z'n
321 2066 468 2097 eundem
481 2065 613 2097 hostem
631 2068 802 2098 Romanos
823 2065 927 2097 nulla
941 2072 1002 2104 ope
1013 2064 1170 2103 juvisset.
1190 2062 1310 2094 missus
1329 2063 1440 2094 tamen

113 2115 239 2143 Drusus
250 2135 259 2151 ,
278 2112 315 2143 ut
328 2112 496 2143 retulimus
505 2135 514 2152 ‚
529 2113 600 2152 paci
615 2113 772 2144 firmator.

141 2202 230 2226 XLIV.
252 2207 273 2225 i.
283 2202 334 2226 Pro
348 2202 544 2225 consuetudine
559 2203 697 2227 Germanae
709 2203 798 2233 gentis
812 2202 918 2226 interna
931 2200 1092 2231 populorum
1108 2198 1178 2223 bella
1196 2198 1328 2228 agitandi,
1351 2200 1379 2223 et
1391 2198 1437 2224 illo

112 2241 236 2268 tempore
249 2238 396 2267 praesertim
408 2237 591 2261 oenzulatlone
605 2239 760 2262 etc-280.
771 2237 899 2261 habebat.
913 2236 1014 2260 Deinde
1023 2237 1088 2259 nota
1099 2234 1275 2259 variationem
1284 2235 1437 2260 structurae.

143 2274 217 2298 XLV.
242 2278 261 2297 ι.
285 2272 443 2301 comitatu,
461 2272 494 2296 de
512 2278 566 2302 quo
584 2278 611 2296 v.
631 2273 717 2296 Germ.
736 2279 758 2297 c.
777 2279 810 2296 is.
825 2285 853 2289 —
874 2277 896 2296 2.
915 2271 980 2295 Vide
1004 2276 1027 2295 c.
1050 2276 1088 2295 26.
1110 2283 1137 2287 —
1158 2275 1180 2294 5.
1202 2270 1331 2299 Augusti,
1357 2276 1437 2298 quem

112 2311 260 2338 benignum
274 2307 324 2331 sibi
336 2308 454 2332 habebat
465 2307 570 2338 Juvcnis
583 2309 672 2332 Romae
685 2309 878 2331 commoratus·

143 2344 229 2369 XLVI.
246 2349 266 2367 ι.
283 2343 396 2367 otiosas
409 2356 437 2360 —
453 2349 473 2367 2.
497 2344 590 2373 Neque
605 2344 730 2371 exiguum
749 2344 777 2367 et
796 2341 1023 2367 contemnendum
1046 2347 1104 2365 esse
1117 2340 1190 2371 quod
1202 2341 1255 2370 jam
1270 2345 1301 2364 ex
1315 2339 1435 2370 ipsorum

113 2379 226 2404 arbitrio
250 2378 386 2408 pendeat,
404 2379 494 2402 utrum
520 2379 621 2408 misor.
641 2380 693 2401 etc.
708 2391 736 2395 -—
755 2384 779 2402 5.
800 2379 838 2402 De
866 2378 1017 2401 Cheruscis.
1039 2390 1067 2393 —
1085 2381 1107 2401 4.
1121 2377 1160 2400 De
1179 2375 1376 2405 Langobardis,
1391 2375 1436 2404 qui

113 2420 201 2445 nuper
215 2420 244 2438 se
257 2420 273 2438 a
292 2414 448 2439 Marobodui
464 2414 647 2438 dominatione
662 2414 876 2437 vindicaverant.
893 2413 1009 2441 Contra,
1024 2418 1038 2436 a
1051 2412 1154 2437 suevis.
1168 2424 1196 2429 —
1208 2416 1231 2435 s.
1246 2410 1359 2440 1mpetu.
