1539 2668
505 165 541 193 A.
565 164 602 202 U·
629 164 661 192 c.
686 164 757 193 822.
783 165 817 192 A.
843 165 878 194 c.
902 165 952 195 69.
1333 168 1391 196 32³7

70 239 198 280 cipatus
214 239 507 279 temperamentum
518 263 526 278 ,
542 238 569 270 si
589 237 729 278 demptis
743 238 910 279 utriusque
919 237 1009 271 vitiis
1026 238 1107 270 solae
1125 239 1261 272 virtutes
1278 242 1393 274 misce·

69 290 191 320 rentur.
211 289 352 318 ceterum
370 285 420 316 hic
440 284 557 326 syriae,
574 284 627 316 ille
645 285 763 317 Judaeae
781 286 974 326 praepositus
988 310 998 326 ,
1016 286 1132 319 vicinis
1154 287 1394 327 provinciarum

68 333 424 373 administrationibus,
441 333 562 364 invidia
579 333 757 372 discordeS‚
777 334 867 365 exitu
883 334 1016 366 demum
1033 335 1169 366 Neronis
1183 335 1295 375 positis
1311 337 1394 368 odiis

67 383 100 415 in
119 382 262 414 medium
283 382 489 421 consuluere,
506 380 647 421 primum
667 389 724 422 per
746 381 868 414 amicos
887 392 894 413 :
913 381 986 414 dein
1001 406 1011 423 ‚
1031 383 1195 423 praecipua
1216 385 1394 416 concordiae

67 427 163 470 fides,
181 430 271 461 Titus
288 438 386 470 prava
401 428 577 460 certamina
594 428 761 460 communi
780 429 922 461 utilitate
938 429 1140 471 aboleverat,
1159 431 1275 462 natura
1297 434 1393 472 atque

67 478 135 508 arte
148 477 345 518 compositus
359 476 534 508 alliciendis
548 477 645 508 etiam
659 477 798 508 Muciani
815 478 971 509 moribus.
987 477 1108 509 tribuni
1124 478 1393 520 centurionesque

67 525 99 556 et
116 525 232 565 vulgus
249 525 388 556 militum
412 524 590 564 industria,
612 524 742 557 licentia
757 549 765 564 ‚
790 534 845 566 per
870 526 1025 565 virtutes,
1052 534 1110 567 per
1132 526 1337 567 voluptates,
1357 530 1396 559 ut

66 573 184 613 cuique
200 572 365 612 ingenium
378 596 387 610 ‚
405 572 663 605 asciscebantur.

105 621 159 651 VI.
179 622 357 660 Antequam
371 621 462 651 Titus
477 619 688 660 adventaret,
707 622 949 651 sacramentum
967 619 1106 653 Othonis
1121 623 1289 661 acceperat
1307 624 1389 655 uter

66 673 126 706 que
151 667 312 698 exercitus
327 691 336 707 ,
363 667 583 708 praecipitibus
599 692 608 707 ,
633 669 669 700 ut
697 668 833 707 assolet,
861 667 985 699 nuntiis
1008 670 1040 699 et
1065 667 1159 700 tarda
1183 669 1266 700 mole
1289 670 1391 703 civilis

66 713 160 753 belli,
178 714 264 754 quod
280 714 370 754 longa
387 715 558 746 concordia
575 715 704 755 quietus
720 714 833 746 Oriens
846 717 925 746 tunc
940 715 1080 755 primum
1094 715 1236 755 parabat.
1250 725 1393 758 namque

68 759 144 791 olim
165 761 358 792 validissima
373 761 455 793 inter
471 771 504 793 se
522 762 642 793 civium
660 770 749 792 arma
767 761 800 792 in
818 761 909 793 Italia
925 762 1063 794 Galliave
1080 762 1200 794 viribus
1210 763 1394 797 Occidentis

67 809 192 848 coepta;
217 811 249 840 et
272 809 423 849 Pompeio
437 833 445 847 ‚
470 809 581 841 Cassio
596 834 606 848 ,
630 810 749 848 Bruto,
778 809 937 847 Antonio,
963 818 1043 849 quos
1066 818 1177 841 omnes
1194 812 1282 842 trans
1305 820 1394 845 mare

65 859 211 886 secutum
230 858 278 886 est
292 855 335 886 cix
346 856 383 886 ile
401 856 533 894 bellum,
548 855 633 886 haud
650 856 792 895 prosperi
808 856 916 886 exitus
934 855 1079 893 suerant3
1095 857 1261 897 auditique
1276 859 1394 899 saepius

64 901 97 934 in
112 903 200 942 Syria
216 902 394 942 Judoeaque
408 908 550 934 Caesares
563 911 661 943 quam
676 902 823 942 inspecti.
838 902 927 933 nulla
943 902 1059 934 seditio
1074 903 1250 943 legionum3
1264 907 1393 938 tantum

65 950 218 983 adversus
244 950 378 981 Parthos
402 950 516 990 minae,
546 949 638 981 vario
663 953 792 981 eventu.
818 951 850 980 et
874 949 1022 989 proximo
1040 950 1128 981 civili
1152 951 1234 982 bello
1256 952 1394 985 turbatis

65 997 135 1030 aliis
157 998 180 1036 ¹,
199 997 391 1028 inconcussa
406 997 449 1028 ihi
468 1007 548 1037 pax;
569 997 642 1028 dein
663 996 740 1028 fides
756 1006 828 1037 erga
844 997 987 1029 Galbam.
1005 1006 1078 1028 mox
1093 1022 1102 1036 ‚
1120 999 1155 1029 ut
1174 998 1337 1031 Othonem
1353 1009 1394 1033 ac

71 1045 245 1078 Vitellium
269 1045 419 1076 scelestis
437 1047 548 1075 arinis
568 1053 620 1075 res
644 1046 817 1075 Romanas
840 1046 985 1084 raptum
1012 1046 1061 1075 ire
1087 1044 1253 1085 vulgatum
1271 1049 1336 1085 est,
1354 1056 1394 1079 ne

65 1101 163 1133 penes
192 1093 316 1122 ceteros
342 1092 469 1131 imperii
497 1091 646 1131 praemia,
675 1100 771 1131 penes
798 1091 884 1130 ipsos
911 1093 1037 1122 tantum
1064 1092 1188 1122 servitii
1218 1094 1393 1125 necessitas

65 1141 148 1171 esset
162 1162 170 1177 ,
190 1138 323 1170 fremere
347 1139 437 1170 miles
457 1141 488 1170 et
505 1139 589 1169 vires
609 1147 682 1169 suas
709 1138 967 1178 circumspicere.
984 1140 1107 1178 septem
1130 1138 1269 1178 legiones
1284 1140 1392 1171 statim

65 1186 97 1217 et
124 1194 198 1216 cum
227 1186 409 1225 ingentibus
435 1186 564 1216 auxiliis
586 1187 676 1225 Syria
700 1184 897 1224 Judaeaque;
925 1185 997 1216 inde
1024 1186 1177 1217 continua
1203 1185 1215 1203 ²
1243 1189 1392 1228 AEgyptus

65 1231 203 1272 duaeque
218 1233 356 1272 legiones
369 1257 377 1272 ,
398 1232 471 1264 hinc
488 1233 690 1273 Cappadocia
708 1234 894 1272 Pontusque
911 1234 943 1263 et
964 1232 1121 1272 quicquid
1138 1234 1316 1265 castrorum
1334 1238 1392 1266 Ar-

64 1280 181 1311 meniis
197 1281 418 1320 praetenditur.
435 1281 507 1311 Asia
522 1283 554 1311 et
571 1283 687 1311 ceterae
702 1279 878 1319 provinciae
893 1288 951 1311 nec
968 1280 1111 1310 virorum
1127 1281 1238 1321 inopes
1251 1282 1283 1313 et
1299 1290 1392 1322 pecu·
1432 1302 1436 1305 -

65 1326 126 1357 niae
154 1328 328 1367 opulentae.
362 1331 518 1368 quantum
545 1327 723 1358 insularum
752 1326 832 1357 mari
860 1327 1010 1367 cingitur,
1038 1329 1070 1359 et
1093 1328 1237 1368 parando
1263 1328 1392 1362 interim

64 1371 147 1405 bello
165 1374 343 1406 secundum
365 1374 375 1392 ³
393 1376 566 1415 tutumque
588 1375 693 1414 ipsum
716 1382 815 1405 mare.

105 1425 175 1455 VII.
194 1427 263 1454 Non
281 1423 410 1454 fallebat
426 1423 525 1454 duces
544 1423 683 1462 impetus
705 1422 845 1453 militum
864 1431 871 1452 ε
894 1421 948 1453 sed
966 1421 1161 1453 bellantibus
1179 1422 1248 1454 aliis
1272 1424 1393 1463 placuit

64 1471 246 1510 exspectari
262 1470 338 1502 belli
357 1471 483 1501 exitum
499 1480 505 1501 :
533 1484 545 1497 α
569 1471 708 1501 victores
726 1470 894 1509 victosque
908 1478 1076 1510 nunquam
1092 1470 1192 1501 solida
1207 1470 1270 1502 fide
1286 1472 1391 1503 coale-

66 1531 81 1545 «
106 1526 205 1549 scere.
228 1527 287 1549 nec
304 1518 442 1558 referre,
461 1518 624 1549 Vitellium
645 1527 685 1548 au
703 1517 866 1548 Othonem
886 1517 1095 1557 superstitem
1115 1518 1244 1549 fortuna
1261 1518 1388 1550 faceret.

66 1577 80 1592 «
105 1565 201 1596 rebus
214 1566 364 1597 secundis
376 1565 475 1597 etiam
490 1566 634 1605 egregios
652 1565 749 1596 duces
768 1564 962 1595 iasub-scere
978 1574 985 1594 :
1005 1564 1203 1596 discordiam
1222 1565 1285 1605 his,
1303 1565 1392 1606 igna-

66 1625 80 1640 «
105 1613 189 1644 viam
203 1638 213 1652 ,
230 1613 391 1644 luxuriem
405 1624 413 1652 ;
431 1614 463 1644 et
478 1613 612 1644 suismet
629 1612 714 1644 vitiis
730 1613 868 1644 alterum
885 1611 987 1650 bello,
1002 1612 1139 1643 alterum
1158 1612 1294 1644 victoria
1310 1614 1391 1653 peri-

65 1673 81 1688 «
104 1663 223 1692 turum.
241 1674 254 1688 »
273 1661 370 1700 igitur
385 1670 473 1692 arma
486 1661 519 1691 in
534 1661 737 1692 occasionem
751 1660 905 1691 distulere
921 1659 1138 1700 Vespasianus
1155 1660 1391 1700 Mucianusque

63 1717 178 1747 nuper,
196 1709 293 1739 ceteri
314 1708 389 1739 olim
408 1708 518 1739 mixtis
537 1708 677 1739 consiliis
692 1731 701 1746 ,
727 1707 871 1747 optimus
886 1706 1025 1747 quisque
1040 1715 1150 1738 amore
1173 1706 1359 1748 reipublicae
1382 1716 1389 1736 :

62 1754 183 1786 multos
200 1755 336 1786 dulcedo
354 1756 535 1795 praedarum
551 1756 760 1794 stimulabat,
781 1755 860 1786 alios
877 1753 1038 1794 ambiguae
1057 1754 1148 1785 domi
1171 1763 1231 1786 res.
1252 1754 1297 1786 ita
1313 1753 1391 1786 boni

63 1801 203 1841 malique
219 1802 323 1834 causis
339 1802 477 1834 diversis
489 1828 499 1843 ,
515 1803 622 1834 studio
640 1803 727 1843 pari,
746 1802 866 1833 bellum
885 1810 996 1833 omnes
1012 1802 1201 1842 cupiebant.

104 1853 187 1881 VIII.
206 1850 271 1882 Sub
288 1850 373 1882 idem
390 1852 518 1890 tempus
536 1850 656 1881 Achaia
674 1852 770 1890 atque
787 1849 862 1880 Asia
879 1849 959 1880 falso
977 1850 1146 1881 exterritae
1161 1873 1170 1889 ,
1192 1849 1282 1880 velut
1306 1853 1390 1882 Nero

63 1896 252 1929 adventaret
266 1922 276 1938 ,
293 1898 383 1929 vai-io
406 1906 502 1938 super
526 1897 616 1929 exitu
642 1898 710 1937 ejus
728 1904 858 1928 rumore
870 1920 879 1935 ,
897 1904 1000 1936 eoque
1025 1896 1171 1937 pluribus
1187 1896 1298 1928 vivere
1315 1905 1391 1929 eum

62 1942 256 1984 fingentibus
283 1945 566 1985 credentibusque.
604 1946 788 1976 ceterorum
821 1952 916 1975 casus
943 1946 1144 1985 conatusque
1170 1944 1206 1975 in
1235 1945 1390 1977 contextu

62 1996 166 2036 operis
183 1996 328 2027 dicemus
349 1996 355 2013 ¹
380 2005 387 2026 :
406 1998 484 2027 tunc
504 2004 616 2027 servus
630 2004 648 2026 e
665 1997 766 2027 Ponto
782 1995 851 2027 sive
864 2019 872 2033 ,
886 1996 924 2027 ut
944 1994 996 2027 alii
1013 1995 1174 2027 tradidere
1186 2019 1195 2035 ‚
1217 1994 1390 2028 libertinus

62 2050 102 2074 ex
119 2043 209 2074 Italia
224 2067 233 2083 ‚
254 2044 387 2076 citharae
411 2044 443 2075 et
464 2045 577 2075 cantus
594 2043 717 2084 peritus
740 2042 837 2083 (unde
859 2041 906 2074 illi
929 2051 1026 2084 super
1053 2041 1298 2075 similitudinem
1324 2042 1390 2075 oris

61 2090 194 2130 propior
216 2091 257 2122 ad
282 2091 458 2123 fallendum
482 2090 595 2132 fides),
620 2090 784 2131 adjunctis
809 2089 1027 2122 desertoribus
1051 2099 1134 2131 quos
1156 2089 1265 2131 inopia
1291 2098 1391 2131 vagos

62 2135 248 2176 ingentibus
275 2139 441 2180 promissis
463 2141 673 2179 corruperat,
701 2146 791 2170 mare
814 2137 1012 2178 ingreditur;
1037 2146 1075 2169 ac
1099 2138 1133 2169 vi
1156 2138 1389 2178 tempestatum

63 2184 225 2223 Cythnum
240 2186 381 2218 insulam
394 2186 545 2218 detrusus
558 2187 590 2218 et
606 2186 746 2218 militum
764 2185 924 2226 quosdam
935 2193 974 2217 ex
988 2185 1121 2217 Oriente
1137 2184 1388 2217 commeantium

10 2238 13 2241 ’
63 2231 179 2264 ascivit
200 2233 253 2265 vel
278 2233 457 2266 abnuentes
479 2234 616 2266 interfici
640 2233 757 2275 jussit,
778 2234 811 2265 et
826 2232 974 2274 spoliatis
988 2232 1241 2274 negotiatoribus
1265 2232 1388 2264 manci-

63 2279 192 2319 piorum
208 2281 464 2314 valentissimum
480 2290 641 2323 quemque
657 2281 805 2314 armavit.
823 2282 1115 2323 centurionemque
1132 2280 1298 2313 Sisennam
1311 2279 1386 2311 dex-

94 2372 135 2395 VI.
146 2377 166 2395 ι.
177 2372 220 2396 Se.
230 2372 445 2402 provincia-2.
460 2375 700 2400 contermma.—s.
712 2374 913 2405 opportunum.

94 2407 161 2430 VIII.
184 2407 268 2437 ¹.Qui
291 2408 379 2438 periit.
397 2410 498 2434 Praeter
515 2416 576 2434 eum
600 2411 633 2435 de
657 2417 710 2441 quo
735 2411 837 2435 dictum
860 2410 896 2435 ad
917 2411 937 2437 1.
961 2415 983 2439 2,
1000 2410 1098 2435 tertius
1115 2409 1198 2434 etiam
1215 2409 1388 2434 exoriebatur
