1539 2668
101 186 163 217 396
459 187 592 216 TACI‘H
615 187 891 217 HISTORIARUM
914 188 989 216 LIB.
1012 187 1069 217 IV.

105 261 214 293 vertit.
240 260 378 301 virgulta
402 263 566 301 postremo
587 262 618 291 et
635 260 751 299 stirpes
772 262 804 291 et
827 261 1001 292 internatas
1024 261 1111 292 saxis
1135 261 1250 293 herbas
1275 263 1429 297 vellentes

100 308 305 340 miseriarum
323 309 547 348 patientiaeque
564 307 795 339 documentum
814 308 902 340 fuere
915 333 923 348 ‚
939 309 1041 339 donec
1055 310 1212 348 egregiam
1226 310 1352 342 laudem
1368 311 1430 343 tine

98 355 186 395 turpi
208 356 423 394 macularent,
448 355 556 385 missis
574 355 614 385 ad
636 355 769 385 clvilem
795 354 903 393 legatis
928 358 1037 387 vitam
1062 360 1200 388 orantes.
1229 366 1332 397 neque
1357 359 1431 389 ante

100 412 213 443 preces
229 403 379 433 admissae
395 411 491 442 quam
513 402 546 432 in
567 401 666 433 verba
685 402 858 433 Galliarum
875 402 1032 441 jurarent.
1050 405 1119 434 tum
1137 406 1251 444 pactus
1267 405 1431 445 proedam

100 452 296 481 castrormn
314 450 368 481 dat
385 449 533 480 custodes
545 473 554 488 ,
569 449 623 488 qui
640 449 826 489 pecuniam,
845 450 989 489 calones,
1002 451 1143 482 sarcinas
1163 454 1377 491 retentarent,
1395 461 1432 483 ac

100 497 156 535 qui
176 497 261 536 ipsos
284 498 369 540 leves
383 497 538 527 abeuntes
556 499 837 536 prosequerentur.
858 497 898 528 ad
916 498 1070 537 quintum
1089 499 1153 530 sere
1170 499 1309 539 lapidem
1329 499 1431 530 coorti

100 544 248 575 Germani
263 545 430 575 incautum
444 553 558 582 agmen
571 543 808 583 aggrediuntur.
826 545 1077 583 pugnacissimus
1091 547 1227 585 quisque
1241 547 1272 577 iu
1284 547 1431 586 vestigio,

102 591 196 622 multi
215 591 358 631 palantes
374 591 557 622 occubuere
571 601 578 621 ;
593 591 689 621 ceteri
705 593 790 621 retro
804 591 837 621 in
855 594 958 622 castra
973 593 1171 632 profugiunt,
1187 597 1340 633 querente
1357 601 1434 623 sane

101 639 203 669 Civile
218 641 250 669 et
268 638 452 677 increpante
470 642 644 669 Germanos
660 638 957 677 tamqmmzfldem
972 647 1034 678 per
1046 641 1157 671 scelus
1171 641 1430 681 abrumperent.

101 686 252 717 simulata
270 694 306 715 ea
326 685 444 716 suerint
457 710 465 724 ‚
489 694 529 715 an
547 685 685 716 retinere
699 685 870 716 saevientes
891 685 1071 725 nequiverit
1084 710 1093 724 ‚
1108 696 1222 726 parum
1240 687 1430 718 affirmatur.

100 733 233 772 direptis
248 732 363 763 castris
378 732 462 765 faces
478 731 647 772 injiciunt;
666 733 863 772 cunctosque
880 732 934 773 qui
950 733 1062 772 proelio
1078 735 1316 773 superfuerant,
1331 734 1435 764 incen-

99 780 190 811 dium
209 779 327 811 bausit.

144 831 219 858 LXI.
242 827 354 858 Civilis
374 827 510 858 barbaro
531 827 608 858 voto
622 826 646 864 ¹,
665 826 739 866 post
758 827 863 867 coepta
884 826 1038 859 adversus
1051 831 1213 859 Romanos
1233 837 1339 868 arma,
1359 836 1434 868 pro-

102 884 224 914 pexum
241 875 472 915 rutilatumque
489 875 611 905 crinem
629 874 754 914 pati-ata
779 873 910 906 demum
932 875 1020 906 caede
1035 875 1197 915 legionum
1220 875 1379 916 deposuit.
1402 877 1436 907 et

102 922 267 953 serebatur
284 923 419 962 parvulo
434 922 499 952 tilio
514 921 671 961 quosdam
691 921 893 961 captivorum
913 922 1038 961 sagittis
1055 922 1235 963 Jaculisque
1257 922 1434 963 puerilibus

102 968 246 1008 figendos
262 970 426 1001 obtulisse.
448 971 592 1000 ceterum
611 977 716 1008 neque
731 977 765 1000 se
782 978 887 1009 neque
902 978 1099 1009 quemquam
1119 972 1275 1000 Batavum
1290 971 1322 1000 in
1337 969 1435 1002 verba

103 1016 277 1047 Galliarum
299 1016 428 1056 adegit,
447 1016 525 1047 fisus
551 1019 785 1047 Germanorum
810 1016 927 1056 opibus
946 1018 997 1055 et,
1019 1018 1045 1047 si
1069 1017 1256 1048 certandum
1280 1017 1435 1050 adversus

104 1064 206 1095 Gallos
220 1064 259 1094 de
273 1063 472 1104 possessione
488 1072 596 1093 rerum
610 1064 703 1102 soret,
716 1063 845 1093 inclitus
858 1063 941 1093 sama
954 1066 985 1094 et
1000 1064 1116 1103 potior.
1132 1065 1261 1095 Munius
1275 1068 1436 1104 Lupercus

103 1110 226 1150 legatus
241 1111 373 1150 legionis
391 1111 474 1141 inter
490 1110 577 1140 dona.
591 1110 710 1140 missus
725 1110 864 1140 Veledae.
880 1118 917 1140 ea
933 1110 1024 1149 virgo
1041 1111 1180 1141 nationis
1197 1114 1356 1142 Bructerae
1374 1111 1438 1143 late

104 1158 307 1198 imperitabat
319 1157 344 1196 ²,
360 1161 468 1188 vetere
486 1157 570 1196 apud
587 1161 761 1188 Germanos
777 1165 883 1195 more,
900 1166 964 1196 quo
979 1157 1145 1197 plerasque
1159 1158 1350 1189 seminarum
1365 1157 1435 1189 sati-

103 1206 192 1237 dicas
207 1207 239 1236 et
256 1207 446 1244 augescente
464 1204 693 1244 superstitione
709 1204 908 1235 arbitrantur
925 1204 1011 1235 deas.
1030 1206 1173 1244 tuncque
1186 1206 1312 1236 Veledae
1327 1207 1435 1236 aucto-

103 1254 183 1284 ritas
196 1252 336 1283 adolevit
355 1261 362 1282 :
380 1260 455 1282 nam
466 1260 654 1292 prosperas
670 1253 853 1283 Germanis
866 1260 921 1283 res
933 1253 967 1283 et
980 1252 1155 1283 excidium
1172 1252 1342 1292 leqz‘onum
1356 1261 1435 1292 prae·

103 1302 239 1332 dixerat.
259 1299 315 1331 sed
332 1301 499 1339 Lupercus
522 1299 554 1329 in
575 1299 690 1329 itinere
710 1299 908 1330 interfectus.
932 1299 1026 1339 pauci
1047 1300 1272 1330 centurionum
1289 1299 1436 1331 tribuno-

106 1357 242 1388 rumque
260 1348 293 1378 in
307 1348 405 1379 Gallia
420 1347 519 1387 geniti
537 1348 741 1378 reservantur
758 1346 875 1386 pignus
889 1346 1065 1378 societatis.
1082 1347 1263 1378 cohortium
1276 1371 1285 1386 ,
1299 1347 1434 1388 alarum,

102 1396 265 1436 legionum
283 1395 417 1426 hiberna
432 1395 586 1425 subversa
602 1396 821 1434 cremataque,
834 1393 871 1425 iis
884 1395 1012 1425 tantum
1027 1394 1145 1425 relictis
1159 1403 1232 1434 quae
1245 1394 1436 1434 Magontiaci

104 1453 142 1476 ac
159 1443 360 1474 Vindonissae
378 1443 437 1473 sita
454 1444 544 1473 suut.

145 1495 237 1523 LXII.
263 1490 359 1529 Legio
372 1493 462 1521 sexta
479 1489 602 1520 decima
619 1498 692 1520 cum
711 1488 842 1520 auxiliis
858 1489 957 1520 simul
974 1489 1091 1520 deditis
1107 1498 1125 1519 a
1141 1489 1280 1520 Novesio
1297 1490 1330 1520 in
1347 1488 1435 1520 colo-

102 1539 190 1571 niam
207 1542 423 1569 Treverorum
446 1537 628 1576 transgredi
649 1536 805 1576 jubetur,
831 1536 992 1576 praefinita
1017 1537 1069 1568 die
1093 1537 1178 1567 intra
1202 1546 1298 1577 quam
1322 1536 1434 1568 castris

103 1586 285 1619 excederet.
308 1585 453 1616 medium
477 1593 574 1615 omne
596 1585 726 1623 tempus
745 1592 801 1623 per
823 1584 928 1614 varias
953 1592 1047 1614 curas
1071 1592 1183 1622 egere,
1208 1584 1434 1623 ignavissimus

103 1634 242 1673 quisque
265 1641 424 1664 caesorum
442 1631 526 1671 apud
548 1633 665 1661 Vetera
682 1630 830 1670 exemplo
847 1633 1021 1670 paventes,
1041 1630 1155 1661 melior
1171 1639 1245 1670 pars
1271 1630 1388 1661 rubore
1403 1632 1436 1662 et

104 1683 236 1715 infamia
253 1691 261 1713 ε
277 1682 382 1723 quale
398 1680 492 1712 ‘illud
511 1682 604 1711 iter?
620 1682 697 1720 quis
716 1680 792 1711 (lux
809 1682 873 1711 222⁴oe
884 1683 900 1711 Ρ
915 1682 948 1711 et
966 1682 1082 1711 omnia
1098 1682 1133 1711 in
1151 1681 1299 1712 arbitrio
1315 1689 1434 1712 eorum

102 1739 187 1771 quos
205 1731 287 1761 vitre
306 1730 463 1768 necisque
479 1727 632 1758 dominos
641 1727 819 1766 fecissent.
839 1727 912 1766 alii,
931 1728 1020 1758 nulla
1038 1727 1207 1759 dedecoris
1224 1737 1322 1767 cura,
1339 1736 1436 1767 pecu-

103 1778 191 1812 niam
205 1779 262 1808 aut
275 1775 444 1807 carissima
458 1774 591 1806 sibimet
607 1774 668 1814 ipsi
682 1774 897 1806 circumdare.
914 1775 1046 1814 quidam
1060 1774 1212 1814 expedire
1227 1784 1317 1805 arma
1327 1799 1335 1814 ,
1351 1774 1437 1806 tells-

104 1835 168 1866 que
190 1827 356 1863 tamquam
380 1823 412 1853 in
439 1822 541 1854 aciem
560 1822 697 1861 accingi.
717 1821 787 1852 lucc
806 1821 1042 1853 meditantibus
1058 1821 1194 1853 advenit
1210 1821 1434 1862 proficiscendi

104 1874 182 1905 liora
195 1897 203 1911 ,
221 1871 463 1912 exspectatione
480 1869 614 1900 tristior.
632 1868 754 1909 quippe
767 1868 851 1899 intra
866 1868 987 1899 vallum
1001 1868 1190 1900 deformitas
1205 1868 1291 1900 haud
1305 1868 1436 1908 perinde

103 1921 259 1953 notabilis
275 1929 281 1949 :
298 1918 421 1950 detexit
437 1915 645 1957 ignominiam
660 1924 794 1955 campus
809 1918 842 1948 et
858 1916 938 1946 dies.
957 1915 1093 1947 revulsae
1112 1917 1344 1956 Imperatorum
1360 1915 1435 1945 ima-

105 1970 213 2009 gines,
239 1968 399 1999 inhonora
420 1965 528 2005 signa,
546 1963 748 2003 fulgentibus
774 1963 850 1994 binc
872 1963 948 1995 inde
975 1964 1138 1996 Gallorum
1168 1964 1312 2002 vexillis;
1336 1963 1435 1994 silens

104 2025 241 2057 agmen,
267 2018 300 2046 et
314 2014 404 2046 velut
426 2013 529 2052 longze
548 2011 735 2052 exsequiae3
758 2010 827 2042 dux
848 2011 1002 2043 Claudius
1025 2013 1163 2043 Sanctus
1181 2011 1300 2042 effosso
1317 2009 1411 2041 oculo
1424 2031 1433 2046 ,

104 2065 196 2096 dirus
222 2072 299 2101 ore,
327 2061 457 2101 ingenio
482 2060 620 2092 debilior
635 2060 657 2090 ¹.
685 2059 877 2100 Duplicatur
899 2059 1079 2099 flagitium,
1100 2060 1271 2099 postquam
1295 2055 1434 2088 desertis

104 2111 349 2145 Bonnnensibus
364 2109 479 2140 castris
496 2109 596 2139 altera
612 2116 647 2139 se
665 2107 747 2147 legio
760 2107 944 2138 miscuerat.
960 2108 993 2137 et
1007 2106 1135 2145 vulgata
1152 2107 1319 2145 captarum
1339 2103 1434 2142 legio-

104 2170 182 2193 num
202 2161 287 2191 sama
303 2157 430 2197 cuncti,
446 2157 502 2197 qui
520 2156 616 2198 paulo
632 2157 707 2187 ante
724 2159 942 2187 Romanorum
961 2162 1078 2185 nomeu
1095 2153 1285 2190 horrebant,
1301 2159 1432 2191 procur-

105 2211 212 2238 rentes
237 2216 274 2237 ex
296 2206 380 2246 agris
401 2205 564 2244 tectisque
581 2205 613 2235 et
636 2202 780 2243 undique
803 2202 899 2233 effusi
926 2200 1056 2232 insolito
1084 2198 1267 2240 spectaculo
1293 2198 1430 2229 nimium

104 2254 308 2286 fruebantur.
327 2262 391 2284 non
407 2252 485 2284 tulit
501 2252 551 2283 ala
568 2251 733 2283 Picentina
750 2250 903 2290 gaudium
921 2247 1108 2280 insultantis
1123 2246 1231 2286 vulgi,
1249 2246 1431 2286 spretisque

134 2356 200 2380 LXI.
216 2361 235 2379 ι.
251 2355 327 2378 conr.
343 2356 435 2379 Germ.
453 2360 479 2379 c.
495 2360 530 2378 5!-
542 2359 602 2377 -2.
621 2354 679 2377 Non
702 2358 800 2382 regno,
819 2351 866 2375 scd
883 2350 1047 2374 auctoritate
1067 2349 1095 2372 cl.
1116 2348 1139 2371 vl
1164 2348 1190 2371 in
1214 2347 1318 2371 animos
1340 2346 1430 2370 enatis

104 2392 250 2421 regendos.
267 2391 340 2415 Conf.
359 2391 449 2414 Germ.
466 2396 490 2413 c.
504 2397 524 2413 a.

134 2427 213 2453 LXII.
232 2432 253 2451 ι.
268 2428 313 2451 Sc.
331 2431 410 2456 quam
424 2431 548 2455 corpore.
563 2425 631 2449 Nam
644 2424 748 2449 debiles
762 2424 889 2448 dicuntur
905 2421 976 2451 capu
991 2420 1081 2449 aliquo
1096 2419 1228 2443 membro.
