1539 2668
97 213 156 242 432
550 212 586 241 C.
612 210 796 240 CORNELII
820 211 953 240 TACITI

97 281 242 321 Agricola
256 289 410 321 umquam
425 289 482 320 per
496 280 574 311 alios
588 281 676 320 gesta
690 280 804 311 avidus
819 280 987 321 intercepit
1002 289 1010 310 ε
1025 289 1080 312 seu
1095 282 1240 314 centurio
1251 307 1260 322 ,
1275 292 1332 315 seu
1346 293 1424 325 prae-

99 329 209 362 fectus,
225 329 449 368 incorruptum
463 328 537 359 sacti
549 329 662 358 testem
678 327 828 358 babebat.
843 328 928 368 apud
946 327 1102 367 quosdam
1112 329 1255 360 acerbior
1272 330 1303 361 in
1314 332 1424 362 convi-

97 377 154 407 ciis
171 375 381 413 narrabatur3
397 376 433 405 ut.
450 375 542 405 bonis
556 375 657 405 comis
673 377 755 414 erat,
770 375 815 406 ita
832 375 985 406 adversus
1001 375 1102 406 malos
1117 375 1325 415 injucundus.
1343 380 1425 410 cete-

96 432 169 454 rum
183 432 219 454 ex
236 422 399 453 iracundia
412 422 492 452 nihil
504 424 671 462 supererat
684 432 691 452 :
706 424 866 453 secretum
880 424 912 454 et
925 422 1087 453 silentium
1101 422 1170 462 ejus
1179 432 1242 455 non
1254 425 1423 457 timeres²:

98 470 263 501 honestius
279 469 418 509 putabat
435 469 602 500 offendere
616 494 624 509 ,
639 479 737 509 quam
752 470 869 501 odisse.

138 520 248 548 XXIII.
275 520 396 554 Quarta
420 518 517 547 aestas
541 517 745 555 obtinendis,
770 526 843 556 quae
866 518 1092 557 percurrerat,
1119 517 1300 558 insumpta;
1325 528 1383 558 ac,
1400 517 1427 550 si

97 564 201 595 virtus
218 564 419 595 exercituum
438 565 470 594 et
493 565 630 595 Romani
652 564 792 595 nominis
818 564 917 604 gloria
935 566 1097 604 pateretur
1110 589 1118 603 ,
1139 565 1289 598 inventus
1307 567 1340 598 in
1358 567 1428 607 ipsa

98 611 260 642 Britannia
276 610 448 642 terminus.
470 620 544 642 nam
561 612 655 643 Clota
672 613 704 643 et
719 611 870 642 Bodotria
883 636 891 651 ,
907 611 1026 642 diversi
1043 612 1141 642 maris
1157 613 1289 645 aestibus
1303 623 1358 654 per
1370 615 1428 645 im-

98 667 244 689 mensum
260 661 397 691 revectae
409 659 432 697 ¹,
447 662 585 698 angusto
601 661 760 690 terrarum
779 659 882 698 spatio
899 658 1098 689 dirimuntur
1115 668 1122 689 ;
1137 660 1225 699 quod
1238 663 1309 691 tum
1323 660 1429 701 praesi-

98 705 159 736 diis
176 705 374 743 firmabatur,
393 709 491 745 atque
506 707 613 737 omnis
628 707 759 746 propior
778 705 869 737 sinus
881 705 892 722 ²
910 705 1095 744 tenebatur,
1109 708 1278 739 summotis
1291 708 1381 739 velut
1394 707 1428 739 in

99 752 192 784 aliam
211 752 351 783 insulam
369 753 529 784 hostibus.

140 802 248 831 XXIV.
268 799 388 838 Quinto
406 801 652 840 expeditionum
670 808 775 840 ann0‚
798 809 882 832 nave
905 799 1028 841 prima¹
1049 802 1268 841 transgressus
1281 826 1290 841 ,
1306 801 1431 840 ignotas

99 849 138 880 ad
166 848 196 878 id
221 851 350 886 tempus
366 848 478 886 gentes
496 847 619 879 crebris
633 848 730 879 simul
751 857 788 879 ac
806 848 967 888 prosperis
985 849 1109 889 proeliis
1126 849 1253 880 domuit
1272 859 1279 879 ε
1297 856 1430 888 eamque

100 897 223 935 partem
238 895 421 933 Britanniae,
436 903 509 933 quae
524 895 709 926 Hiberniam
724 895 873 935 adspicit,
888 896 989 936 copiis
1000 896 1152 928 instruxit
1165 897 1198 927 in
1212 905 1303 936 spem
1316 895 1430 934 magis,

101 951 198 981 equam
214 942 255 973 ob
276 941 482 972 formidinem
502 951 509 972 :
525 942 686 982 siquidem
708 942 878 981 Hibernia,
896 943 1003 974 medio
1021 943 1103 975 inter
1118 943 1315 975 Britanniam
1335 944 1433 982 atque

102 989 289 1030 Hispaniam
305 990 365 1020 sita
377 988 387 1006 ²
405 990 436 1020 et
451 989 569 1020 Gallico
583 999 711 1029 quoque
725 990 806 1021 mari
824 993 1024 1030 opportuna,
1039 991 1291 1022 valentissimam
1305 988 1434 1030 imperii

102 1042 226 1079 partem
245 1037 368 1076 magnis
383 1036 520 1068 invicem
539 1037 652 1068 usibus
668 1038 847 1069 miscuerit.
863 1038 1005 1078 spatium
1024 1037 1105 1076 ejus,
1120 1038 1147 1068 si
1160 1038 1334 1069 Britanniae
1347 1045 1434 1068 com-

102 1089 250 1126 paretur,
270 1085 438 1123 angustius
452 1108 460 1123 ,
478 1085 579 1115 nostri
603 1085 700 1115 maris
717 1085 727 1101 ³
754 1085 878 1116 insulas
898 1086 1038 1124 superat.
1067 1085 1172 1115 solum
1196 1085 1379 1124 coelumque
1400 1085 1435 1115 et

103 1133 231 1172 ingenia
249 1132 421 1170 cultusque
445 1131 617 1162 hominum
644 1131 731 1162 haud
752 1133 893 1163 multum
916 1141 934 1162 a
953 1131 1118 1163 Britannia
1133 1131 1297 1163 differunt.
1321 1132 1434 1163 melius

102 1179 211 1210 aditus
228 1183 406 1219 portusque
419 1178 428 1195 ⁴
452 1187 508 1218 per
530 1179 722 1209 commercia
737 1180 769 1209 et
783 1179 998 1217 negotiatores
1012 1179 1143 1218 cogniti.
1159 1179 1306 1218 Agricola
1318 1179 1433 1219 expul-

102 1236 175 1259 sum
189 1226 346 1257 seditione
360 1224 538 1257 domestica
553 1235 655 1256 unum
670 1235 707 1257 ex
733 1226 850 1265 regulis
869 1226 973 1265 gentis
995 1229 1166 1266 exceperat
1183 1235 1221 1257 ac
1239 1226 1345 1266 specie
1357 1226 1435 1258 ami·

103 1275 188 1306 citiai
206 1274 238 1304 in
259 1274 462 1305 occasionem
479 1273 648 1304 retinebat.
669 1282 754 1313 saepe
771 1283 809 1304 ex
827 1282 865 1304 eo
880 1273 990 1304 audivi
1002 1297 1011 1313 ‚
1030 1273 1153 1313 legione
1170 1282 1235 1304 una
1250 1276 1281 1305 et
1297 1273 1434 1305 modicis

104 1321 235 1352 auxiliis
257 1321 412 1352 debellari
438 1320 643 1360 obtinerique
666 1320 854 1352 Hiberniam
881 1329 971 1361 posse
995 1331 1002 1351 ε
1026 1320 1124 1360 idque
1153 1321 1251 1352 etiam
1280 1319 1434 1353 adversus

104 1369 302 1401 Britanniam
320 1370 528 1408 profuturum
542 1392 550 1407 ,
567 1368 594 1399 si
616 1372 762 1399 Romana
782 1368 903 1408 ubique
929 1377 1035 1408 arma,
1053 1371 1085 1399 et
1109 1368 1200 1399 velut
1221 1377 1238 1399 e
1261 1369 1432 1408 conspectu

105 1416 238 1448 libertas
258 1416 436 1447 tolleretur.»

146 1467 236 1495 XXV.
254 1466 401 1495 Ceterum
420 1465 532 1494 aestate
544 1486 553 1502 ,
572 1472 646 1502 quae
661 1466 789 1494 sextum
806 1462 904 1494 officii
921 1471 1042 1493 annum
1060 1462 1252 1502 inchoabat,
1267 1461 1436 1502 amplexus

104 1512 251 1544 civitates
265 1514 355 1542 trans
370 1512 554 1543 Bodotriam
569 1511 658 1549 sitas,
673 1511 749 1550 quia
766 1513 876 1542 motus
895 1511 1121 1541 universarum
1139 1510 1233 1541 ultra¹
1248 1509 1393 1549 gentium
1403 1509 1436 1539 et

103 1560 218 1591 infesta
233 1559 339 1590 hostili
351 1560 495 1591 exercitu
512 1559 627 1590 itinera
638 1559 848 1597 timebantur,
866 1560 980 1598 portus
997 1558 1102 1589 classe
1118 1557 1299 1597 exploravit
1313 1581 1322 1596 ,
1338 1564 1411 1596 quae
1424 1579 1434 1595 ,

105 1607 145 1638 ab
162 1607 307 1646 Agricola
324 1607 465 1646 primum
483 1608 650 1645 assumpta
667 1606 699 1636 in
717 1608 842 1645 partem
860 1605 979 1635 virium
991 1629 1000 1644 ,
1015 1604 1211 1644 sequebatur
1226 1605 1351 1644 egregia
1366 1610 1434 1642 spe-

104 1655 164 1693 cie,
179 1663 281 1694 quum
302 1654 398 1684 simul
416 1655 515 1692 terra,
538 1653 633 1683 simul
654 1653 735 1683 mari
751 1652 871 1683 bellum
886 1652 1107 1692 impelleretur
1122 1651 1148 1690 ²,
1163 1660 1200 1682 ac
1215 1660 1299 1691 saepe
1321 1650 1435 1681 iisdem

104 1701 219 1732 castris
238 1701 334 1740 pedes
357 1710 522 1740 equesque
538 1702 570 1731 et
586 1700 739 1730 nauticus
763 1700 855 1731 miles
868 1724 877 1739 ,
903 1700 995 1730 mixti
1019 1699 1118 1738 copiis
1133 1699 1144 1715 ³
1173 1700 1205 1729 et
1228 1698 1337 1729 laetitia
1350 1721 1358 1736 ,
1377 1705 1436 1728 sua

105 1749 243 1790 quisque
256 1747 340 1778 sacta
353 1771 361 1786 ,
377 1756 454 1778 suos
468 1755 559 1778 casus
575 1747 779 1786 attollerent3
796 1756 834 1778 ac
849 1748 946 1778 modo
963 1747 1120 1778 silvarum
1137 1754 1174 1777 ac
1192 1745 1351 1776 montium
1363 1752 1436 1784 pro-

104 1796 205 1828 funda
215 1819 223 1834 ‚
239 1795 335 1825 modo
350 1796 580 1835 tempestatum
598 1802 635 1824 ac
649 1793 807 1825 fluctuum
822 1794 957 1825 adversa
972 1818 980 1833 ‚
997 1794 1072 1825 hinc
1086 1795 1172 1824 terra
1186 1794 1218 1824 et
1231 1792 1347 1831 hostis,
1360 1791 1437 1822 hinc

105 1844 221 1874 auctus
240 1846 385 1872 Oceanus
399 1841 408 1858 ‘¹
434 1842 565 1873 militari
579 1841 738 1880 jactantia
756 1845 1035 1882 compararentur.
1053 1840 1222 1871 Britannos
1237 1848 1385 1880 quoque,
1401 1841 1438 1869 ut

104 1898 145 1921 ex
159 1888 295 1928 captivis
307 1888 513 1928 audiebatur,
526 1889 596 1919 visa
611 1888 719 1919 classis
733 1888 1021 1929 obstupefaciebat‚
1035 1889 1203 1928 tamquam
1217 1888 1327 1927 aperto
1341 1885 1438 1917 maris

104 1937 154 1967 sui
169 1937 293 1968 secreto
307 1936 462 1967 ultimum
482 1936 578 1967 vietis
595 1935 779 1976 perfugium
794 1936 1009 1968 clauderetur.
1024 1935 1073 1967 Ad
1086 1944 1201 1966 manus
1217 1936 1249 1965 et
1263 1943 1352 1965 arma
1365 1942 1437 1965 con-

104 1983 188 2014 versi
204 1983 412 2015 Caledoniam
433 1984 610 2014 incolentes
624 1983 735 2023 populi
754 1987 867 2024 paratu
885 1992 1023 2024 magno,
1041 1983 1162 2022 maiore
1182 1981 1287 2021 sama,
1304 1981 1353 2013 uti
1368 1989 1438 2012 mos

105 2032 154 2060 est
174 2030 214 2061 de
234 2031 376 2070 ignotis,
396 2032 634 2070 oppuqnasae³
657 2033 755 2063 ultro
769 2055 778 2070 ,
804 2031 936 2063 castella
959 2030 1089 2069 adorti,
1112 2030 1239 2061 metum
1262 2031 1297 2060 ut
1314 2037 1436 2069 provo-

105 2080 214 2108 cantes
227 2101 235 2116 ,
252 2078 463 2117 addiderant3
477 2078 788 2118 regrediendumque
803 2078 884 2109 citra
897 2078 1081 2110 Bodotriam
1094 2078 1127 2108 et
1142 2076 1363 2108 excedendum
1378 2084 1437 2115 po-

104 2123 171 2154 tius
183 2147 191 2162 ,
220 2133 317 2164 quam
341 2125 536 2164 pellerentur
549 2149 558 2164 ‚
585 2126 690 2164 ignavi
716 2125 824 2165 specie
847 2125 1055 2165 prudentium
1082 2123 1307 2156 admonebant.
1335 2131 1437 2162 quum

105 2170 234 2202 interim
251 2172 417 2212 cognoscit
429 2172 455 2211 θ,
474 2171 580 2203 hostes
593 2172 738 2212 pluribus
752 2172 934 2213 agminibus
948 2172 1146 2213 irrupturos,
1162 2180 1199 2202 ac
1212 2179 1252 2202 ne
1265 2170 1437 2210 superante

106 2263 159 2281 —2
177 2259 210 2283 Ut
228 2259 376 2283 timendum
397 2262 458 2285 erat
473 2261 610 2284 secretum
632 2262 660 2285 et
681 2261 817 2285 silentium
832 2260 984 2289 Domitiani,
1008 2259 1167 2289 plerumque
1184 2258 1289 2282 atrocia
1307 2257 1437 2282 meditan-

106 2294 156 2320 tis;
170 2299 194 2316 v.
210 2294 279 2317 intra
293 2300 314 2317 c.
330 2300 368 2318 59.
973 2293 976 2298 '

134 2329 232 2352 XXIII.
248 2335 264 2352 ι.
284 2330 427 2353 Sinuantes
440 2336 469 2354 se
483 2330 553 2354 intra
567 2331 762 2356 continentem.
778 2345 805 2350 -
816 2337 839 2356 2.
852 2332 894 2356 Sc.
910 2332 999 2355 terrae.

133 2364 216 2387 XXIV
241 2370 262 2387 1.
278 2366 344 2388 Tum
356 2366 472 2394 primum
486 2365 664 2390 navibus.-2.
680 2367 756 2391 Conf.
772 2373 798 2393 c.
815 2372 849 2396 ιο,
862 2368 918 2391 not.
930 2371 1014 2391 s.—-.·‚.
1029 2365 1284 2390 MedIterranei.-⁴.
1298 2364 1342 2389 Sc.
1356 2367 1435 2393 quam

103 2398 235 2423 interiora
249 2400 393 2424 Hibernim.

133 2434 212 2458 XXV.
224 2440 241 2457 I.
251 2434 479 2459 Ulterioruni.—2.
487 2436 552 2459 Cum
561 2436 586 2459 vi
595 2438 783 2461 niovcretur.—
792 2437 932 2462 5.Cibariis
940 2443 946 2460 z
955 2443 1007 2461 una
1017 2433 1220 2465 epuIantes.-⁴.
1228 2437 1317 2461 AEstus
1324 2433 1434 2463 Oceani,

105 2469 190 2495 multo
204 2469 283 2495 altior
296 2476 376 2500 quam
387 2471 581 2496 Mediterranei
595 2473 738 2497 maris-5.
754 2473 904 2499 Intinitivus
915 2472 1036 2503 pendens
1045 2478 1060 2497 a
1069 2468 1436 2502 moenium—&Agricola
