1539 2668
552 165 590 194 A.
611 165 651 194 U.
675 165 710 194 C.
732 165 807 194 768.
831 165 868 194 A.
893 165 928 194 C·
953 164 1003 194 15.
1401 167 1442 196 23

118 240 305 282 Asprenate,
318 238 510 280 proconsule
529 238 657 277 At'ricae,
674 237 791 269 missos
808 237 982 278 tradidere,
1007 238 1138 269 auctore
1154 238 1281 270 Tiberio
1293 262 1302 279 ,
1327 240 1383 280 qui
1403 241 1444 272 fa-

117 296 203 320 mam
221 285 319 318 caedis
335 285 473 326 possein
490 288 698 325 Asprenatem
712 285 797 316 verti
812 285 934 317 frustra
946 286 1142 326 speraverat.

160 338 236 367 Ltv.
259 333 348 365 Idem
364 341 467 364 annus
485 340 585 363 novas
601 332 803 363 caerimonias
823 330 948 373 accepit
975 331 1085 378 addito
1110 332 1267 363 sodalium
1291 337 1444 374 Augusta-

116 383 195 415 lium
219 379 398 412 sacerdotio
414 404 422 419 ,
449 381 484 410 ut
514 378 678 420 quondam
692 381 787 410 ,Titus
806 379 916 411 Tatius
940 379 1119 410 retinendis
1136 379 1328 411 Sabinorum
1345 383 1445 414 sacris

116 428 242 461 sodales
254 427 354 458 Titios
368 427 555 458 instituerat
573 426 594 454 ¹.
621 428 707 458 sorte
724 426 814 458 ducti
833 436 850 459 e
866 426 1062 467 primoribus
1086 426 1229 458 civitatis
1253 437 1336 459 unus
1349 431 1381 460 et
1396 430 1443 461 vi-

115 475 194 517 ginti
209 484 217 506 :
232 473 381 506 Tiberius
399 478 588 514 Drususque
604 476 636 505 et
653 473 806 505 Claudius
829 477 861 505 et
878 474 1086 505 Germanicus
1108 474 1315 511 adjiciuntur.
1336 476 1443 507 Ludos

114 522 304 562 Augustales
319 523 397 552 tunc
412 522 553 562 primum
569 523 693 562 coeptos
711 520 722 538 ²
739 520 888 553 turbavit
898 521 1060 552 discordia
1073 529 1111 551 ex
1128 522 1302 553 certamine
1317 523 1442 554 histrio-

113 577 192 600 num
208 568 232 598 ³.
248 568 424 600 indulserat
440 569 470 599 ei
488 569 613 600 ludicro
631 571 807 607 Augustus,
830 568 908 599 dum
926 568 1092 599 Maecenati
1115 568 1316 609 obtemperat
1341 569 1444 602 effuso

102 616 143 648 >in
163 624 306 647 amorem
330 616 467 656 Bathylli
483 615 518 654 ⁶3
544 624 647 655 neque
676 616 745 655 ipse
766 615 960 646 abhorrebat
985 615 1103 647 talibus
1131 615 1248 647 studiis
1262 641 1270 655 ,
1291 617 1323 647 et
1349 617 1442 649 civile

111 662 241 694 rebatur
257 663 382 694 misceri
397 662 617 703 voluptatibus
633 663 732 703 vulgi.
752 663 813 693 alia
829 662 957 694 Tiberio
973 671 1101 693 morum
1117 663 1171 693 via
1191 672 1198 692 :
1214 663 1270 693 sed
1285 665 1442 704 populum

109 717 168 750 pei·
182 711 231 741 tot
245 719 346 741 annos
360 710 499 741 molliter
517 709 663 741 habitum
679 710 826 741 nondum
840 709 981 741 audebat
996 710 1034 740 ad
1053 710 1185 741 duriora
1201 711 1335 742 vertere.

151 760 213 788 LV.
238 761 343 789 Druso
367 761 492 789 Caesare
507 782 515 797 ,
534 760 570 789 C.
590 756 741 788 Norbano
758 760 848 788 Coss.
868 757 874 774 ¹
902 756 1086 788 decernitur
1109 757 1301 788 Germanico
1326 759 1440 789 trium-

109 803 194 844 phus
209 803 220 822 ²
238 808 387 836 manente
400 804 499 843 beilo;
518 804 606 844 quod
621 812 822 844 quamquam
842 804 874 834 in
891 806 1036 835 aestatem
1058 812 1187 835 sumina
1203 813 1263 844 ope
1286 804 1438 845 parabat,

109 851 205 883 initio
220 852 306 883 ven's
323 855 355 883 et
377 852 544 892 repentino
560 852 593 883 in
611 852 744 883 Chattos
770 860 911 883 excursu
934 851 1084 891 praecepit
1102 850 1126 882 ³.
1147 860 1222 882 nam
1247 861 1320 892 spes
1336 852 1443 883 inces-

107 899 194 929 serat
206 899 359 931 dissidere
383 900 507 930 hostem
531 900 562 930 in
590 900 770 930 Arminium
795 907 831 929 ac
848 902 1008 938 Segestem
1021 897 1031 915 ⁴
1050 923 1060 937 ,
1090 898 1248 937 insignem
1268 901 1443 940 utrumque

93 945 239 986 ‘pertidia
256 946 288 977 in
303 955 362 978 nos
374 949 430 978 aut
445 947 505 977 tide
520 947 543 976 ⁵.
571 946 734 977 Arminius
756 945 906 976 turbator
931 945 1130 983 Germaniae;
1157 949 1300 985 Segestes
1314 947 1442 986 parari

98 992 329 1025 rebellionem
341 1003 426 1034 saepe
440 995 518 1025 alias
531 996 563 1025 et
581 1003 733 1034 supremo
748 993 898 1024 convivio
911 993 923 1010 ὃ
939 1017 947 1032 ,
971 994 1043 1032 post
1066 993 1152 1033 quod
1180 993 1212 1024 in
1229 1002 1319 1024 arma
1336 994 1418 1025 itum
1431 1016 1441 1031 ,

105 1040 247 1079 aperuit,
265 1042 430 1082 suasitque
444 1045 528 1072 Varo
539 1067 546 1081 ‚
560 1044 601 1073 ut
615 1050 650 1073 sc
663 1044 695 1073 et
710 1042 900 1073 Arminium
915 1042 946 1072 e!
961 1042 1088 1071 ceteros
1100 1049 1258 1080 proceres
1278 1043 1442 1081 vincirec⁴3

106 1086 196 1119 nihil
212 1096 381 1120 ausuram
396 1089 529 1129 plebem
543 1088 760 1129 principibus
776 1090 919 1127 amotis,
933 1090 1038 1128 atque
1054 1089 1118 1127 ipsi
1138 1090 1271 1127 tempus
1280 1087 1363 1127 sore
1376 1097 1443 1130 quo

106 1135 252 1165 &imina
273 1137 307 1166 et
332 1138 488 1167 innomos
511 1136 731 1167 discerneret.
756 1135 812 1166 sed
837 1139 940 1166 Varus
961 1135 1029 1166 sato
1051 1137 1084 1165 et
1103 1135 1134 1165 vi
1159 1135 1294 1166 Arminii
1312 1136 1438 1167 cecidit.

106 1182 248 1220 Segestes
261 1190 458 1222 quamquam
473 1191 631 1213 consensu
647 1183 749 1222 gentis
765 1183 797 1213 in
818 1182 939 1212 bellum
954 1184 1077 1212 tractus
1092 1206 1099 1220 ,
1119 1181 1244 1212 discors
1267 1182 1440 1221 manebat,

106 1227 212 1258 auctis
227 1228 379 1267 privatim
396 1229 478 1260 odiis
489 1252 497 1266 ,
512 1229 597 1269 quod
613 1228 774 1259 Arminius
788 1228 884 1259 tiliam
901 1229 970 1268 ejiis
984 1228 1038 1258 aiii
1055 1231 1182 1267 pactam
1208 1234 1367 1269 rapuerat.
1385 1238 1439 1268 ge·

106 1281 164 1305 ner
177 1274 299 1306 invisus
316 1275 325 1292 ⁷
342 1299 350 1313 ,
366 1276 490 1306 inimici
510 1276 631 1313 soceri;
650 1283 790 1315 quaeque
812 1275 898 1314 apud
921 1275 1098 1306 concordes
1119 1275 1249 1306 vincula
1274 1277 1417 1308 caritatis
1430 1301 1440 1316 ‚

105 1319 314 1353 incitamenta
328 1322 449 1353 irarum
465 1323 549 1362 apud
563 1323 706 1353 infensos
716 1323 817 1353 erant.

147 1372 224 1400 LVI.
251 1369 351 1409 igitur
367 1368 372 1386 ¹
392 1370 601 1400 Germanicus
615 1370 771 1408 quattuor
783 1368 940 1407 legiones,
958 1368 1101 1407 quinque
1116 1369 1322 1400 auxiliarium
1340 1370 1440 1401 millia

102 1416 138 1446 et
152 1416 379 1447 tumultuarias
393 1415 405 1433 ²
433 1420 579 1447 catervas
601 1419 835 1447 Germanorum
868 1415 914 1445 cis
935 1415 1082 1445 Rhenum
1107 1416 1282 1446 colentium
1303 1417 1440 1450 Caecinae

103 1462 222 1502 tradit;
241 1463 374 1495 totidem
389 1464 544 1503 legiones,
560 1463 722 1503 duplicem
739 1463 904 1494 sociorum
918 1470 1091 1491 numerum
1111 1461 1177 1499 ipse
1193 1462 1280 1494 ducit
1299 1474 1305 1494 :
1324 1464 1440 1504 posito-

103 1518 166 1549 que
174 1510 305 1542 castello
318 1520 353 1541 su
359 1520 414 1550 per
426 1512 560 1551 vestigia
571 1510 695 1551 paterni
705 1509 846 1550 praesidii
861 1510 892 1539 in
907 1512 1013 1540 monte
1023 1512 1146 1546 Tauno,
1155 1510 1341 1549 expeditum
1352 1520 1440 1542 exer-

104 1556 204 1588 citum
224 1557 255 1588 in
279 1558 410 1589 Chattos
433 1558 539 1598 rapit,
564 1562 596 1589 L.
620 1558 762 1597 Apronio
787 1557 825 1588 ad
850 1556 1048 1587 munitiones
1067 1556 1191 1587 viarum
1218 1559 1251 1588 et
1269 1557 1440 1590 {luminum

103 1605 226 1636 relicto.
253 1614 326 1636 nam
347 1605 475 1645 (rarum
501 1606 547 1637 iili
565 1606 668 1644 caeio)
692 1605 837 1635 siccitate
859 1606 891 1634 et
913 1603 1062 1634 amnibus
1084 1603 1220 1634 modicis
1244 1604 1440 1636 inoffensum

102 1650 164 1683 iter
180 1655 424 1692 properaverat,
441 1652 624 1693 imbresque
641 1655 674 1684 et
688 1652 862 1684 fluminum
877 1653 993 1682 auctus
1010 1650 1202 1689 regredienti
1221 1651 1439 1683 metuebatur.

102 1699 163 1730 sed
175 1699 298 1731 Chattis
315 1699 395 1731 adeo
408 1700 605 1740 improvisus
621 1700 770 1738 advenit,
786 1701 834 1738 ut,
853 1699 940 1738 quod
959 1697 1156 1728 imbecillum
1169 1700 1266 1730 aetate
1284 1708 1322 1730 ac
1346 1708 1440 1739 sexu,

101 1746 209 1778 statim
226 1750 356 1787 captum
372 1750 427 1778 aut
441 1747 640 1779 trucidatum
655 1747 714 1785 sit,
730 1747 884 1785 Juventus
899 1745 910 1763 ³
934 1745 1054 1775 flumen
1072 1745 1233 1776 Adranam
1252 1746 1359 1778 nando
1373 1748 1440 1778 tra-

100 1792 235 1825 miserit.
254 1798 479 1834 Romanosque
495 1797 624 1835 pontem
642 1796 820 1833 coeptantes
844 1792 995 1824 arcebant
1015 1802 1022 1822 :
1041 1792 1116 1823 dein
1139 1793 1310 1824 tormentis
1335 1795 1439 1833 sagit—

101 1841 211 1880 tisque
226 1842 309 1881 pulsi
322 1866 330 1880 ‚
345 1842 474 1874 tentatis
489 1843 606 1873 frustra
623 1841 868 1873 condicionibus
886 1840 975 1879 pacis
987 1863 995 1878 ,
1024 1848 1125 1879 quum
1148 1840 1282 1879 quidam
1303 1840 1344 1871 ad
1369 1844 1440 1872 Ger·

103 1887 267 1918 mauicum
284 1889 517 1928 perfugissent,
538 1888 673 1928 reliqui,
699 1888 827 1919 omissis
850 1887 940 1928 pagis
960 1887 1122 1926 vicisque,
1145 1886 1178 1917 in
1201 1887 1299 1918 silvas
1319 1887 1440 1927 disper—

103 1935 233 1973 guntur.
251 1938 367 1975 Caesar,
382 1935 515 1968 incenso
531 1936 642 1967 Mattio
660 1934 714 1974 (id
733 1936 820 1974 genti
834 1934 844 1952 ⁴
865 1935 1005 1975 caput),
1025 1937 1135 1973 aperta
1154 1934 1324 1973 populatus
1340 1935 1439 1967 vertit

133 1992 197 2016 le.
226 1998 246 2016 ι.
266 1994 284 2017 Α
300 1993 412 2017 Romulo
435 1994 462 2017 in
483 1994 552 2018 Tatii
566 1993 698 2017 honorem
714 1993 855 2017 institutos
869 1993 935 2017 dicit
954 1992 1024 2016 intra
1045 1992 1111 2015 Hist.
1129 1991 1150 2014 ΙΙ
1165 2009 1169 2018 ,
1184 1996 1222 2015 ais.
1245 2004 1274 2008 —
1290 1997 1312 2015 2.
1329 1993 1440 2022 Proprie

103 2029 208 2057 emptos
223 2030 278 2058 jam
298 2035 370 2053 anno
384 2034 426 2053 ⁷⁴³
441 2030 508 2054 :sed
530 2036 612 2058 quum
626 2029 677 2053 hoc
692 2035 761 2053 anno
779 2030 855 2052 certa
877 2030 904 2052 et
917 2028 1052 2052 constanti
1068 2028 1174 2050 ratione
1193 2028 1335 2052 constituti
1357 2031 1440 2059 atque

102 2065 185 2091 annui
197 2064 263 2089 facti
275 2066 380 2093 essent,
392 2065 444 2089 dici
462 2067 589 2095 poterant
603 2067 659 2088 tuin
678 2065 791 2094 primum
809 2065 900 2094 coepti.
914 2076 940 2080 -
957 2069 978 2086 ³.
992 2063 1067 2091 Quod
1084 2062 1137 2086 tate
1159 2064 1217 2086 crat
1231 2069 1237 2086 ε
1256 2065 1441 2092 pantomimus

102 2107 132 2125 se
146 2101 292 2125 constituto
304 2105 352 2130 per
364 2099 450 2128 legem
471 2101 556 2129 pretio
569 2100 729 2124 saltaturum
748 2101 910 2130 negaverat:
924 2098 1039 2128 populus
1052 2098 1192 2126 spectandi
1211 2098 1323 2127 cupidus
1337 2101 1438 2125 tumni-

103 2138 181 2161 tuose
194 2136 330 2159 instabat:
344 2141 428 2165 quare
445 2136 543 2160 tribuni
557 2138 680 2160 senatum
693 2136 786 2159 eadem
798 2136 842 2158 <tie
859 2140 1012 2159 convocare
1027 2134 1130 2162 coacti,
1146 2134 1174 2157 et
1187 2135 1329 2157 senatores
1345 2138 1438 2164 postu-

103 2172 188 2196 iatum
204 2171 321 2200 pretium
335 2171 394 2195 dari
408 2171 600 2196 decreverunt.
614 2185 641 2190 -
655 2177 678 2196 ⁴.
695 2171 854 2195 pantomimi
870 2169 1049 2194 celeberrimi.

134 2207 184 2231 LV.
202 2212 223 2231 ι.
238 2208 312 2231 Anno
323 2206 353 2231 ΙΙ,
368 2211 421 2236 ⁷68,
436 2213 462 2236 p.
481 2207 542 2231 Chr.
559 2213 594 2231 is.
610 2220 637 2224 —
649 2213 671 2231 2.
687 2206 774 2230 Multo
788 2207 849 2236 post
862 2207 952 2233 actus;
967 2210 991 2227 v.
1009 2204 1030 2228 li
1041 2223 1046 2233 ‚
1059 2209 1093 2228 ai.
1106 2217 1135 2221 -
1148 2210 1170 2227 5.
1185 2205 1317 2228 Maturius
1334 2207 1360 2228 ct
1376 2207 1439 2229 ante

104 2242 282 2267 constitutum
296 2243 403 2271 tempus
419 2243 530 2272 incepit.
543 2255 570 2260 —
588 2248 610 2266 4.
626 2242 759 2267 Dissidere
774 2242 810 2265 ita
824 2242 854 2265 ut
866 2241 911 2264 aiii
927 2240 954 2264 in
971 2240 1096 2266 Arminii.
1111 2240 1155 2263 aiii
1169 2240 1196 2262 in
1209 2241 1328 2269 Segestis
1347 2242 1439 2269 parics

105 2276 286 2302 discederent.
313 2289 342 2295 -
357 2283 380 2301 s.
402 2277 476 2302 Alter
497 2278 656 2307 (Arminius)
670 2277 793 2307 perfidia.
811 2276 880 2300 alter
903 2277 1054 2306 (Segestes)
1070 2275 1128 2298 tide.
1147 2287 1175 2291 -
1188 2280 1210 2298 e.
1229 2275 1302 2304 Apud
1325 2276 1437 2303 Varum,

105 2311 150 2339 qui
171 2317 262 2336 secum
277 2312 395 2337 habehat
408 2319 536 2342 proceres
556 2313 615 2337 ilios
635 2314 840 2337 Germanorum.
860 2324 887 2328 —
898 2316 920 2335 7.
935 2310 997 2336 scil.
1014 2316 1109 2334 socero
1128 2311 1242 2339 segesti.
1259 2310 1354 2334 Soceri
1374 2311 1439 2334 sunt

104 2347 228 2375 Segestem
242 2349 270 2371 et
281 2350 358 2377 pater
370 2349 481 2372 Arminii
495 2349 656 2377 Segimerus.

136 2381 194 2406 tvi.
214 2388 235 2406 ι.
258 2384 431 2413 Juugendum
451 2390 511 2408 cum
525 2385 601 2408 initio
612 2390 671 2414 cap.
686 2383 878 2414 praecedentis‚
891 2382 1150 2412 quod—praecepit,
1167 2381 1243 2410 cujus
1256 2380 1360 2409 reliqua
1374 2381 1434 2402 tan-

107 2423 187 2446 quam
212 2419 382 2447 parenthesis
404 2420 565 2449 interposita
586 2421 658 2444 sum..
680 2433 709 2437 —
729 2425 750 2443 2.
765 2420 871 2449 Raptim
893 2419 1074 2448 conscriptas.
1098 2429 1127 2435 --
1145 2422 1167 2441 3.
1180 2417 1351 2441 Germanica.
1370 2418 1429 2436 -⁴.

109 2453 255 2478 Mattiacis.
