1539 2668
529 149 564 180 A.
586 150 627 180 U.
649 149 692 179 Cr
711 149 783 178 809.
806 150 842 178 A.
866 150 901 179 C.
925 151 976 179 56.
1355 149 1414 182 193

128 225 235 254 XXIV.
264 221 340 253 Fine
367 220 442 251 anni
468 219 564 251 statio
589 220 732 251 cohortis
752 221 893 253 assidere
911 221 995 253 ludis
1010 220 1106 253 solita
1127 221 1330 263 demovetur,
1348 233 1413 265 quo

86 271 190 310 major
206 268 328 308 species
346 267 503 299 libertatis
519 269 623 306 esset,
641 270 741 307 utque
759 268 861 307 miles,
876 269 1022 300 theatrali
1042 269 1180 300 licentiae
1196 279 1260 301 non
1277 272 1413 311 permix-

82 319 138 350 tus
151 341 159 356 ,
177 315 394 356 incorruptior
410 315 533 354 ageret,
550 316 582 345 et
597 315 708 355 plebes
725 315 814 346 daret
831 316 1087 356 experimentum
1099 341 1108 356 ,
1120 325 1160 348 an
1178 317 1293 349 amotis
1309 323 1414 351 custo-

83 363 180 396 dibus
200 363 389 394 modestiam
406 362 566 393 retineret.
587 361 705 393 Urbem
730 362 881 402 Princeps
903 363 1051 395 lustravit
1068 363 1075 381 ¹
1098 372 1115 395 e
1132 373 1284 405 responso
1314 366 1411 397 haru-

83 410 228 452 spicum,
246 409 331 450 quod
348 410 435 440 Jovis
452 418 490 439 ac
506 409 659 451 Minervae
675 409 759 441 aedes
777 410 816 441 de
831 411 911 440 coelo
931 411 1023 442 tactae
1037 411 1139 442 erant.

123 462 214 489 XXV.
232 461 268 496 Q.
287 456 435 494 Volusio,
452 460 483 487 P.
498 456 646 495 Scipione
663 460 750 488 Coss.
771 457 777 473 ¹
799 457 903 488 otium
922 457 1018 496 foris,
1036 457 1120 488 sceda
1144 457 1231 489 domi
1256 459 1388 491 lascivia
1401 486 1410 500 ‚

82 514 146 546 qua
162 509 245 536 Nero
265 503 377 534 itinera
390 502 486 534 Urbis
503 507 534 534 et
553 504 720 543 lupanaria
741 506 772 535 et
790 504 988 535 deverticula
1003 528 1012 544 ,
1035 508 1125 536 veste
1142 506 1250 536 servili
1268 507 1300 537 in
1318 507 1410 538 dissi-

81 551 290 582 mulationem
308 551 355 581 sui
373 550 570 590 compositus
584 575 592 590 ‚
611 550 813 591 perrerabat,
829 551 1063 583 comitantibus
1077 552 1132 592 qui
1146 554 1293 592 raperent
1304 554 1412 586 vendi-

78 598 158 630 tioni
174 598 319 638 exposita
339 600 370 629 et
387 597 491 629 obviis
507 598 643 629 vulnera
658 598 833 637 inferrent,
854 598 1009 629 adversus
1025 599 1152 638 ignaros
1166 599 1245 631 adeo
1258 625 1266 639 ‚
1292 602 1328 632 ut
1345 601 1411 641 ipse

76 654 207 686 quoque
224 646 386 685 exciperet
410 646 493 677 ictus
518 647 550 677 et
571 655 625 677 ore
644 646 818 686 praeferret.
845 646 976 685 deinde,
1005 647 1058 677 ubi
1079 648 1248 679 Coesarcm
1264 657 1334 680 csse
1351 651 1409 690 qui

77 695 302 734 qrassaretw·
319 693 502 733 pernotuit,
516 693 781 733 augebanturque
799 694 924 733 injiiriae
939 694 1093 725 adversus
1109 695 1196 726 viros
1211 695 1410 736 feminasque

76 741 238 780 insignes,
253 743 284 771 et
301 740 450 780 quidam,
474 741 628 780 permissa
643 741 742 772 semel
765 741 892 772 licentia
905 765 913 780 ,
931 741 991 772 sub
1009 741 1139 772 nomine
1156 743 1290 773 Neronis
1315 743 1408 775 inulti

76 787 215 827 propriis
231 796 305 818 cum
323 787 423 827 globis
440 787 550 818 eadem
567 788 779 826 exercebant,
796 790 828 819 et
848 789 880 819 in
894 788 1026 819 modum
1041 789 1236 828 captivitatis
1253 799 1316 820 nox
1332 799 1408 830 age-

76 833 183 864 batur.
199 834 302 865 Julius
329 834 458 874 quidem
476 835 667 873 Montanus,
696 834 847 865 senatorii
866 835 1007 875 ordinis,
1034 836 1089 866 sed
1107 836 1160 875 qui
1185 837 1329 867 nondum
1352 838 1406 868 ho-

74 889 186 911 norem
203 881 410 920 capessisset,
429 890 619 921 congressus
637 881 720 911 sorte
743 890 799 920 per
819 881 968 912 tenebras
991 890 1066 912 cum
1094 883 1261 922 Principe,
1281 884 1356 923 quia
1373 885 1406 915 vi

73 928 286 959 attentantem
301 928 415 959 acriter
429 928 600 968 repulerat,
611 927 725 959 deiude
734 929 879 967 agnitum
894 930 1052 967 oraverat,
1064 930 1153 968 quasi
1168 931 1405 969 exprobrasset,

74 974 156 1004 niori
174 975 307 1006 adactus
331 977 389 1006 cst.
418 979 500 1006 Nero
519 978 645 1013 autem,
665 975 861 1006 metuentior
879 975 910 1005 iu
938 976 1120 1014 posterum,
1145 977 1262 1007 milites
1285 977 1345 1008 sibi
1374 981 1405 1010 et

73 1021 242 1061 plerosque
258 1022 451 1061 gladiatores
479 1022 709 1061 circumdedit,
737 1022 792 1061 qui
817 1022 962 1052 rixarum
988 1022 1077 1053 initia
1108 1024 1235 1054 modica
1263 1026 1295 1054 et
1312 1027 1404 1064 quasi

74 1068 197 1107 privata
214 1069 371 1107 sinerent3
389 1070 413 1100 si
431 1078 448 1099 a
468 1069 553 1100 laesis
571 1069 710 1099 validius
724 1072 884 1108 ageretur,
899 1077 989 1099 arina
1004 1069 1192 1101 inferebant.
1214 1070 1401 1102 Ludicrarn2

71 1123 201 1155 quoque
217 1115 378 1146 licentiam
396 1118 427 1147 et
445 1117 585 1147 fautores
600 1116 792 1147 histrionum
810 1116 898 1146 velut
914 1115 944 1145 in
960 1116 1072 1155 proelia
1088 1117 1247 1148 convertit
1261 1118 1402 1158 impuni-

74 1163 138 1192 tate
150 1164 181 1192 et
195 1163 350 1202 praemiis,
370 1164 466 1202 atque
491 1162 557 1201 ipse
584 1162 732 1193 occultus
759 1164 791 1193 et
815 1163 1005 1201 plerumque
1033 1171 1142 1193 corani
1173 1166 1402 1204 prospectans,

73 1207 175 1239 donec
197 1208 337 1239 discordi
360 1210 480 1249 populo
503 1210 534 1239 et
555 1208 711 1248 gravioris
740 1211 848 1239 motus
868 1210 992 1239 terrore
1022 1218 1085 1239 non
1107 1209 1193 1240 aliud
1221 1211 1400 1242 remedium

72 1256 233 1295 repertum
252 1258 310 1295 est,
329 1265 425 1296 quam
440 1258 474 1286 ut
490 1255 663 1286 histriones
680 1255 771 1286 Italia
788 1255 995 1295 pellerentur,
1014 1256 1173 1295 milesque
1190 1257 1315 1289 theatro
1330 1268 1400 1289 rur-

71 1311 145 1333 sum
168 1302 334 1333 assideret.

113 1353 219 1380 XXVI.
246 1353 299 1380 Per
326 1349 410 1379 idem
428 1351 556 1389 tempus
579 1351 686 1380 actum
712 1349 745 1379 in
770 1345 883 1379 s'enatu
910 1348 1157 1387 desi-auclibus
1176 1350 1400 1390 liherlorum‚

68 1396 344 1436 efflagitatumque
360 1399 401 1428 ut
417 1397 581 1427 adversus
596 1396 689 1427 male
704 1398 845 1427 meritos
864 1396 1068 1427 revocandae
1092 1397 1263 1428 libertatis
1267 1399 1329 1437 jzcs
1338 1408 1402 1439 pa-

72 1444 180 1474 tronis
196 1443 353 1474 daretur.
381 1452 439 1474 nec
458 1443 589 1474 deerant
607 1443 664 1483 qui
681 1445 863 1474 censerent.
883 1442 938 1473 sed
964 1444 1129 1482 consules,
1149 1444 1333 1476 relationem
1353 1447 1399 1476 in-

69 1489 175 1530 cipere
193 1499 256 1520 non
273 1490 341 1521 ausi
359 1491 467 1530 ignavo
483 1490 646 1530 Principe,
675 1490 889 1529 perscripsere
910 1491 1019 1521 tamen
1036 1498 1226 1521 consensum
1247 1494 1377 1524 senatus
1390 1518 1399 1532 ,

73 1536 146 1568 'ille
157 1546 201 1569 cm
217 1539 339 1568 [luctor
353 1536 722 1577 constitutionisfieret,
734 1538 769 1567 ut
782 1536 865 1567 inter
876 1545 995 1576 paucos
1009 1538 1041 1567 et
1052 1538 1221 1568 sententiae
1235 1538 1377 1570 diversos
1389 1551 1399 1579 ;

64 1583 260 1623 quibusdam
279 1597 294 1611 «
310 1584 458 1615 coalitam
478 1584 626 1615 libertate
642 1583 884 1614 irreverentiam
900 1592 938 1614 eo
952 1584 1133 1623 prorupisse
1147 1597 1161 1611 »
1177 1585 1398 1623 trementibus,

69 1643 84 1657 «ι
104 1634 140 1662 ut
155 1631 227 1662 vine
243 1640 282 1662 an
299 1640 391 1671 aequo
408 1640 480 1662 cum
499 1631 639 1671 patronis
651 1631 721 1670 jure
738 1631 889 1670 agerent,
906 1631 1095 1661 seutentiam
1109 1639 1220 1662 eorum
1237 1631 1248 1649 ²
1273 1633 1399 1663 consul-

70 1691 85 1705 «
101 1679 225 1717 tarent,
248 1687 285 1709 ac
314 1678 526 1709 verberibus3
552 1686 668 1709 manus
693 1678 777 1709 ultro
795 1677 1020 1717 intenderent,
1039 1678 1170 1718 impune
1199 1679 1249 1710 vel
1270 1688 1398 1719 poenam

65 1737 84 1751 «ι
102 1734 191 1756 suam
213 1725 434 1756 dissuadentes
448 1725 473 1756 ⁴.
493 1726 569 1765 quid
588 1725 673 1757 enim
695 1725 781 1756 aliud
798 1725 875 1756 laeso
891 1727 1024 1765 patrono
1039 1734 1229 1757 concessum
1247 1736 1344 1766 quam
1364 1730 1398 1758 ut

68 1783 85 1797 «
106 1771 294 1803 vicesimum
313 1773 397 1804 ultra
422 1772 561 1813 lapidem
576 1773 601 1812 ⁵,
631 1773 663 1803 in
681 1781 770 1803 oram
791 1772 974 1812 Campaniae
998 1772 1152 1804 libertum
1174 1774 1397 1813 relegetece-

69 1830 83 1844 α
100 1820 191 1858 ,teras
205 1821 347 1850 actiones
363 1819 373 1837 ⁵
396 1819 595 1859 promiscuas
611 1823 644 1851 et
668 1828 760 1860 pares
786 1828 866 1851 esse.
888 1819 1099 1850 tribuendum
1123 1820 1253 1860 aliquod
1270 1821 1372 1852 telum
1386 1846 1396 1861 ,

66 1876 85 1890 ει
105 1865 189 1904 quod
208 1866 314 1905 sperni
331 1868 479 1905 nequeat.
499 1874 558 1896 nec
574 1874 670 1905 grave
686 1865 908 1904 manumissis,
933 1875 990 1906 per
1006 1866 1090 1897 idem
1103 1866 1293 1906 obsequium
1318 1869 1395 1899 reti-

67 1924 85 1937 «
103 1912 200 1942 nendi
216 1911 225 1929 ⁷
248 1912 429 1943 libertatem
441 1936 451 1952 ,
465 1920 520 1951 per
538 1911 625 1952 quod
642 1912 779 1943 assecuti
798 1912 874 1943 sint.
896 1915 928 1943 at
939 1912 1113 1943 criminum
1128 1913 1315 1945 manifestos
1331 1924 1397 1947 me-

95 2019 188 2044 XXIV.
201 2024 221 2042 i.
235 2019 311 2048 Quod
322 2019 405 2043 fiebat
418 2018 593 2043 suovetaurili
605 2018 648 2049 (de
661 2024 714 2048 quo
733 2024 760 2042 v.
775 2018 860 2047 advl,
883 2019 921 2047 ⁵7)
935 2020 963 2042 et
979 2017 1182 2042 amburbalibus
1201 2019 1284 2048 (circa
1294 2020 1394 2046 Urbem

65 2057 95 2079 ct
110 2055 239 2079 terminos
250 2055 348 2083 ductis)
364 2055 468 2079 hostiis.

96 2091 177 2114 XXV.
194 2096 214 2114 ι.
230 2091 258 2114 Α.
270 2091 297 2114 U.
316 2096 368 2119 809,
383 2097 409 2119 p.
426 2090 486 2114 Chr.
499 2095 536 2113 se.
552 2103 578 2106 —
593 2095 616 2113 2.
634 2089 780 2113 Ludiorum
795 2089 838 2112 vel
852 2089 1023 2113 histrionum.

96 2126 480 2155 XXV1.i.Sc.interrogantis
493 2130 531 2148 an
544 2126 635 2148 etc.-
648 2129 669 2147 2.
690 2124 810 2153 ipsorum
836 2125 1023 2152 patronorum.
1044 2136 1073 2141 —-
1095 2130 1116 2147 5.
1136 2123 1177 2148 Ad
1202 2124 1317 2149 verbera
1339 2127 1394 2157 (pa-

66 2161 147 2184 trono
162 2160 300 2184 inscrenda
311 2161 330 2189 ).
339 2175 365 2178 -—
375 2165 396 2184 4.
409 2161 560 2185 Atrocitate
573 2160 703 2183 facinoris
714 2165 820 2188 poenam
829 2159 934 2188 legibus
951 2159 1122 2183 constitutam
1132 2160 1219 2188 (cujus
1233 2159 1391 2190 lenitasjain

68 2196 204 2225 adjicitur)
228 2197 429 2224 dissuadentes,
451 2198 578 2226 patronos
594 2195 627 2219 ab
651 2201 683 2219 ea
702 2195 845 2223 irroganda
860 2195 1035 2218 dehortantes
1047 2214 1052 2224 ,
1064 2196 1096 2218 ut
1113 2195 1158 2224 qui
1172 2195 1289 2224 indignis
1305 2198 1393 2221 modis

68 2231 162 2254 affecti
176 2237 254 2260 quam
268 2232 380 2256 ridicule
390 2232 519 2255 vindicati
531 2231 616 2255 videri
628 2230 746 2254 mallent.
761 2230 811 2253 Sed
826 2231 899 2253 totus
912 2230 987 2253 locus
999 2231 1143 2260 corruptus
1156 2232 1196 2253 est
1209 2231 1256 2254 aut
1270 2236 1391 2259 mancuS,

67 2277 98 2283 —
110 2272 136 2290 15.
146 2267 187 2290 Sc.
202 2267 235 2291 ab
250 2268 327 2292 Urbe.
345 2268 408 2296 Quae
422 2267 536 2291 fortasse
554 2267 667 2296 Augusti
688 2265 730 2289 lex
746 2266 813 2288 erat.
828 2265 953 2289 Libertus
968 2267 1062 2289 autem
1088 2266 1127 2289 sic
1144 2265 1268 2290 habitare
1282 2269 1394 2296 poterat

69 2302 246 2325 amoenissima
270 2303 420 2332 campaniae
436 2303 505 2331 loca,
521 2301 631 2326 urbanis
650 2301 788 2330 obsequiis
805 2301 833 2325 et
851 2300 947 2324 officiis
967 2306 1031 2329 erga
1051 2301 1196 2330 patronum
1209 2300 1351 2327 liberatus
1362 2316 1391 2320 -

67 2342 92 2360 e.
106 2337 148 2360 Sc.
163 2335 230 2366 legis
244 2343 250 2360 :
270 2338 297 2361 in
310 2338 408 2361 ceteris
431 2343 522 2361 coram
541 2336 670 2361 tribunall
689 2336 803 2359 eandem
818 2340 877 2359 esse
891 2335 1077 2359 conditionem
1092 2336 1200 2366 patroni
1211 2337 1239 2359 et
1251 2335 1390 2362 liberti„—

67 2378 90 2396 7.
111 2373 161 2396 Pro
183 2373 323 2402 retinere,
348 2379 380 2397 ac
402 2374 424 2397 si
447 2373 627 2402 praecessisset
648 2371 847 2396 substantivum
862 2377 869 2395 :
882 2376 934 2396 nec
957 2370 1041 2396 ullam
1065 2371 1217 2397 molestiam
1243 2377 1302 2397 esse
1323 2373 1398 2398 reti-

69 2407 167 2438 nendi,
182 2408 237 2432 etc.
252 2408 328 2433 Cont-
346 2408 419 2434 dicta
432 2408 467 2433 ad
476 2408 532 2437 XV.
549 2409 574 2432 ὅ.

1246 2455 1267 2488 S
