1539 2668
169 187 231 217 226
539 190 672 221 TACI'I'I
694 189 903 220 ANNALIUM
924 191 1011 220 Lm!
1020 192 1101 222 xtv.

172 275 190 291 κ
207 264 344 304 praevisa
353 262 380 303 ²,
395 263 454 295 sed
464 263 573 295 subita
588 263 740 304 expedire
756 264 906 297 docuisti,
919 265 1042 297 abavus
1061 274 1156 297 meus
1173 266 1337 306 Augustus
1353 268 1502 309 Agrippae

174 324 191 340 «
207 313 240 343 et
254 311 418 342 Maecenati
434 320 589 351 usurpare
605 312 709 343 otium
719 314 793 352 post
810 312 934 344 labores
948 313 1119 352 concessit,
1131 313 1231 344 sedin
1243 322 1280 345 ea
1295 313 1501 356 ipsa=aetate³,

174 371 192 388 ι
209 358 300 398 cujus
316 358 491 390 auctoritas
511 361 655 390 tueretur
669 358 823 399 quicquid
839 359 919 391 illud
934 361 966 392 et
980 360 1386 401 qualecunquetribuisset
1401 371 1409 392 :
1424 363 1504 394 atta-

175 419 192 436 α
208 415 282 438 men
299 408 450 437 neutrum
465 405 549 437 datis
565 415 583 437 a
596 415 630 437 se
646 406 789 446 praemiis
806 406 910 439 exuit.
926 406 1008 439 bello
1030 410 1062 439 et
1076 407 1228 448 periculis
1248 409 1451 439 meruerant:
1470 409 1504 441 in

174 467 191 483 «
209 453 259 485 his
276 454 361 485 enim
375 453 509 491 Juventa
522 453 656 494 Augusti
670 455 799 485 versata
814 455 874 486 est..
889 463 948 486 nec
961 455 1039 486 mibi
1054 455 1115 486 tela
1133 456 1165 485 et
1176 463 1294 486 *mauris
1307 456 1374 486 tuae
1388 455 1504 487 defuis-

176 514 192 530 ιι
210 503 281 532 sent
300 501 332 530 in
348 500 446 531 armis
460 500 585 540 agenti,
601 501 656 532 sed
672 500 759 541 quod
768 510 912 541 praesens
937 501 1079 533 conditio
1093 501 1258 541 poscebat,
1272 501 1409 542 ratione,
1427 510 1505 533 con·
1538 515 1539 531 ι

177 563 193 577 «ι
210 549 292 587 silio,
312 547 480 587 praeceptis
496 548 668 587 pueritiam
680 572 690 587 ,
706 548 779 579 dein
791 551 959 588 juventam
975 558 1079 580 meam
1098 548 1219 579 fovisti.
1249 551 1279 579 et
1299 551 1355 580 tua
1374 547 1505 589 quidem

176 610 192 625 «ι.
207 605 282 636 erga
296 604 347 626 me
365 603 512 635 munera,
537 595 614 626 dum
630 595 697 626 vita
713 596 881 635 suppetet,
902 597 1022 627 aeterna
1049 598 1161 627 erunt:
1181 604 1253 634 quae
1272 604 1290 626 a
1306 604 1359 626 me
1384 595 1485 627 hahes
1496 619 1506 636 ,
1538 602 1539 608 ¹

176 659 192 673 «ι
211 643 296 675 horti
311 644 343 673 et
361 642 464 672 smnus
477 643 510 672 et
526 641 621 680 villae,
634 641 762 673 casibus
778 642 920 673 obnoxia
933 643 1019 673 sunt.
1032 651 1068 673 ac
1087 642 1158 673 licet
1177 642 1279 673 multa
1294 641 1304 660 ⁴
1322 641 1507 682 videantur,

177 706 192 721 a
211 690 355 731 plerique
370 688 621 728 haudquaquam
634 688 760 719 artibus
772 689 839 719 tuis
855 697 945 728 pares
961 688 1055 728 plura
1073 690 1261 720 tenuerunt.
1278 688 1378 729 pudet
1390 689 1509 720 referre

176 737 371 770 «libertinos
384 760 393 775 ,
414 735 469 775 qui
492 735 627 766 ditiores
643 737 840 776 spectantur.
867 735 954 767 unde
979 735 1077 766 etiam
1101 734 1212 766 rubori
1233 735 1313 766 mihi
1327 736 1393 776 est,
1421 735 1508 776 quod

178 799 193 813 a
211 784 395 827 pracipuus
412 783 544 813 caritate
561 782 705 813 nondum
724 791 838 814 omnes
858 783 984 814 fortuna
997 782 1172 813 antecellis.

216 837 293 865 LVI.
312 835 448 861 «Verum
467 832 499 861 et
511 830 570 861 tibi
588 830 692 861 valida
703 833 780 861 aetas
795 829 957 869 rebusque
970 832 1002 860 et
1020 829 1152 860 fructui¹
1168 838 1275 861 rerum
1290 829 1465 868 sufficiens,
1476 830 1510 860 et
1537 832 1538 841 ³

177 897 195 914 ι
211 890 270 913 nos
283 879 386 920 prima
404 877 530 917 imperii
544 877 648 916 spatia
658 877 868 916 ingredimur,
884 877 948 907 nisi
966 877 1049 907 torte
1062 879 1118 907 aut
1131 879 1162 908 te
1179 876 1309 908 Vitellio
1322 879 1371 908 ter
1384 875 1509 907 consuli

178 944 193 959 «
211 932 266 960 aut
281 936 331 957 me
342 923 487 957 Claudio²
500 923 675 964 postponis.
688 924 745 954 sed
759 925 918 963 quantum
930 923 1063 954 Volusio
1077 925 1170 962 longa
1184 923 1381 963 parcimonia
1396 922 1512 964 quaesi·

179 989 195 1004 a
210 975 288 1013 vit'2,
303 976 428 1004 tantum
444 971 518 1001 inte
530 979 603 1001 mea
614 970 788 1001 liberalitas
799 970 927 1010 explere
941 979 1005 1000 non
1016 972 1131 1010 potest.
1142 970 1233 1010 quius·
1242 994 1250 1008 ,
1263 970 1289 1001 si
1300 970 1407 1010 quain
1419 970 1512 1011 parte

179 1037 195 1051 ιι
214 1018 599 1054 lubricumadolesceutiae
613 1020 733 1049 nostrae
747 1017 898 1056 declinat,
914 1026 1056 1055 revocas,
1072 1017 1303 1057 ornatumque-‘³
1324 1017 1421 1048 robur
1433 1016 1511 1048 sub-

178 1084 194 1098 «
211 1070 292 1102 sidio
307 1066 481 1107 impensius
499 1066 603 1104 regis?
621 1073 686 1094 non
700 1066 757 1095 tua
779 1064 974 1103 moderatio,
993 1065 1018 1095 si
1040 1064 1218 1095 reddideris
1234 1064 1422 1104 pecuniam,
1452 1071 1513 1095 nec

179 1131 195 1145 «ι
212 1116 312 1157 quies,
324 1115 348 1145 si
365 1112 532 1152 reliqueris
546 1111 739 1151 Principem,
752 1111 807 1142 sed
821 1111 1040 1150 meaavaritia,
1051 1120 1132 1142 meae
1142 1110 1343 1142 crudelitatis
1355 1111 1462 1143 metus
1478 1110 1513 1142 in

180 1179 195 1193 «ι
212 1173 267 1195 ore
279 1161 425 1193 omnium
438 1159 632 1190 versabitur.
651 1158 766 1198 quodsi
784 1158 925 1189 maxime
937 1158 1137 1189 continentia
1147 1162 1201 1188 tua
1215 1157 1375 1197 laudetur,
1387 1167 1453 1189 non
1466 1157 1514 1188 ta·
1537 1171 1539 1173 ·

180 1226 196 1240 α
215 1219 288 1242 men
310 1207 447 1248 sapienti
468 1206 539 1236 viro
564 1206 719 1237 decorum
736 1205 852 1245 suerit,
876 1205 960 1236 unde
986 1206 1090 1236 amico
1115 1206 1280 1236 infamiam
1308 1208 1411 1246 paret,
1435 1204 1514 1237 inde
1538 1211 1539 1236 l

179 1273 195 1287 «
215 1257 349 1299 gloriam
371 1255 431 1286 sibi
451 1254 603 1293 recipere.
622 1266 637 1280 »
655 1253 714 1284 His
730 1252 842 1292 adjicit
858 1253 1065 1292 complexum
1082 1255 1114 1284 et
1127 1253 1254 1290 oscula,
1271 1253 1375 1284 sactus
1394 1253 1514 1284 natura
1538 1240 1539 1277 l

178 1307 210 1339 et
224 1302 462 1337 cousuetudine
479 1301 642 1332 exercitus
657 1301 763 1331 velare
775 1299 888 1331 odium
908 1300 1076 1331 fallacibus
1094 1300 1270 1331 blanditiis.
1291 1304 1431 1339 Seneca,
1455 1297 1514 1340 qui
1538 1284 1539 1343 l

177 1356 252 1389 finis
269 1354 415 1385 oninium
434 1361 508 1382 cum
529 1351 716 1382 dominante
733 1359 930 1388 sermonum,
947 1352 1050 1390 grates
1065 1350 1132 1389 agit
1147 1359 1154 1379 :
1169 1350 1225 1380 sed
1239 1349 1389 1380 instituta
1399 1348 1516 1390 prioris
1537 1347 1539 1388 i

179 1402 333 1444 potentiae
351 1400 549 1437 commutat,
574 1398 723 1438 probibet
740 1400 842 1428 coetus
855 1397 1064 1428 salutantium
1075 1421 1083 1436 ,
1098 1397 1179 1428 vitat
1193 1397 1398 1436 comitantes,
1423 1404 1516 1428 rarus
1537 1400 1539 1434 Ι

179 1459 237 1490 per
253 1449 394 1486 Urbem,
420 1446 512 1486 quasi
537 1445 724 1477 valetudine
748 1442 876 1476 insensa
898 1448 954 1476 aut
979 1444 1144 1485 sapientiae
1160 1443 1275 1476 studiis
1296 1442 1385 1474 domi
1399 1443 1516 1475 attine-
1534 1443 1539 1484 ⁴,

180 1498 281 1528 retur.
1536 1497 1539 1519 l

221 1546 314 1575 LVII.
330 1539 481 1572 Perculso
494 1542 613 1570 Seneca
626 1541 813 1578 promptum
829 1538 890 1571 fuit
904 1538 1023 1570 Rufum
1038 1538 1171 1569 Fenium
1189 1537 1381 1568 imminuere
1395 1537 1513 1577 Aqrip-
1532 1537 1533 1584 J

176 1592 274 1632 piuoe
290 1590 482 1620 nuncetiam
500 1586 534 1617 in
557 1595 595 1617 eo
619 1585 878 1617 criminantibus.
898 1586 1100 1625 validiorque
1125 1586 1156 1615 in
1181 1585 1250 1615 dies
1272 1583 1466 1623 Tigellinus,
1483 1581 1533 1615 etl

180 1638 283 1668 malas
297 1638 384 1667 artes
397 1659 405 1673 ,
421 1634 538 1674 quibus
558 1632 637 1663 solis
651 1632 812 1672 pollebat,
831 1633 986 1672 gratiores
1003 1638 1106 1671 ratus,
1125 1631 1151 1662 si
1169 1631 1350 1671 Principem
1360 1630 1516 1662 societate
1531 1629 1533 1677 j

182 1685 340 1715 scelerum
369 1681 595 1719 obstringeret,
625 1681 731 1710 metus
758 1680 827 1719 ejus
845 1679 979 1710 rimatur
993 1680 999 1697 ¹
1013 1691 1022 1719 ;
1048 1682 1278 1718 compertoque
1300 1677 1450 1709 Plautum
1483 1675 1532 1723 et,

183 1731 303 1764 Sullam
319 1728 462 1759 maxime
484 1726 587 1757 timeri
601 1750 610 1765 ,
625 1726 775 1757 Plautum
789 1726 821 1757 in
836 1726 943 1757 Asiam
956 1751 964 1765 ,
983 1726 1103 1758 Sullam
1126 1726 1158 1755 in
1176 1725 1306 1755 Galliam
1328 1723 1514 1756 Narbonen-
1530 1730 1532 1761 ς

181 1787 250 1811 sem
266 1785 368 1817 nuper
381 1772 536 1812 amotos2,
548 1773 767 1805 nobilitatem
781 1782 899 1804 eorum
913 1775 947 1804 ct
956 1775 1167 1813 propinquos
1186 1772 1265 1803 huic
1284 1773 1444 1810 Orientale,
1459 1765 1532 1802 illi}

187 1825 383 1857 Germamoe
398 1823 569 1852 careremus
588 1821 832 1851 commemorat.
856 1833 870 1847 ιι
884 1829 948 1851 non
964 1828 1009 1858 se,
1029 1821 1063 1850 ut
1082 1821 1237 1858 Burrum,
1256 1818 1400 1850 diversas
1411 1816 1531 1858 spes&

185 1886 201 1900 (t
220 1871 275 1903 sed
291 1870 393 1901 solam
419 1867 676 1899 incolumitatem
694 1866 828 1897 Neronis
841 1870 987 1907 spectare
1007 1876 1013 1897 z
1032 1866 1084 1897 cui
1103 1866 1209 1897 caveri
1229 1866 1394 1906 utcunque
1406 1863 1447 1896 ab
1460 1872 1531 1903 ur-¹

185 1933 200 1947 «ι
218 1918 312 1950 banis
327 1915 453 1947 insidiis
468 1913 620 1955 praesenti
634 1922 728 1953 cura3
744 1913 938 1954 longinquos
956 1916 1063 1945 motus
1077 1921 1217 1953 quonam
1236 1912 1332 1944 modo
1345 1909 1516 1952 comprimi

184 1979 200 1994 «ι
219 1967 335 2006 posse?
359 1965 483 1994 erectas
507 1960 623 1993 Gallias
650 1961 690 1991 ad
720 1969 838 1992 nomen
862 1961 1068 1992 dictatorium
1084 1959 1111 2000 ⁴,
1134 1969 1192 1991 nec
1218 1960 1327 1991 minus
1348 1958 1530 1999 suspectos

186 2027 201 2041 «ι
218 2013 302 2044 Asiae
320 2010 457 2051 populos
474 2007 666 2039 claritudine
682 2008 735 2039 avi
757 2008 852 2039 Drusi
865 2008 890 2040 ⁵.
909 2008 1029 2040 sullam
1053 2008 1183 2048 inopem
1195 2031 1204 2047 ,
1221 2007 1305 2038 unde
1317 2005 1530 2047 praecipuam}

187 2073 203 2088 ιι
220 2059 407 2096 audaciam,
429 2059 462 2088 et
486 2054 709 2087 simulatorem
733 2055 889 2095 segnitiae,
915 2055 993 2085 dum
1023 2054 1197 2086 temeritati
1214 2054 1324 2085 locum
1348 2051 1513 2093 reperiret.

186 2119 203 2134 ιι
220 2107 372 2138 Plautum
386 2103 511 2144 magnis
523 2101 640 2143 opibus
649 2101 660 2120 ‘³
673 2110 714 2133 ne
728 2101 848 2142 fingere
862 2101 994 2142 quidem
1009 2100 1194 2141 cupidinem
1211 2100 1281 2140 otii,
1296 2099 1354 2132 sed
1367 2100 1516 2131 veterum

185 2187 239 2206 -2
254 2183 292 2206 Ex
310 2183 435 2211 tempore.
453 2180 511 2204 sine
525 2178 705 2203 meditatione
719 2178 948 2208 proferenda—3.
959 2179 1045 2207 Quum
1060 2183 1095 2200 ea
1106 2177 1186 2200 aetate
1201 2175 1340 2199 esset-⁴.
1359 2175 1405 2200 Sc„
1416 2179 1484 2198 esse.

216 2220 279 2246 1,V1.
291 2223 313 2242 ι.
331 2218 411 2247 Quasi
424 2218 498 2240 dicas
511 2215 698 2240 fruitioni.—2.
712 2215 763 2244 Qui
783 2216 811 2239 1..
825 2213 962 2238 Vitellium
978 2216 1092 2243 (patrem
1115 2210 1301 2241 imperatoris)
1313 2211 1355 2234 ter
1371 2209 1406 2234 ad
1417 2214 1515 2234 consu-

184 2255 272 2281 latum
286 2255 377 2277 evexit
390 2254 417 2277 et
433 2253 492 2276 aliis
505 2251 621 2282 praemiis
638 2251 757 2278 ornav-it,
771 2249 943 2274 adulatorem
954 2250 1181 2273 consummatum.
1196 2259 1224 2263 —
1238 2252 1260 2270 a.
1273 2246 1340 2270 Vide
1351 2245 1425 2274 xus,
1441 2249 1513 2269 zo.—

187 2297 210 2316 ι.
222 2292 275 2315 Cur
289 2294 407 2314 ηοω-5.
419 2290 460 2312 Sc.
470 2287 622 2317 praeceptiS,
634 2286 753 2310 consiliis
760 2286 820 2310 tuis.

217 2326 294 2351 Lvll.
306 2330 325 2349 ι.
334 2323 482 2353 Diligenter
491 2323 695 2346 scrutatur—2.
704 2321 766 2345 Vid.
782 2326 864 2350 supra
876 2325 902 2344 c.
917 2325 961 2349 εἰς
972 2319 1044 2347 xm,
1053 2324 1143 2343 tiz—5.
1153 2318 1225 2347 Quas
1237 2315 1514 2347 Tigeilinus‘fortasse

187 2362 252 2387 inde
274 2359 413 2388 confingit,
431 2358 503 2388 quod
518 2359 651 2387 impetum
673 2357 790 2382 Neronis
799 2357 835 2381 in
864 2357 1038 2386 Agrippinam
1061 2355 1234 2384 aliquatenus
1258 2352 1381 2377 cohibuit
1404 2352 1515 2376 Burrus-

190 2395 265 2421 Coni.
283 2395 400 2419 Neronis
410 2393 493 2418 verba
512 2394 545 2417 dc
561 2394 676 2417 Aniceto
689 2393 823 2423 elom-4.
837 2391 923 2419 Sullae,
937 2392 983 2421 qui
996 2393 1056 2415 erat
1069 2397 1103 2414 ex
1116 2389 1232 2419 posteris
1244 2388 1312 2413 clari
1321 2387 1471 2426 dictatoris.
1484 2397 1513 2402 —
1529 2403 1531 2421 ,

187 2451 194 2458 .
210 2432 231 2457 N
240 2436 284 2454 am
299 2431 386 2455 mater
395 2428 482 2454 Plauti
495 2430 557 2454 etat
566 2428 701 2454 Juliafilia
713 2429 803 2458 Duusi,
815 2427 1024 2458 neptis'l'iberii.
1038 2425 1188 2456 suspectos
1207 2430 1246 2449 sc.
1264 2424 1390 2448 erectum
1402 2423 1436 2447 iri
1453 2420 1513 2446 cla-
