1539 2668
137 189 194 219 138
536 187 670 216 TACITI
693 187 900 216 ANNALIUM
923 188 995 216 LIB.
1020 189 1073 217 vl.

124 276 140 291 <t
157 263 234 302 jano
252 261 336 292 haud
354 261 468 301 sponte
480 283 488 299 ‚
509 260 565 292 sed
581 260 716 291 consilio
733 260 850 291 Tiberii
876 262 1033 301 coeptam3
1059 260 1194 301 perinde
1221 269 1255 292 se
1272 270 1369 301 quam
1392 263 1449 295 Ti—

124 322 140 336 u
161 309 285 339 bei-ium
305 308 369 339 falli
392 308 552 348 potuisse,
575 314 680 347 neque
706 316 846 339 errorem
876 308 1013 339 eundem
1044 308 1088 339 illi
1118 308 1186 338 sine
1213 307 1345 349 fraude,
1374 311 1447 343 aliis

122 368 139 383 «
158 355 257 387 exitio
281 355 476 386 habendum.
498 354 558 385 sibi
585 354 681 385 tidem
706 354 861 394 integram
884 355 933 393 et,
960 355 984 385 si
1008 355 1105 385 nullis
1125 354 1247 386 insidiis
1271 359 1447 396 peteretur,

121 415 138 429 «
158 411 342 434 mansuram
359 412 365 432 :
386 410 603 433 successorem
620 410 683 432 non
700 402 792 433 aliter
809 411 906 442 quam
920 402 1073 432 indicium
1092 403 1204 433 mortis
1223 403 1444 442 accepturum.

121 462 138 477 ιι
156 448 322 480 firmarent
339 450 428 480 velut
445 449 548 479 soedus
561 473 570 486 ,
585 458 650 489 quo
663 449 816 489 Princeps
833 451 1011 480 ceterarum
1038 458 1143 480 rerum
1172 451 1348 489 poteretur,
1377 450 1446 490 ipse

121 509 137 523 «
157 497 355 536 provinciam
380 496 542 527 retineret.
556 508 571 523 ι·
589 496 660 527 haec
672 520 681 535 ,
697 496 779 527 mira
791 505 986 536 quamquam
1001 520 1009 535 ,
1026 495 1121 526 fldem
1147 505 1186 527 ex
1208 506 1246 527 eo
1260 497 1444 538 trahebant,

116 543 206 583 quod
222 553 306 574 unus
328 544 474 574 omnium
493 543 599 582 Sejani
623 542 768 574 affinium
794 543 966 574 incolumis
989 543 1155 583 multaque
1180 544 1280 583 gralia
1306 545 1444 584 mansit,

117 593 289 631 reputante
315 591 445 621 Tiberio
472 590 638 630 publicum
660 591 721 622 sibi
740 591 874 630 odium,
899 592 1078 622 extremam
1101 593 1252 631 aetatem,
1278 592 1446 632 magisque

120 638 205 669 fama
222 646 320 677 quam
336 637 367 668 vi
381 639 466 668 stare
480 646 530 669 res
546 646 633 669 suas.

158 688 264 715 XXXI.
293 688 326 715 C.
350 684 475 723 Cestio,
496 688 538 716 M.
559 684 693 716 Servilio
708 688 799 716 Coss.
820 685 827 702 ¹
855 685 978 715 nobiles
995 684 1102 715 Parthi
1124 685 1156 715 in
1180 683 1293 716 urbem
1308 693 1446 725 venere,

115 732 226 771 ignaro
243 740 315 771 rege
335 732 507 762 Artabano,
530 731 558 762 is
575 733 662 762 metu
686 732 864 762 Germanici
889 731 971 762 fidus
997 731 1151 762 Romanis
1167 731 1193 771 ²,
1220 732 1387 772 irquahilis
1412 730 1446 761 in

114 787 210 817 suos,
226 787 301 809 mox
315 778 497 818 superbiam
511 778 543 809 in
560 787 638 817 nos,
654 778 810 809 saevitiam
829 779 860 809 in
877 779 1047 819 populares
1061 778 1219 818 sumpsit,
1239 779 1339 809 fretus
1352 778 1446 810 bellis

114 834 188 865 quae
207 826 347 856 secunda
364 826 535 857 adversum
554 825 776 865 circumjectas
796 826 942 856 nationes
956 827 1160 864 exercuerat,
1185 828 1217 857 et
1243 825 1445 856 senectutem

113 872 232 904 Tiberii
248 875 282 902 ut
298 872 451 903 inermem
468 873 647 913 despiciens
660 896 669 911 ,
694 872 872 912 avidusque
889 873 1049 904 Armeniae
1076 882 1083 903 :
1110 873 1173 912 cui,
1193 872 1345 903 defuncto
1370 880 1445 912 rege

113 919 261 957 Artaxia,
278 923 417 950 Arsacen
432 919 605 950 liberorum
623 928 756 950 suorum
774 920 983 950 veterrimum
1010 920 1168 959 imposuit
1183 919 1208 959 ³,
1236 920 1346 950 addita
1362 928 1441 950 con-

113 966 248 997 tumelia
266 969 297 997 et
316 966 424 997 missis
444 966 500 1006 qui
527 975 650 1007 yazam
676 975 698 997 a
725 967 876 998 Vonone*
898 967 1057 998 relictam
1079 968 1234 1006 insyria
1254 967 1442 1007 Ciliciaque

113 1015 334 1053 reposcerent;
366 1014 461 1045 simul
477 1015 606 1045 veteres
623 1016 814 1045 Persarum
831 1022 871 1044 ae
889 1014 1115 1045 Macedonum
1142 1015 1304 1045 (ermines
1318 1038 1326 1053 ,
1343 1022 1445 1054 seque

111 1060 319 1092 invasurum
338 1070 494 1100 possessa
514 1063 613 1100 Cer,
637 1063 670 1092 et
684 1062 763 1100 post
780 1060 1000 1101 Alexandro,
1028 1070 1082 1100 per
1098 1061 1373 1100 vaniloquentiam
1403 1071 1442 1094 ac

113 1106 220 1138 minas
235 1107 386 1147 jaciebat.
402 1108 460 1140 Sed
479 1108 604 1138 Parthis
624 1107 771 1138 mittendi
795 1109 935 1138 secretos
949 1108 1079 1138 nuntios
1096 1107 1313 1138 validissimus
1328 1110 1444 1139 auctor

110 1152 172 1184 fuit
187 1154 355 1193 Sinnaces,
370 1155 487 1194 insigni
510 1155 630 1185 familia
647 1163 683 1185 ac
702 1154 833 1193 perinde
849 1154 965 1193 opibus
977 1179 984 1193 ,
1003 1157 1034 1185 et
1048 1154 1215 1194 proximus
1230 1155 1304 1185 huic
1318 1154 1442 1195 Abdus,

108 1201 277 1232 eunuchus
294 1210 302 1230 :
317 1211 381 1232 uon
397 1201 584 1240 despectum
602 1201 633 1231 id
648 1201 658 1218 ⁵
676 1201 759 1240 apud
778 1201 949 1240 barbaros,
968 1202 1118 1241 ultroque
1138 1201 1313 1240 potentiam
1332 1200 1441 1232 habet.

109 1244 132 1276 ii
150 1248 257 1279 ascitis
273 1250 305 1279 et
327 1248 397 1279 aliis
415 1248 625 1288 primoribus,
652 1248 728 1287 quia
749 1249 910 1279 neminem
928 1248 1031 1288 gentis
1056 1248 1280 1279 Arsacidarum
1301 1257 1440 1280 summae

111 1294 157 1324 rei
183 1294 347 1335 imponere
362 1297 528 1335 poterant,
559 1295 734 1326 interfectis
760 1295 800 1326 ab
824 1295 984 1326 Artabano
1008 1295 1181 1335 plerisque,
1209 1296 1265 1327 aut
1293 1295 1439 1327 nondum

108 1340 238 1381 adultis,
257 1343 459 1382 Phrahaten,
488 1342 571 1381 regis
597 1343 764 1374 Phrahatis
791 1342 928 1381 filiumb',
953 1347 1054 1373 Roma
1074 1343 1278 1382 poscebant:
1306 1345 1441 1374 nomine

111 1390 252 1419 tantum.
268 1392 301 1420 ec
313 1391 453 1420 auctore
465 1398 551 1428 opus
564 1389 591 1428 ⁷,
616 1391 657 1420 ut
670 1391 790 1429 sponte
808 1391 968 1429 Caesaris,
986 1391 1027 1421 ut
1043 1398 1149 1428 qenus
1166 1391 1303 1421 Arsacis
1326 1391 1441 1430 ripam

109 1436 207 1475 apud
223 1437 419 1476 Euphratis
436 1438 636 1467 cerneretur
650 1436 676 1467 ⁸.

149 1486 270 1513 XXXII.
300 1483 452 1523 Cupitum
470 1482 501 1512 id
516 1482 655 1513 Tiberi0.
680 1485 773 1513 ornat
789 1483 968 1513 Phrahaten
986 1481 1186 1522 accingitque
1203 1484 1374 1522 paternum
1395 1482 1436 1514 ad

107 1529 275 1569 fastigium
289 1553 297 1568 ,
315 1530 473 1561 destinata
491 1529 631 1560 retinens
645 1553 653 1567 ,
669 1530 811 1560 consiliis
825 1531 857 1560 et
871 1532 941 1561 astu
962 1538 1012 1560 res
1034 1532 1183 1560 externas
1205 1528 1330 1567 moliri,
1349 1537 1440 1560 arma

106 1577 221 1616 procul
238 1577 365 1608 habere.
394 1578 519 1608 Interea
532 1600 540 1615 ‚
561 1576 698 1615 cognitis
722 1576 862 1615 insidiis,
880 1576 1060 1607 Artabanus
1079 1575 1198 1606 tardari
1215 1578 1322 1615 metu,
1341 1575 1440 1607 modo

106 1624 258 1663 cupidine
274 1624 428 1655 vindictae
441 1623 651 1654 inardescere.
678 1625 710 1653 et
726 1623 870 1654 barbaris
893 1623 1055 1654 cunetatio
1070 1622 1210 1661 servilis,
1228 1622 1336 1652 statim
1351 1631 1440 1653 exse-

105 1670 164 1710 qui
189 1672 313 1711 regium
336 1670 476 1702 videtur.
502 1670 602 1701 valuit
626 1672 734 1701 tamen
761 1670 901 1709 utilitas,
929 1671 964 1700 ut
983 1669 1128 1708 Abdum,
1151 1669 1260 1708 specie
1285 1669 1438 1700 ainicitiae

106 1719 258 1748 vocatum
276 1718 315 1748 ad
341 1718 473 1757 epulas,
504 1718 591 1748 lento
612 1725 737 1748 veneno
762 1716 915 1756 illigaret,
941 1718 1096 1749 Sinnacen
1121 1715 1374 1747 dissimulatione
1399 1724 1438 1747 ac

103 1763 219 1803 donis,
249 1764 344 1794 simul
371 1773 427 1804 per
455 1764 580 1804 negotia
603 1765 794 1794 moraretur.
820 1767 851 1794 et
875 1764 1048 1794 phrahates
1074 1763 1157 1803 apud
1189 1762 1329 1802 Syriam,
1356 1762 1437 1793 dum

102 1811 224 1842 omisso
240 1811 328 1842 cultu
348 1816 510 1850 Romano,
529 1812 580 1842 cui
598 1820 653 1850 per
672 1814 717 1841 tot
737 1819 838 1841 annos
855 1811 1057 1849 insueverat,
1082 1811 1227 1841 instituta
1241 1810 1433 1840 Parthorum

103 1857 240 1888 insumit
259 1858 282 1897 ¹,
309 1859 423 1898 patriis
441 1858 586 1889 moribus
611 1858 732 1897 impar,
763 1857 876 1887 morbo
893 1857 1084 1898 absumptus
1100 1859 1160 1889 est.
1186 1857 1247 1888 Sed
1266 1865 1331 1887 non
1345 1856 1438 1888 Tibe·

103 1905 170 1935 rius
191 1906 301 1936 omisit
325 1906 463 1945 incepta.
492 1905 672 1944 Tiridaten,
692 1904 854 1944 sanguinis
879 1905 1044 1944 ejusdem,
1071 1904 1225 1935 aemulum
1251 1903 1434 1942 Artabano,

102 1951 383 1992 reciperandaeque
397 1952 555 1983 Armeniae
571 1952 699 1983 Iberum
722 1951 941 1982 Mithridatem
958 1951 1085 1991 deligit,
1110 1951 1325 1990 conciliatque
1345 1948 1436 1980 fratri

102 1998 328 2038 Pharasmani,
359 1999 414 2038 qui
443 2000 560 2039 gentile
592 1999 764 2039 imperium
798 1998 983 2037 obtinebat;
1012 2001 1044 2030 et
1069 1999 1214 2038 cunctis,
1243 2006 1316 2038 quae
1348 1995 1435 2037 apud

102 2045 267 2076 Orientem
294 2046 503 2086 parabantur,
525 2051 557 2078 L.
586 2046 748 2077 Vitellium
764 2045 775 2062 ²
801 2045 953 2085 praefecit.
976 2054 1014 2077 eo
1034 2045 1074 2076 de
1099 2045 1228 2075 homine
1249 2043 1334 2074 haud
1357 2051 1432 2074 sum

101 2090 232 2131 ignarus
261 2093 423 2124 sinistram
451 2093 484 2124 in
509 2093 594 2125 Urbe
624 2093 764 2132 samam,
794 2093 943 2132 pleraque
961 2092 1045 2123 soeda
1071 2091 1266 2123 memorari:
1284 2092 1431 2121 ceterum

101 2139 247 2177 regendis
266 2140 436 2179 provinciis
463 2140 568 2180 prisca
583 2140 703 2171 virtute
728 2139 802 2180 egit.
832 2139 916 2170 unde
934 2148 1116 2179 regressus,
1145 2140 1176 2169 et
1198 2137 1369 2169 formidine
1394 2140 1429 2168 C.

100 2186 253 2225 Caesaris,
269 2186 482 2219 familiaritate
497 2188 620 2220 Claudii
633 2190 726 2228 turpe
741 2187 775 2218 in
791 2186 958 2219 servitium
973 2188 1136 2226 mutatus,
1160 2185 1324 2224 exemplar
1341 2183 1431 2224 apud

129 2289 227 2313 XXXI.
242 2294 263 2312 ι.
279 2290 310 2313 Α.
325 2290 354 2313 U.
365 2295 416 2317 raa.
429 2297 455 2319 p.
467 2291 528 2315 Chr.
539 2297 578 2315 55.
588 2305 617 2309 —
627 2298 650 2316 ει.
664 2293 692 2315 V.
708 2292 745 2321 11,
759 2297 780 2321 z,
795 2297 832 2319 se,
847 2297 885 2315 58.
897 2303 926 2308 -
936 2296 957 2315 3.
968 2291 1000 2314 V.
1019 2290 1127 2314 ibidem.
1138 2302 1163 2306 -
1173 2294 1196 2312 4.
1211 2290 1249 2313 De
1268 2294 1321 2318 quo
1335 2287 1428 2312 occiso

102 2324 139 2352 u.
153 2329 191 2348 aa.
205 2331 264 2350 —5.
285 2327 328 2349 Sc.
341 2327 495 2350 eunuchum
509 2333 637 2351 esse—e.
650 2328 734 2356 Quem
753 2329 830 2356 patei·
846 2332 906 2350 curn
928 2326 986 2349 aliis
1002 2326 1093 2349 liberis
1114 2327 1141 2348 et
1156 2324 1300 2353 nepotibus
1317 2325 1428 2347 Romam

100 2361 227 2387 miseram
245 2366 269 2383 v.
294 2361 330 2389 11,
354 2366 375 2384 ι.
397 2374 421 2377 -
445 2366 463 2384 7.
481 2364 523 2385 sc.
549 2368 616 2386 esse.
632 2376 659 2380 —
673 2368 696 2386 8.
718 2363 813 2387 Cetera
826 2362 944 2386 feliciter
957 2367 1125 2385 successura.
1141 2361 1244 2389 Sponte
1258 2359 1378 2383 retertur
1391 2357 1427 2381 ad

90 2396 231 2423 tauctore,
257 2401 344 2425 qenus
359 2397 460 2420 Ars-ac.
485 2398 518 2420 ad
535 2398 656 2421 nomine.

133 2430 241 2454 xxxii.
250 2436 271 2454 i.
288 2432 315 2454 1n
329 2437 358 2455 se
366 2432 471 2461 recipit,
480 2433 597 2462 suscipit.
612 2434 650 2456 De
663 2433 705 2456 his
717 2432 846 2457 institutis
856 2438 881 2456 v.
894 2437 976 2461 supra
989 2433 1021 2462 ιι,
1033 2436 1110 2456 9.-9,
1121 2427 1425 2460 Patremimperatoris.
