1539 2668
519 151 556 178 A.
580 150 618 179 U.
644 150 678 178 C.
705 150 776 179 808.
802 150 838 178 Α.
863 151 898 179 C.
923 151 974 180 55.
1355 151 1414 183 189

92 227 201 257 movet
216 224 392 257 Pallantem
411 225 489 255 cura
505 233 633 263 rerum,
657 225 729 264 quis
745 233 765 255 a
788 223 921 259 Claudio
944 224 1114 265 impositus
1128 225 1218 256 velut
1245 225 1414 258 arbitrium

91 273 180 313 regni
195 272 325 312 agebat;
341 272 563 312 ferebaturque
574 295 582 309 ‚
597 270 801 311 degrediente
810 280 849 303 eo
862 280 976 312 magna
988 273 1252 312 prosequentium
1269 273 1417 306 multitu-

88 319 180 360 dine,
197 328 262 351 non
278 319 414 351 absurde
431 319 438 337 ¹
459 318 577 350 dixisse
590 320 641 350 ire
657 319 860 351 Pallantem
874 321 914 351 ut
931 320 1089 360 ejuraret
1107 319 1133 351 ².
1160 329 1235 352 53116
1252 321 1416 361 pepigerat

88 367 192 399 Pallas
214 376 256 399 ne
283 367 382 406 cujus
398 366 494 405 facti
518 368 555 398 in
576 368 800 407 praeteruum
831 367 1140 408 interr-oqareturss,
1160 376 1332 409 paresque
1360 378 1417 401 ra·

87 417 195 447 tiones
219 422 297 446 cum
312 414 492 454 republica
510 414 653 446 haberet
668 413 693 445 ⁴.
713 417 858 455 Praeceps
875 416 949 456 post
974 415 1043 447 haec
1060 415 1235 456 Agrippina
1260 424 1353 448 ruere
1374 416 1416 447 ad

85 463 241 494 terrorem
257 464 290 492 et
302 461 425 500 minas,
444 470 547 501 neque
561 461 720 502 Principis
736 462 869 494 auribus
889 462 1067 502 abstinere,
1088 463 1262 503 quominus
1281 465 1414 495 testare-

84 510 140 541 tur
157 522 173 537 «
190 509 337 541 adultum
360 511 427 547 jam
451 518 523 540 esse
544 509 786 548 Britannicum,
809 519 918 541 veram
940 510 1136 550 dignamque
1160 511 1294 552 stirpem
1311 511 1416 542 susci-

84 569 101 585 «
120 556 236 597 piendo
251 556 352 596 patris
379 556 535 596 imperio,
563 556 649 597 quod
678 557 794 588 insitus
814 559 847 589 et
870 558 1043 598 adoptivus
1068 566 1124 598 per
1149 557 1283 599 injurias
1303 558 1416 590 matris

84 617 101 633 «ι
116 605 290 636 exerceret.
308 612 374 634 non
391 603 531 635 abnuere
548 612 582 635 se
595 603 673 643 quin
692 605 808 635 cuncta
823 604 962 635 infelicis
979 604 1096 636 domus
1111 605 1194 636 mala
1213 604 1414 646 patefierent,

84 663 101 680 κ
120 659 189 683 51136
206 651 238 682 111
253 651 368 691 primis
381 651 515 690 nuptiae,
529 659 626 682 suum
638 650 843 682 veneficium.
863 652 895 682 id
912 652 1017 683 solum
1034 651 1096 683 diis
1111 655 1143 684 et
1159 652 1220 683 sibi
1234 652 1414 693 provisum,

84 711 101 727 «
119 698 207 738 quod
224 698 349 729 viveret
376 697 556 738 privignus.
585 698 704 729 ituram
721 707 795 729 cum
813 699 867 729 illo
885 699 918 730 in
936 702 1049 730 635113.
1068 699 1234 731 audiretur
1249 699 1324 730 hinc
1341 703 1414 730 Ger·

83 758 99 772 <‹
118 745 235 777 manici
258 745 340 783 filia,
363 744 438 775 inde
456 745 530 776 vilis
546 753 659 776 rursus
675 749 794 777 Burrus
817 749 849 777 et
867 746 960 777 exsul
975 750 1095 777 Seneca
1108 747 1132 784 ⁵,
1154 749 1267 778 trunca
1292 746 1416 778 scilicet

81 807 98 818 ιε
115 801 213 824 11131111
236 793 270 824 61
286 792 480 832 professoria
504 792 614 831 lingua
639 793 765 831 generis
792 793 925 824 11111113111
951 794 1090 833 regimen
1124 794 1377 832 expostulantes.
1398 809 1414 820 n

79 839 175 871 simul
191 839 358 871 intendere
372 846 500 878 manus,
517 847 666 879 aggerere
681 839 801 880 probra
811 863 819 877 ‚
833 842 1071 872 consecratum
1089 840 1290 881 Claudium,
1304 841 1414 881 infer-

78 895 139 918 nos
154 887 353 918 Silanorum
369 894 489 918 manes
505 886 668 926 invocare,
682 888 715 918 et
733 889 782 918 tot
800 889 909 918 irrita
918 887 1123 926 facinoraf'.

119 938 184 966 XV.
209 933 370 965 Turbatus
388 933 438 964 his
454 937 548 972 Nero,
567 936 599 964 et
613 934 798 974 propinquo
814 934 885 973 die,
904 944 969 975 quo
987 934 1303 975 quartumdecimum
1335 936 1412 967 aeta-

77 982 118 1014 tis
132 990 251 1012 annum
266 980 470 1012 Britannicus
486 981 656 1022 explebat,
673 981 822 1014 volutare
836 990 947 1014 secum
964 982 1060 1013 modo
1079 982 1190 1013 matris
1205 982 1393 1014 violentiam
1403 1003 1412 1019 ‚

77 1028 174 1061 modo
190 1028 293 1069 ipsius
311 1028 467 1067 indolem,
483 1037 548 1059 uno
565 1029 696 1069 quidem
713 1029 934 1069 experimento
955 1038 1058 1070 nuper
1078 1030 1257 1069 cognitam,
1276 1039 1341 1069 quo
1364 1031 1412 1061 13-

77 1085 151 1108 men
167 1076 308 1107 savorem
329 1076 392 1108 late
410 1075 622 1116 quaesivisset.
650 1077 741 1108 sestis
763 1079 900 1107 Saturno
920 1076 1036 1108 diebus
1062 1077 1145 1108 inter
1158 1077 1220 1108 alia
1240 1077 1412 1117 aequalium

76 1123 203 1155 ludicra
219 1132 353 1163 regnum
374 1123 448 1154 lusu
471 1123 677 1154 sortientium
702 1126 855 1155 evenerat
871 1133 907 1155 63
928 1133 998 1155 5015
1017 1124 1149 1156 Neroni.
1176 1124 1274 1163 igitur
1299 1124 1414 1156 ceteris

76 1171 205 1201 diversa
226 1179 286 1201 nec
314 1170 464 1201 ruborem
494 1170 630 1201 allatura
645 1169 738 1210 ¹;ubi
766 1169 949 1201 Britannico
972 1171 1089 1211 jussit,
1113 1173 1316 1211 exsurqeret
1333 1178 1401 1211 pro

77 1225 280 1258 qressusque
294 1219 327 1248 in
348 1216 496 1248 medium
510 1219 652 1248 cantum
668 1217 821 1257 aliquem
836 1219 1015 1256 inciperet,
1028 1218 1158 1249 irrisum
1174 1227 1214 1249 ex
1231 1227 1268 1249 60
1282 1227 1413 1258 sperans

77 1264 168 1304 pueri
186 1264 311 1295 sobrios
327 1272 456 1304 quoque
473 1264 644 1294 convictus
657 1288 665 1303 ‚
683 1263 803 1294 nedum
828 1264 1024 1295 temulentos
1052 1265 1246 1304 ignorantis,
1266 1264 1318 1296 1116
1339 1274 1412 1296 6011-

75 1313 198 1342 stanter
212 1319 345 1342 exorsus
367 1312 416 1341 est
438 1319 567 1341 carmen
587 1310 688 1350 ²‚quo
703 1311 882 1342 evolutum
899 1319 977 1342 cum
1001 1311 1079 1342 secte
1100 1313 1221 1351 patria
1246 1312 1413 1352 rebusque

74 1360 216 1391 summis
233 1357 486 1397 significabatur.
519 1357 604 1388 unde
621 1359 691 1389 orta
716 1357 883 1389 miseratio
901 1358 1111 1396 manifestior,
1133 1359 1208 1398 quia
1229 1358 1413 1389 dissimula-

76 1406 199 1438 tionem
212 1414 277 1436 nox
292 1406 324 1436 et
339 1404 472 1436 lascivia
487 1406 662 1436 exemerat.
681 1409 764 1436 Nero
775 1429 783 1444 ‚
811 1405 976 1437 intellecta
992 1406 1114 1437 invidia
1128 1406 1154 1445 ⁵,
1174 1405 1285 1436 odium
1313 1406 1414 1437 inten-

73 1453 142 1492 dit3
167 1452 418 1492 urgentibusque
433 1452 615 1493 Agrippinae
633 1452 748 1490 minis,
773 1452 849 1492 quia
877 1453 1002 1483 nullum
1027 1453 1148 1484 crimen
1174 1462 1278 1492 neque
1301 1453 1413 1492 jubere

76 1499 199 1531 caedem
224 1499 328 1530 fratris
348 1500 452 1538 palam
475 1499 636 1538 audebat,
655 1498 782 1530 occulta
801 1499 952 1539 molitur,
966 1501 1164 1541 pararique
1178 1508 1347 1532 vencnum
1360 1502 1412 1540 ju-

76 1545 150 1585 bet,
174 1546 322 1577 ministro
339 1546 478 1577 Pollione
492 1546 596 1585 Julio,
620 1546 778 1586 praetoriae
799 1546 941 1578 cohortis
957 1547 1106 1585 tribuno,
1131 1548 1224 1586 cujiis
1240 1556 1316 1578 cura
1337 1549 1413 1579 3111-

76 1593 212 1626 1161131111
228 1594 379 1625 (1311111313
396 1593 542 1625 veneficii
556 1593 685 1624 nomine
699 1594 835 1624 Locusta
847 1617 855 1632 ‚
878 1594 981 1625 multa
1003 1594 1159 1626 scelerum
1173 1594 1269 1625 sama.
1288 1604 1362 1625 nam
1378 1598 1413 1627 ut

76 1641 244 1682 proximus
267 1641 403 1681 quisque
425 1640 608 1671 Britannico
625 1649 729 1680 neque
745 1640 792 1671 sas
809 1649 916 1680 neque
934 1640 1030 1672 fidem
1048 1641 1138 1682 pensi
1158 1642 1309 1681 haberet,
1335 1642 1411 1673 olim

75 1689 240 1729 provisum
257 1689 335 1719 erat.
364 1687 508 1719 Primum
530 1696 692 1719 venenum
723 1687 763 1718 ab
788 1687 868 1728 ipsis
893 1688 1124 1720 educatoribus
1149 1689 1293 1730 accepit,
1310 1692 1410 1720 113115-

75 1735 228 1775 misitque
250 1735 397 1766 exsoluta
423 1735 495 1766 alvo
512 1744 628 1775 parum
660 1735 804 1765 validum
819 1759 827 1774 ‚
853 1735 920 1766 sive
939 1737 1230 1776 temperamentum
1250 1736 1353 1768 1116131
1371 1746 1411 1769 ne

75 1782 187 1812 statim
208 1782 348 1813 saeviret.
369 1781 425 1813 sed
439 1786 541 1820 Nero,
563 1781 640 1813 lenti
657 1781 789 1813 sceleris
803 1782 978 1822 impatiens
990 1807 999 1822 ,
1017 1783 1161 1814 minitari
1184 1783 1316 1814 tribuno
1328 1807 1338 1823 ,
1362 1783 1410 1823 Ju-

76 1827 154 1860 bere
166 1828 375 1868 supplicium
392 1828 573 1869 veneficae,
592 1828 703 1869 quod,
723 1828 806 1859 dum
823 1837 998 1861 rumorem
1015 1832 1224 1870 respiciunt,
1241 1830 1325 1862 dum
1349 1839 1409 1871 pa—

77 1877 162 1907 rant
180 1874 413 1914 defensiones,
432 1876 657 1906 securitatem
684 1877 922 1906 morarentur.
949 1877 1212 1916 promittentibus
1237 1877 1311 1908 dein
1336 1879 1410 1908 tam

71 1923 287 1962 praecipitem
303 1930 416 1953 necem
432 1930 539 1961 quam
557 1922 586 1952 st
596 1920 699 1960 ferro
718 1923 917 1961 urqeretur,
943 1922 1128 1954 cubiculum
1158 1923 1294 1955 Caesaris
1315 1923 1409 1963 juxta

76 1968 269 2008 decoquitur
285 1969 392 2007 virus,
407 1968 542 2007 cognitis
560 1968 570 1986 ⁴
591 1970 686 2000 antea
702 1968 844 2007 venenis,
860 1969 1016 2008 rapidum.

117 2018 198 2047 XVI.
222 2020 291 2047 Mos
314 2015 493 2047 habebatur
510 2015 696 2056 Principum
716 2015 834 2046 liberos
847 2023 922 2046 cum
936 2016 1049 2048 ceteris
1065 2016 1151 2048 idern
1171 2017 1276 2049 aetatis
1292 2017 1408 2050 nohili-

105 2091 175 2116 XIV.
191 2096 211 2115 1.
226 2091 255 2115 Id
269 2093 324 2120 est,
343 2091 441 2115 facete.
455 2103 485 2108 -
495 2090 652 2121 2.Ej²trare
664 2090 764 2114 dicitur
775 2090 848 2115 deiis
860 2093 906 2121 qui
914 2092 1073 2122 magistratu
1084 2098 1112 2116 se
1126 2092 1267 2120 abdicant:
1282 2093 1362 2117 etiam
1374 2093 1407 2116 dc

77 2127 211 2151 accusatis
224 2127 270 2156 qui
290 2126 543 2156 ejurantjudicem
560 2127 603 2150 vec
617 2126 729 2155 sorum,
747 2127 763 2150 i.
779 2128 991 2156 e-jureJ'urando
1005 2128 1169 2158 interposito
1184 2129 1303 2157 judicem
1316 2131 1345 2153 ut
1359 2129 1407 2152 ini-

77 2167 160 2191 quum
170 2164 306 2186 recusant.
321 2163 378 2191 Quo
392 2163 518 2191 spectant
531 2162 684 2191 sequentia.
699 2162 854 2191 Pepiyerat
866 2169 903 2186 sc.
925 2169 985 2187 cum
999 2163 1119 2187 Claudio.
1132 2176 1161 2180 ——
1178 2170 1198 2187 5.
1215 2166 1405 2188 Accusaretur.

78 2208 107 2212 —
119 2201 140 2220 ⁴.
154 2197 188 2221 Ut
197 2197 265 2221 nihil
278 2197 310 2221 ab
328 2203 360 2221 eo
374 2197 530 2227 reipublicae
541 2198 650 2221 nomine
664 2198 752 2226 repeti
766 2199 867 2226 posset.
886 2212 914 2216 --
924 2204 948 2222 5.
964 2200 993 2221 V.
1008 2199 1075 2227 ΧΗ,
1090 2205 1111 2222 s.
1128 2199 1242 2223 Trunca
1256 2205 1359 2223 manus
1373 2199 1405 2222 ad

78 2231 191 2255 Burrum
204 2232 329 2256 refertur.
343 2245 371 2249 —
382 2238 407 2257 6.
418 2234 462 2256 Sc.
477 2233 563 2262 queri,
575 2239 607 2257 ex
618 2233 703 2257 verbo
715 2233 859 2257 invocare.
877 2234 986 2264 Irrita,
999 2235 1082 2264 quod,
1106 2240 1268 2265 quamquam
1280 2235 1404 2259 scelesta-

78 2267 226 2296 potentiam
239 2268 264 2291 ei
279 2274 335 2292 non
344 2269 496 2293 firmabant-

108 2302 164 2326 XV.
181 2307 201 2326 1.
213 2303 256 2327 Sc.
269 2303 349 2332 jussit
365 2304 438 2328 Nero
449 2322 455 2331 ,
468 2304 541 2334 quod
559 2305 682 2334 sequitur
696 2305 776 2329 seriei
792 2305 961 2335 implicitum.
978 2306 1066 2331 Taciti
1077 2308 1201 2336 tempore
1208 2306 1310 2336 jubere
1323 2307 1405 2330 etiam

79 2339 245 2362 structuram
259 2339 335 2362 verbi
353 2341 497 2369 imperare
516 2341 715 2364 assumebat.-
727 2346 749 2364 2.
764 2341 856 2368 Ennii.
871 2343 901 2366 ut
913 2342 1037 2372 videtur,
1053 2348 1086 2366 ex
1104 2343 1295 2366 ⁴andromacha
1309 2361 1315 2371 ⁷
1328 2342 1404 2371 cujus

79 2372 213 2433 pazticiula
226 2375 271 2433 test
285 2375 355 2403 apud
369 2376 527 2400 Ciceronem
537 2376 644 2401 Tuscul.
658 2377 700 2406 111,
716 2382 753 2401 ¹9.
765 2390 791 2394 -
807 2383 828 2401 5.
844 2379 886 2403 Sc.
898 2378 955 2408 ipsa
972 2378 1036 2402 111116
1049 2379 1155 2408 parata.
1170 2391 1195 2395 -
1208 2383 1230 2402 ⁴.
1252 2377 1402 2408 Exploratis

79 2413 109 2432 m
138 2414 158 2432 π
178 2414 194 2434 o
209 2414 224 2433 6
249 2414 338 2439 porco.
