1539 2668
162 154 222 184 ³28
517 146 653 178 'rAcrrl
673 148 948 179 nls'ronlARUM
971 149 1042 177 Lm.
1068 149 1108 177 11.

159 227 268 270 jubet,
284 223 397 258 vetitis
409 222 665 264 supplementi83
683 223 716 255 et
730 223 925 263 promiscuae
938 222 1108 254 missiones
1121 221 1351 254 offerebantur.
1367 223 1482 254 exitia-

161 275 223 307 bile
239 274 272 305 id
289 271 495 314 reipublicae,
513 271 677 310 ingratum
695 270 808 309 militi,
825 271 877 302 cui
893 270 1004 302 eadem
1026 269 1137 300 muuia
1150 269 1233 300 inter
1244 278 1381 310 paucos,
1399 271 1482 310 peri-

160 322 297 361 culaque
312 328 348 351 ac
361 318 450 350 labor
467 317 609 349 crebrius
626 317 785 349 redibant.
807 319 838 350 et
855 317 939 349 vires
954 318 1033 348 luxu
1049 316 1351 356 corrumpebantur,
1369 318 1483 349 contra
1534 311 1537 329 *

159 371 303 401 veterem
316 366 519 406 disciplinam
531 366 563 396 et
573 364 720 397 instituta
733 364 903 405 majorum,
915 365 1000 405 apud
1013 373 1094 405 quos
1106 364 1224 395 virtute
1236 373 1333 404 quam
1346 365 1484 403 pecunia

161 426 212 449 res
226 420 372 448 Romana
388 412 501 443 melius
518 412 618 443 stetit.

201 467 288 496 LXX.
314 461 391 493 Inde
416 458 564 490 Vitellius
587 461 782 491 Cremonam
809 459 919 499 flexit,
943 459 976 490 et
999 459 1143 500 spectato
1169 458 1324 490 munere¹
1348 458 1484 490 Caecinae
1531 458 1539 486 ἲ,

158 511 303 544 insistere
314 505 580 540 Bedriacensibus
593 506 716 546 campis
730 515 766 537 ac
779 507 915 546 vestigia
928 507 1066 538 recentis
1076 506 1219 537 victoriae
1233 505 1372 537 lustrare
1382 506 1484 538 oculis

158 555 354 596 concupivit.
368 553 489 585 foedum
507 555 603 593 atque
616 554 709 585 atrox
725 554 959 593 spectaculum.
976 553 1058 583 intra
1075 552 1352 592 quadragesimum
1367 560 1485 593 pugnae
1505 582 1507 586 ,
1534 546 1537 553 “

157 604 242 636 diem
266 603 370 634 lacera
386 609 540 640 corpora,
558 600 668 632 trunci
688 601 778 631 artus
793 624 801 638 ,
821 601 933 639 putres
949 599 1094 629 virorum
1112 608 1333 639 equorumque
1351 600 1483 640 formae,

157 650 277 683 infecta
297 648 374 681 tabo
398 647 538 685 numm,
565 646 711 686 protritis
736 646 909 677 arboribus
931 654 969 676 ac
996 645 1140 684 frugibus
1165 645 1233 676 dira
1257 647 1403 677 vastitas.
1424 654 1484 677 nec

158 700 265 731 minus
279 697 455 728 inhumana
472 702 546 734 pars
562 693 625 725 viae
636 718 644 733 ,
663 702 761 733 quam
776 697 1008 725 Cremonenses
1028 692 1119 722 lauru
1139 693 1281 732 rosisque
1295 694 1483 724 constrave-

157 747 251 784 rant,
267 741 438 776 exstructis
454 739 611 772 altaribus
626 740 783 780 caesisque
802 740 946 771 victimis
964 739 1088 778 regium
1111 738 1144 769 in
1161 747 1304 777 morem3
1325 748 1397 779 quae
1412 740 1484 771 laeta

157 794 190 825 in
211 799 371 833 praesens,
389 797 465 820 mox
483 787 659 827 perniciem
680 787 758 828 ipsis
782 787 896 818 secere.
920 786 1052 818 aderaut
1070 787 1186 817 Valens
1202 789 1235 817 et
1251 787 1378 817 Caecina
1393 795 1483 817 mon-

157 839 367 877 strabantque
382 843 497 876 pugnae
510 834 597 865 locos
612 844 619 864 :
635 834 716 866 hinc
729 836 897 875 irrupisse
912 835 1083 874 leqiomwn
1094 832 1104 850 ²
1121 841 1254 872 omnen,
1267 832 1344 864 hinc
1355 835 1484 872 equites

157 889 306 926 οοονίοε,
320 883 398 915 inde
412 881 646 920 circumfusas
660 883 879 913 auxiliorum
894 889 1030 912 manus.
1046 881 1112 920 jam
1126 880 1246 911 tribuni
1262 881 1483 921 praefectique,

157 943 215 967 sua
239 932 378 974 quisque
404 929 488 960 facta
512 928 727 968 extollentes,
755 928 851 968 salsa,
874 936 949 959 vera
970 929 1027 958 aut
1049 927 1168 965 uiaJ‘ora
1190 936 1266 958 vero
1291 927 1480 960 miscebant.

156 981 273 1021 vulgus
292 985 421 1019 quoque
443 974 584 1006 militum
609 975 750 1006 clamore
768 976 800 1006 et
818 975 937 1015 gaudio
961 974 1129 1004 deflectere
1155 974 1226 1012 via,
1251 976 1354 1014 spatia
1377 976 1483 1005 certa-

158 1029 283 1059 minum
304 1030 553 1063 recognoscere,
577 1030 722 1061 aggerem
747 1030 935 1059 armorum,
952 1022 1059 1051 strues
1076 1029 1246 1059 corporum
1267 1020 1382 1052 intueri
1395 1046 1405 1059 ,
1424 1022 1483 1052 mi·

156 1074 233 1106 rari.
253 1070 285 1105 et
301 1074 391 1103 erant
407 1078 489 1109 quos
504 1066 591 1098 varia
609 1068 673 1099 sors
697 1077 805 1099 rerum
828 1068 1034 1107 lacrimaeque
1051 1068 1082 1098 et
1108 1067 1328 1097 misericordia
1345 1068 1480 1100 subiret.

156 1123 189 1154 at
205 1130 270 1152 non
287 1116 434 1149 Vitellius
449 1115 537 1146 ssexit
553 1115 683 1154 oculos,
707 1124 765 1146 nec
788 1117 837 1146 tot
852 1115 952 1145 millia
973 1113 1209 1153 insepultorum
1227 1114 1349 1144 civium
1369 1115 1484 1146 exhor-

157 1169 222 1200 ruit
237 1167 261 1197 ’3.
282 1166 376 1196 laetus
402 1163 485 1194 ultro
506 1165 537 1194 et
554 1165 621 1195 tam
639 1162 830 1202 propinquae
853 1161 947 1192 sortis
972 1160 1102 1200 ignarus
1126 1160 1329 1192 instaurabat
1353 1170 1481 1193 sacrum

157 1214 220 1245 diis
237 1212 310 1243 loci.

198 1263 299 1292 LXXI.
326 1257 405 1290 Exin
422 1256 572 1288 Bononiae
589 1265 607 1287 a
624 1255 721 1286 Fabio
736 1254 870 1287 Valente
886 1254 1102 1295 gladiatorum
1119 1255 1344 1294 spectaculum
1362 1255 1480 1294 editur,

157 1307 292 1339 advecto
309 1315 347 1337 ex
363 1304 448 1337 Urbe
465 1303 568 1334 cultu.
583 1304 775 1344 quantoque
790 1302 891 1342 magis
908 1300 1171 1342 propinquabat,
1190 1303 1282 1332 tanto
1299 1303 1482 1342 corruptius

157 1356 228 1393 iter,
255 1352 415 1384 immixtis
438 1350 652 1382 histrionibus
673 1353 705 1381 et
722 1349 903 1390 spadonum
930 1348 1080 1389 gregibus
1103 1349 1134 1379 et
1160 1350 1266 1380 cetero
1292 1349 1482 1380 Neronianae

158 1403 239 1433 aulae
253 1399 391 1440 iugenio.
407 1406 547 1438 namque
561 1399 592 1429 et
608 1401 765 1429 Neronem
780 1397 887 1437 ipsum
900 1395 1050 1428 Vitellius
1063 1394 1275 1425 admiratione
1288 1395 1481 1431 celebrabat,

158 1448 272 1481 sectari
290 1446 475 1478 cantantem
501 1444 613 1476 solitus
626 1468 635 1484 ,
653 1452 719 1475 non
737 1443 931 1475 necessitate
943 1466 951 1482 ‚
974 1451 1037 1483 qua
1060 1442 1306 1473 honestissimus
1322 1443 1479 1482 quisque,

159 1496 213 1530 sed
233 1495 311 1526 luxu
329 1495 361 1525 et
373 1492 491 1532 saginae
505 1492 710 1532 mancipatus
725 1493 921 1531 emptusque
936 1490 958 1521 ¹.
975 1492 1011 1521 ut
1024 1489 1154 1521 Valenti
1166 1490 1199 1521 et
1213 1490 1348 1521 Caecinae
1362 1498 1482 1520 vacuos
1534 1527 1535 1538 ¹

158 1542 290 1576 lionoris
314 1549 440 1572 menses
465 1538 628 1579 aperiret,
656 1538 813 1569 coarctati
845 1538 982 1569 aliorum
1007 1538 1196 1568 consulatus
1211 1536 1234 1569 ²,
1259 1537 1483 1567 dissimulatus
1534 1541 1535 1544 ’

159 1589 269 1622 Marcii
286 1587 382 1619 Macri
402 1589 568 1626 tamquam
590 1585 847 1617 Othonianarum
870 1584 1013 1624 partium
1037 1584 1146 1621 ducis;
1164 1586 1196 1615 et
1212 1583 1373 1615 Valerium
1390 1583 1482 1614 Mari-
1534 1573 1539 1611 ’Ξῖ

159 1646 237 1670 num
254 1636 453 1667 destinatum
469 1643 486 1664 a
508 1632 608 1664 Galba
624 1632 790 1663 consulem
806 1631 937 1662 distulit
948 1654 957 1670 ,
978 1630 1065 1661 nulla
1081 1630 1205 1661 offensa
1217 1654 1226 1669 ,
1245 1629 1303 1660 sed
1320 1630 1431 1661 mitem
1450 1633 1482 1661 et
1534 1649 1539 1679 ,ὲ

158 1684 309 1724 injuriam
322 1681 463 1722 seguiter
477 1681 633 1711 laturum.
649 1679 809 1710 Pedanius
823 1681 918 1709 Costa
935 1678 1109 1718 omittitur,
1126 1678 1271 1717 ingratus
1289 1677 1429 1717 principi
1448 1679 1482 1709 ut

158 1733 314 1764 adversus
339 1733 498 1761 Neronem
523 1735 621 1758 ausus
646 1726 679 1757 et
705 1725 846 1765 Verginii
869 1725 1098 1756 exstimulator
1124 1734 1131 1754 :
1159 1724 1214 1755 sed
1243 1723 1321 1754 alias
1346 1725 1483 1764 protulit
1534 1723 1536 1752 i

160 1787 285 1812 causas,
304 1777 450 1815 actaeque
465 1774 598 1813 insuper
613 1772 739 1803 Vitellio
756 1772 867 1811 gratiae
883 1770 1121 1802 consuetudine
1138 1771 1273 1802 servitii.

201 1827 317 1858 LXXII.
343 1827 415 1855 Non
429 1821 514 1852 ultra
532 1827 651 1860 paucos
665 1819 733 1850 dies
750 1827 947 1858 quamquam
961 1817 1089 1849 acribus
1102 1818 1203 1848 initiis
1227 1818 1370 1858 coeptum
1393 1827 1481 1849 men-

160 1873 287 1906 dacium
302 1869 415 1901 valuit.
439 1868 611 1899 exstiterat
625 1866 757 1906 quidam
774 1866 1036 1897 Scribonianum
1056 1874 1089 1897 se
1116 1866 1337 1897 Camerinum
1354 1865 1481 1905 serens,

160 1921 434 1953 Neronianorum
460 1918 652 1956 temporum
677 1915 773 1945 metu
798 1915 835 1945 in
858 1914 998 1944 Histria
1025 1912 1258 1953 occultatum,
1290 1911 1380 1952 quod
1404 1913 1483 1944 illic
1537 1949 1539 1954 ,

160 1967 328 2003 clientelae
341 1967 374 1998 et
390 1965 466 2004 aqri
479 1965 634 1995 veterum
650 1963 854 1994 Crassorum
867 1969 908 1993 ac
923 1961 1067 1997 nominis
1073 1959 1184 1999 favor
1195 1959 1368 1991 manebat.
1383 1958 1482 1998 igitur
1534 1956 1536 1960 ⁴

161 2015 333 2048 deterrimo
355 2020 484 2054 quoque
509 2010 542 2042 in
557 2012 782 2050 argumentum
797 2007 915 2039 fabulae
940 2007 1107 2047 assumpto
1121 2006 1235 2046 vulgus
1260 2005 1426 2037 credulum
1449 2008 1482 2036 et
1538 2005 1539 2014 ¹

162 2062 292 2103 quidam
305 2060 446 2092 militum
463 2066 570 2090 errore
583 2056 653 2088 veri
668 2065 725 2088 seu
742 2055 913 2087 turbarum
928 2053 1035 2086 studio
1052 2053 1201 2085 certatim
1217 2052 1480 2093 aggregabantur,

161 2118 262 2150 quum
276 2108 459 2149 pertractus
472 2105 513 2137 ad
524 2103 690 2137 Vitellium
703 2103 981 2143 interrogatusque
994 2102 1154 2142 quisnam
1166 2099 1369 2131 mortalium
1384 2100 1480 2137 esset,

190 2213 268 2239 Lxx.
284 2219 303 2237 ι.
319 2211 499 2239 clamator-im
512 2216 538 2235 v.
552 2215 644 2235 ‹sm—2.
661 2210 936 2234 Vitellianorum-s.
950 2216 964 2230 ιι
975 2206 1161 2232 Abhorrentes
1171 2204 1301 2235 quosdam
1314 2203 1479 2228 cadaverum

162 2250 261 2278 tabem,
276 2248 429 2273 detestabili
442 2254 510 2272 voce
524 2247 684 2271 confirmare
694 2252 775 2270 ausus
789 2246 829 2269 est
841 2251 847 2269 z
861 2244 965 2275 optime
981 2242 1057 2267 olere
1079 2242 1203 2266 occisum
1216 2240 1329 2267 hostem,
1341 2240 1369 2263 et
1377 2238 1480 2262 melius

161 2286 256 2310 civem.
271 2285 303 2308 Et
315 2284 348 2308 ad
362 2284 514 2308 leniendam
528 2283 620 2307 odoris
636 2282 800 2312 gravitatem
814 2280 958 2311 plurimum
972 2279 1040 2303 meri
1055 2276 1197 2308 propalam
1209 2275 1307 2304 hausit,
1326 2274 1480 2304 passimque

162 2320 252 2345 divisit
261 2321 319 2349 pari
333 2320 455 2343 vanitate
469 2320 551 2348 atque
568 2318 722 2342 insolentia.
741 2327 753 2338 ν,
767 2317 883 2341 sueton.
899 2321 925 2340 c.
939 2320 975 2339 ιο.

191 2355 279 2379 LXXl.
293 2360 312 2378 ι.
331 2355 389 2378 Dici
405 2354 476 2378 solet
494 2354 627 2378 venditus
650 2354 678 2378 et
690 2353 905 2382 emancipatus,-
923 2350 1042 2374 amarius
1059 2350 1100 2373 est
1121 2349 1230 2379 emptus
1241 2355 1250 2372 :
1261 2351 1342 2378 quem
1359 2344 1438 2369 luxus
1451 2343 1479 2368 et

161 2390 253 2419 sagina
270 2389 413 2414 lenociniis
426 2390 550 2415 emerant
563 2391 591 2414 et
604 2394 681 2415 suum
695 2388 872 2414 fecerant.-2
893 2386 979 2413 Relatl
993 2390 1073 2415 supra
1091 2385 1109 2414 l,
1121 2389 1159 2411 ⁷⁷.
