1539 2668
120 134 138 161 6
528 127 659 161 TACIT'l
683 132 893 161 ANNALIUM
916 132 988 160 LIB.
1014 131 1038 160 I.

119 205 259 244 Martis,
278 203 355 236 sede
372 203 547 236 destinata
557 205 583 240 ⁹,
602 205 750 235 cremari
764 204 903 236 vellent.
918 204 975 236 Die
993 204 1114 236 funeris
1126 204 1245 236 milites
1259 205 1349 238 velut
1364 216 1442 248 prm.

119 252 203 284 sidio
219 252 348 289 stetere,
367 252 505 283 multum
522 251 731 283 irridentibus
748 251 802 292 qui
826 251 885 292 ipsi
902 252 1050 283 viderant
1075 252 1196 293 quique
1216 262 1235 284 a
1257 254 1443 293 parentibus

118 300 308 339 acceperant
322 298 407 330 diem
431 298 521 330 illum
542 298 632 330 crudi
652 299 678 316 ¹⁰
698 297 804 330 adbuc
816 298 936 330 servitii
951 301 982 330 et
1002 299 1160 331 libertatis
1183 300 1381 340 improspere
1402 310 1446 333 re·

117 347 240 388 petitae,
255 355 356 386 quum
379 346 502 378 occisus
523 346 662 378 dictator
678 349 782 378 Caesar
798 346 869 378 aliis
891 347 1080 387 pessimum,
1099 347 1170 378 aliis
1193 346 1445 388 pulcherrimum

117 393 241 425 facinus
268 392 433 424 videretur
456 403 463 424 z
486 407 500 420 α
526 403 611 424 nunc
632 402 742 425 senem
766 393 964 434 principem,
988 394 1081 435 longa
1109 396 1255 435 potentia
1276 419 1285 434 ,
1310 395 1450 435 provisis

117 454 132 464 ·<
146 442 243 472 etiam
261 441 412 472 heredum
429 440 709 481 inirempublicam
724 440 841 481 opibus
859 441 883 458 ¹¹
897 465 907 481 ,
925 441 1048 473 auxilio
1064 441 1185 474 scilicet
1202 442 1335 473 militari
1360 445 1449 476 tuen-

119 500 134 514 ιι
148 487 243 527 dum,
261 489 296 519 ut
313 488 478 528 sepultura
492 488 560 528 ejus
575 489 684 528 quieta
701 488 792 520 [oret.
809 501 824 516 »ι

158 539 210 567 IX.
239 534 361 567 Multus
382 535 455 567 binc
479 535 548 575 ipso
570 535 610 567 de
630 538 774 576 Augusto
795 544 921 576 sei-nio,
944 535 1106 577 plerisque
1129 545 1213 568 vana
1233 536 1446 578 mirantibus,

119 594 134 609 α
152 582 237 624 quod
255 583 337 613 idem
351 583 420 614 dies
432 582 554 623 accepti
570 583 734 623 (piendam
756 584 880 624 imperii
897 584 904 601 ¹
930 584 1078 624 princeps
1096 585 1128 615 et
1155 584 1230 615 vitae
1248 592 1422 624 supremus
1441 593 1450 617 z

117 642 133 657 κ
147 629 236 670 quod
250 630 338 661 Nolae
354 630 384 660 in
403 629 500 661 ‹lomo
516 632 548 661 ot
567 630 736 669 cubiculo,
752 630 783 662 in
800 640 865 671 quo
883 633 976 672 pater
993 631 1061 671 ejus
1075 631 1229 662 Octavius
1240 655 1248 669 ,
1263 631 1364 662 vitam
1373 631 1449 662 tini-

100 678 102 681 '
118 689 134 704 ι
149 677 259 708 visset.
275 691 288 704 ι.
302 686 454 708 numerus
466 678 562 708 etiam
577 678 803 709 consulatuum
813 678 1046 717 celebrabatur,
1058 687 1122 718 quo
1134 678 1296 710 Valerium
1309 682 1451 710 Corvum
1464 688 1465 691 ’

115 726 147 757 et
161 727 198 756 C.
220 724 354 755 Marium
379 725 476 755 simul
494 725 700 765 aequaverat²
718 735 725 756 z
741 725 928 757 continuata
946 735 1000 766 per
1015 729 1136 765 septem
1152 729 1183 756 et
1202 725 1336 765 triginta
1349 734 1451 758 annos

115 772 291 806 tribunicia
316 775 479 812 potestas:
498 781 614 804 nomen
637 772 841 813 imperatoris
861 773 956 805 semel
974 776 1071 813 atque
1091 773 1188 804 vicies
1205 776 1332 813 partum
1346 772 1357 790 ³
1380 772 1452 804 alia-

115 829 178 860 que
197 820 356 850 bonorum
381 819 595 860 multiplicata
612 822 667 851 aut
688 829 772 851 nova
788 819 812 851 ⁵.
830 823 869 851 At
890 820 975 861 apud
1001 820 1175 860 prudentes
1193 820 1258 850 vita
1281 820 1349 859 ejus
1362 819 1452 852 varie

115 867 331 898 extollebatur
349 866 594 905 arguebatur-ve.
618 867 664 906 bi,
684 881 698 894 α
716 867 833 907 pietate
849 876 922 907 erga
939 870 1102 908 parentem
1117 867 1127 884 ⁵·
1141 891 1149 905 ,
1168 869 1198 898 et
1217 866 1454 899 necessitudine

118 925 133 939 «
151 914 351 954 reipublicae,
367 914 397 945 in
422 924 485 954 qua
503 915 608 946 nullus
634 917 713 946 tuuc
736 914 857 954 legibus
879 914 968 945 locus
983 939 991 953 ‚
1016 914 1056 946 ad
1079 923 1168 946 arma
1189 914 1295 945 civilia
1320 915 1451 954 actum,

117 973 132 987 ι(
148 969 221 1000 quas
245 970 348 1001 neque
370 961 473 1001 parari
499 965 631 1002 possent
655 971 758 1002 neque
779 961 886 992 baberi
914 971 968 1002 per
986 961 1087 993 bonas
1111 963 1206 993 artes.
1233 962 1335 992 multa
1356 963 1452 992 Anto·

119 1020 133 1034 α
149 1008 221 1046 nio,
245 1007 323 1038 dum
351 1009 574 1040 interfectores
596 1009 695 1049 patris
715 1009 939 1048 ulcisceretur,
964 1009 1065 1040 multa
1093 1008 1212 1048 Lepido
1242 1008 1448 1040 concessisse.

116 1067 131 1082 α
148 1057 321 1095 postquam
340 1055 391 1086 liic
404 1056 553 1087 socordia
569 1055 712 1087 senuerit
727 1079 736 1094 ,
758 1055 809 1086 ille
829 1064 882 1095 per
899 1055 1046 1086 libidines
1063 1064 1187 1095 pessum
1205 1055 1300 1087 datus
1314 1056 1368 1095 sit,
1388 1063 1464 1086 non*

118 1114 132 1128 a
148 1102 233 1132 aliud
253 1102 466 1134 discordantis
485 1103 596 1143 patria}
617 1103 795 1133 remedium
815 1102 924 1141 tuisse,
951 1111 1049 1142 quam
1068 1105 1104 1133 ut
1121 1103 1161 1133 ab
1185 1111 1248 1133 uno
1278 1103 1450 1142 regeretur.

118 1161 132 1175 α
149 1157 212 1179 non
229 1158 326 1188 reguo
349 1152 456 1180 tannen
483 1158 586 1191 neque
609 1149 789 1188 dictatura,
817 1149 871 1179 sed
903 1149 1058 1188 Principis
1083 1149 1212 1180 nomine
1237 1149 1450 1181 constitutam

116 1208 131 1223 α
147 1196 406 1236 remluiblicam:
437 1192 671 1227 mari’Oceano
703 1198 759 1226 aut
784 1196 934 1226 amnibus
961 1196 1166 1236 Ιοιῃζίιιιμιίε6
1194 1200 1324 1236 septum
1352 1196 1450 1237 impe—

116 1256 132 1271 «
149 1243 230 1273 rium
244 1253 251 1272 :
263 1243 416 1282 legiones,
433 1243 629 1283 provincias,
647 1243 778 1281 classes,
797 1246 913 1273 cuncta
932 1242 1014 1273 inter
1031 1251 1065 1274 se
1090 1251 1236 1274 connexa
1251 1243 1260 1260 7
1276 1243 1346 1283 :jus
1362 1241 1450 1284 apud

115 1301 130 1316 α
146 1289 246 1328 cives,
263 1290 455 1321 modestiam
473 1289 557 1329 apud
581 1289 687 1320 socios
712 1299 719 1319 z
739 1289 850 1320 urbem
872 1290 971 1330 ipsam
1003 1290 1171 1329 magnifico
1193 1292 1308 1322 ornatu
1327 1300 1334 1321 :
1350 1299 1452 1331 pauca

117 1347 132 1361 «
146 1336 321 1366 admodum
342 1336 371 1366 vi
391 1339 540 1375 tractata,
560 1346 625 1376 quo
643 1335 760 1367 ceteris
778 1337 869 1376 quies
885 1339 979 1368 esset.
998 1350 1012 1364 υ

155 1386 193 1413 Χ.
220 1383 392 1414 Dicebatur
405 1386 530 1419 contra,
548 1396 562 1409 «
579 1383 729 1423 pietatem
756 1392 829 1423 erga
852 1387 1017 1424 parentem
1041 1385 1073 1415 et
1096 1384 1242 1424 tempora
1264 1385 1448 1425 reipublicae

117 1442 132 1457 «
147 1430 292 1461 obtentui
316 1432 447 1470 sumpta
474 1440 481 1461 ε
501 1432 646 1461 ceterum
669 1430 820 1471 cupidine
846 1431 1035 1462 dominandi
1063 1433 1209 1463 concitos
1231 1441 1287 1472 per
1313 1432 1450 1473 largitio·

115 1488 131 1503 κ
146 1486 220 1508 nem
237 1480 405 1508 veteranos
424 1478 451 1516 ¹,
471 1480 619 1518 paratum
639 1478 680 1508 ab
696 1478 898 1510 adolescente
917 1480 1044 1518 privato
1064 1479 1240 1510 exercituin
1252 1503 1260 1518 ,
1284 1481 1450 1520 corruptas

116 1525 287 1555 «consulis
304 1524 314 1541 ²
340 1525 481 1564 legiones
503 1549 511 1564 ‚
549 1526 734 1556 simulatam
764 1526 1029 1565 Pompeianarum
1063 1526 1229 1566 gratiam³
1270 1527 1410 1567 partium
1440 1537 1448 1558 1

116 1585 132 1599 «
146 1580 221 1602 mox
240 1572 292 1602 ubi
311 1572 440 1603 decreto
468 1574 598 1603 Patrum
623 1573 724 1604 l'asces
740 1575 771 1604 et
791 1572 843 1612 jus
869 1574 1014 1613 praetoris
1037 1573 1192 1605 invaserit
1209 1598 1217 1613 ,
1239 1574 1330 1605 caesis
1347 1574 1450 1606 Hirtio

115 1631 132 1646 «
146 1621 178 1650 et
196 1623 297 1650 Pansa
314 1618 320 1636 ⁵
340 1643 348 1659 ,
371 1619 440 1650 sive
465 1619 564 1651 bostis
587 1620 679 1659 illos,
706 1629 760 1651 seu
783 1624 916 1651 Pansam
943 1630 1104 1652 venenum
1131 1621 1257 1652 vulneri
1279 1621 1421 1652 affusum
1438 1643 1448 1660 ,

116 1666 196 1697 «sui
221 1666 338 1697 milites
362 1666 500 1697 Hirtium
530 1668 562 1698 et
587 1667 789 1698 machinator
815 1667 880 1699 doli
911 1671 1015 1699 Caesar
1044 1669 1248 1709 abstulerat,
1279 1669 1448 1709 utriusque

115 1724 130 1739 «
146 1721 255 1753 copias
272 1714 505 1753 occupavisse:
527 1716 691 1746 extortum
712 1715 814 1745 invito
840 1719 954 1746 senatu
969 1719 979 1733 ³
1008 1716 1212 1747 consulatum
1229 1740 1238 1756 ‚
1267 1724 1423 1756 armaque
1438 1738 1448 1756 ‚

115 1774 131 1788 «
146 1769 219 1800 quae
245 1761 276 1791 in
298 1761 474 1792 Antonium
498 1763 681 1801 acceperit,
705 1766 817 1793 contra
843 1762 1081 1802 rempublicam
1105 1772 1222 1795 versa:
1242 1762 1447 1804 proscriptio-

114 1820 130 1834 «
146 1816 220 1838 nem
236 1807 357 1838 civium
371 1832 379 1847 ‚
396 1808 569 1839 divisiones
585 1818 736 1849 agrorum
749 1833 757 1849 ,
774 1818 814 1840 ne
829 1809 905 1850 ipsis
921 1810 1070 1851 quidem,
1085 1810 1139 1851 qui
1155 1812 1270 1849 fecere,
1286 1809 1446 1841 laudatas.

115 1863 223 1885 «sane
245 1855 343 1886 Cassii
372 1858 402 1886 et
436 1857 607 1887 Brutorum
639 1856 745 1887 exitus
779 1857 917 1896 paternis
948 1857 1125 1889 inimicitiis
1150 1857 1272 1889 datos⁰
1297 1880 1307 1897 ,
1337 1864 1448 1898 quam·

115 1914 130 1927 ιι
145 1910 242 1941 quam
268 1902 315 1933 sas
332 1902 395 1940 sit,
424 1904 548 1944 privata
572 1903 646 1934 odia
667 1903 808 1943 publicis
832 1904 1026 1936 utilitatibus
1050 1905 1215 1936 remittere
1237 1914 1245 1936 z
1269 1903 1326 1936 sed
1350 1907 1446 1935 Pom-

115 1962 129 1975 «
146 1949 255 1988 peium
284 1949 423 1990 imagine
448 1951 537 1991 pacis
554 1975 564 1991 ,
592 1951 649 1983 sed
673 1951 830 1992 Lepidum
856 1952 964 1992 specie
988 1952 1140 1984 amicitiae
1160 1953 1313 1993 deceptos
1337 1960 1345 1982 :
1372 1951 1447 1991 post

114 2041 227 2065 cremati
245 2047 343 2071 niagno
363 2044 437 2066 motu
456 2043 587 2073 populari.
601 2056 628 2060 —
643 2049 668 2067 a.
680 2043 832 2073 Mausoleo,
853 2044 923 2073 quod
938 2043 992 2068 illic
1012 2044 1063 2068 sibi
1085 2043 1279 2068 exstruendum
1300 2045 1451 2069 curaverat·

116 2078 260 2105 Augustus.
275 2088 302 2092 —-
318 2082 353 2100 ιο.
365 2079 497 2102 Recentis.
512 2091 541 2096 -
556 2084 591 2102 ιι.
606 2079 693 2108 Quum
709 2081 843 2109 provisum
859 2080 929 2102 esset
944 2080 973 2102 ut
985 2078 1099 2102 heredes
1110 2079 1260 2103 exercitum
1275 2079 1302 2101 et
1312 2077 1445 2107 reliquam

116 2113 278 2146 potestatem
298 2113 394 2141 agendi
411 2115 441 2136 cn
455 2113 606 2143 (adversus)
620 2115 813 2145 rempublicam
826 2114 964 2138 haberent.
987 2114 1101 2139 Scilicet
1116 2115 1231 2138 ironiam
1245 2114 1310 2137 dicti
1332 2112 1444 2136 indicat.

146 2148 191 2172 lx.
219 2152 240 2171 ι.
261 2147 336 2176 Quod
350 2147 376 2170 bi
395 2154 410 2171 a
422 2149 509 2177 primo
530 2149 689 2177 consulatu,
715 2155 794 2179 quein
808 2150 867 2173 iniit
882 2155 905 2173 a.
917 2150 941 2172 d.
956 2150 1015 2174 XlV
1029 2149 1081 2174 kal.
1092 2151 1157 2179 sept
1177 2149 1389 2179 (undevicesimo
1401 2147 1445 2171 die

115 2183 229 2212 Augusti
247 2183 296 2210 ιιι.)
308 2183 372 2206 anni
397 2183 424 2207 U.
440 2188 479 2206 71¹
494 2202 500 2213 ,
515 2184 647 2213 incepisse
664 2187 776 2214 ponunt.
799 2185 871 2209 Obiit
892 2185 989 2208 eodem
1009 2185 1052 2209 die
1067 2186 1131 2209 anni
1147 2190 1199 2209 ⁷07.
1217 2198 1245 2202 —
1264 2189 1286 2208 2.
1307 2184 1448 2214 Augustus

116 2224 143 2243 ιτ,
156 2218 314 2242 consulatus
326 2218 418 2247 gessit,
434 2219 470 2242 Μ.
487 2218 544 2242 Val.
562 2220 663 2243 Corvus
680 2226 703 2249 c,
718 2221 746 2245 C.
763 2220 896 2244 Mariusv.
909 2232 938 2237 -
951 2226 973 2243 s.
990 2220 1055 2244 scil.
1078 2222 1118 2245 tot
1136 2220 1265 2244 victoriis.
1284 2231 1310 2236 -—
1325 2224 1344 2243 ι.
1360 2218 1443 2243 Νουα

115 2255 194 2278 erant
206 2254 389 2283 principatus,
412 2254 556 2278 tribunicia
570 2256 703 2285 potestas,
723 2256 846 2285 regimen
859 2261 964 2279 morum
979 2255 1122 2286 legumque
1135 2257 1296 2286 perpetuum
1316 2254 1366 2285 ipsi
1383 2254 1447 2278 sine*

115 2289 236 2312 censoris
254 2294 365 2312 numere
379 2289 562 2318 commissum,
577 2291 734 2314 consulatus
747 2291 774 2315 in
789 2291 871 2315 vitam
882 2309 889 2319 ,
904 2291 987 2321 patris
999 2292 1093 2321 patria:
1106 2291 1210 2319 titulus,
1225 2291 1277 2314 etc.
1290 2303 1320 2308 —
1334 2294 1358 2313 ις.
1371 2289 1447 2313 Δᾶον

114 2323 233 2352 ptivuin,
255 2325 270 2348 J
274 2324 355 2347 ulium
370 2325 511 2348 Caesarem.
526 2335 558 2342 ·-—
573 2330 598 2349 e.
620 2325 773 2356 Euphrate,
793 2327 915 2351 Danubio
931 2328 960 2351 et
972 2327 1079 2356 Rheno,
1095 2327 1152 2350 tum
1169 2326 1275 2356 imperii
1289 2324 1395 2349 tinibus.
1411 2336 1445 2342 -

114 2361 137 2380 ⁷.
151 2358 219 2382 Vide
234 2359 274 2387 iv,
289 2364 310 2382 ε.

144 2393 177 2417 X.
193 2399 214 2417 ι.
232 2394 296 2418 Julii
311 2395 420 2418 Caesaris
432 2394 541 2420 milites.
554 2409 581 2412 —
595 2401 618 2420 2.
629 2398 663 2421 Μ.
678 2398 796 2422 Antonii.
810 2404 867 2422 -5.
883 2397 1148 2423 Reconciliationem.
1158 2408 1188 2413 —
1199 2393 1398 2422 erconsunbus,
1413 2393 1443 2417 in

114 2432 206 2460 pugna
219 2429 252 2453 ad
262 2430 401 2459 Mutinam,
416 2430 502 2460 Aprili
514 2437 548 2454 m.
561 2437 587 2455 a.
599 2437 651 2461 7¹1,
666 2433 794 2457 adversus
806 2434 962 2457 Antonium.
977 2445 1005 2450 -—
1017 2438 1039 2456 5.
1054 2433 1176 2456 nativus.
1188 2442 1217 2449 -—
1229 2436 1252 2454 c.
1262 2431 1443 2455 paternarum
1488 2440 1490 2442 v
