1539 2668
457 182 491 221 A.
514 183 552 211 U.
577 183 612 211 C.
639 183 710 212 803.
736 184 773 214 A.
799 184 834 213 C.
859 185 910 213 50.
1293 184 1348 214 171

20 258 227 300 praesidebat,
241 259 406 299 leqionem
419 256 561 298 ipsdque
577 265 594 288 e
606 259 786 296 provincia
801 258 891 289 lecta
907 258 1050 290 auxilia
1060 265 1129 298 pro
1143 259 1223 297 ripa
1240 258 1252 276 ³
1268 267 1354 291 com-

15 314 158 348 ponere,
169 305 179 324 ⁴
196 305 345 337 subsidio
357 306 468 344 victis,
482 306 514 335 et
528 306 694 335 terrorem
708 305 873 337 acle-ersus
886 307 1041 344 victores,
1052 305 1254 342 nesortmm
1269 307 1354 338 elati

23 355 178 386 nostram
202 361 333 393 quoque
347 360 467 392 pacem
492 350 689 383 turbarent.
718 361 791 382 nam
816 352 867 382 vis
883 352 1052 383 innumera
1067 377 1075 392 ,
1100 352 1189 392 Lygii
1218 352 1355 392 aliaeque

21 402 134 441 gentes
149 425 158 440 ‚
181 400 415 439 adventabant,
430 399 515 431 sama
533 399 610 430 ditis
631 400 731 439 regni,
752 399 838 439 quod
862 400 1009 431 Vannius
1025 400 1157 440 triginta
1174 408 1230 440 per
1252 409 1355 433 annos

21 447 276 488 praedationibus
290 450 321 478 et
336 446 549 487 vectigalibus
565 450 712 478 auxerat.
733 447 795 486 ipsi
812 456 927 478 manus
943 448 1073 488 propria
1096 447 1219 487 pedites
1230 472 1238 486 ‚
1255 455 1355 487 eques

21 502 39 525 e
51 494 203 526 Sarmatis
220 493 387 533 lazygibus
403 497 484 533 erat,
499 493 604 533 impar
617 493 821 525 multitudini
836 495 997 534 hostium5
1012 503 1115 535 eoque
1130 493 1271 526 castellis
1285 502 1355 526 sese

22 540 186 573 defensare
199 540 384 580 bellumque
402 540 520 572 ducere
536 543 703 572 statuerat.

61 592 151 620 XXX.
176 587 234 620 Sed
250 591 388 628 Iazyges,
403 587 580 619 obsidionis
598 588 804 628 impatientes
819 591 850 619 et
867 589 1033 629 proximos
1052 597 1110 629 per
1122 597 1253 628 campos
1268 588 1356 628 vagi,

21 635 291 667 necessitudinem
307 644 421 675 pugnae
438 635 575 666 attulere
586 659 594 673 ‚
610 636 685 675 quia
703 636 819 676 Lygius
837 636 1147 675 Hermundurusque
1165 635 1227 667 illic
1243 635 1356 675 ingru-

21 684 122 714 erant.
138 682 234 722 igitur
247 682 410 721 digressus
423 683 565 714 castellis
582 683 727 714 Vannius
746 683 890 714 tunditur
905 684 1028 723 pru-lio,
1047 692 1244 723 quamquam
1260 682 1357 716 rebus

22 729 182 770 adversis,
199 729 349 760 laudatus
365 728 455 770 quod
471 731 504 760 et
519 738 675 769 parmam
697 739 803 761 manu
828 732 982 769 capessiit
1000 732 1033 761 et
1050 738 1190 769 corpore
1213 730 1358 762 adverso

23 777 172 808 vulnera
194 778 339 816 excepit.
356 780 499 807 ceterum
518 777 557 807 ad
581 777 716 808 classem
742 778 772 808 in
796 777 940 808 Danubio
961 778 1183 817 opperientem
1206 777 1353 817 perfugit.

23 824 126 855 secuti
148 833 225 854 mox
241 824 374 855 clientes
391 848 399 863 ‚
429 825 461 855 et
477 825 616 864 acceptis
638 825 721 863 agris
742 825 772 855 in
802 825 964 855 Pannonia
991 824 1084 855 locati
1108 826 1192 855 sunt.
1224 833 1356 863 regnum

22 871 145 910 Vangio
158 879 196 902 ac
208 871 283 902 Sido
298 871 382 902 inter
399 880 433 902 se
452 871 612 911 partix'ere
626 896 634 911 ‚
662 872 786 911 egregia
804 872 958 902 adversus
976 880 1035 901 nos
1054 871 1115 902 tide
1128 895 1137 910 ‚
1155 870 1310 909 subjectis
1326 872 1356 907 ¹,

22 926 122 950 suone
137 926 177 949 an
195 917 318 948 servitii
332 917 461 956 ingenio
474 917 485 935 ²
500 941 509 956 ‚
529 918 607 949 dum
622 918 879 958 adipiscerentur
903 918 1140 950 dominationes
1153 941 1161 956 ,
1186 918 1288 948 multa
1305 926 1358 947 ca—

22 964 132 1004 ritate,
149 966 182 996 et
197 964 318 1004 majore
335 964 429 1004 odio,
450 968 624 1005 postquam
643 966 749 1006 adepti
767 967 855 996 sunt.

62 1015 168 1044 XXXI.
193 1015 233 1043 At
248 1013 282 1042 in
299 1012 461 1043 Britannia
478 1016 511 1043 P.
528 1014 714 1051 Ostorium,
738 1013 743 1029 ¹
763 1022 821 1053 pro
843 1014 980 1053 praetorc
995 1037 1003 1050 ,
1029 1011 1172 1043 turbidae.
1195 1021 1245 1042 res
1264 1020 1358 1042 exce-

22 1066 98 1098 pere
113 1083 120 1098 ,
141 1058 250 1090 effusis
268 1059 298 1089 in
317 1067 430 1098 agrum
445 1060 607 1091 sociorum
625 1060 773 1091 hostibus
789 1069 827 1091 eo
841 1060 1015 1090 violentius
1029 1084 1038 1098 ,
1057 1059 1144 1099 quud
1169 1068 1288 1089 norum
1302 1058 1359 1088 du-

24 1113 94 1137 cem
111 1106 252 1137 exercitu
278 1107 386 1145 ignoto
407 1109 440 1137 et
465 1109 572 1146 coepta
591 1107 696 1138 hieme
720 1107 842 1137 iturum
867 1107 996 1137 ulmam
1021 1116 1085 1137 non
1114 1106 1275 1137 rebantur.
1305 1106 1360 1136 lile

24 1161 142 1193 gnarus
159 1152 270 1192 primis
286 1153 456 1184 eventibus
472 1157 595 1184 metum
613 1157 666 1184 aul
683 1153 833 1184 fiduciam
856 1154 942 1192 giffzii
954 1178 961 1191 ‚
992 1154 1073 1184 citas
1087 1153 1237 1183 cohortes
1257 1153 1359 1192 rapit,

24 1202 56 1232 et
69 1199 160 1231 caesis
177 1199 232 1239 qui
248 1200 454 1239 restiterunt,
477 1200 628 1238 disjectos
647 1203 872 1238 consa-tatus,
894 1209 931 1230 ne
955 1208 1068 1230 rursus
1088 1199 1361 1238 conglobarentur

23 1246 213 1287 infensaque
227 1248 259 1277 et
277 1247 375 1277 infida
400 1256 458 1286 pax
476 1256 540 1278 non
558 1247 654 1287 duci,
677 1257 741 1278 non
769 1248 862 1278 militi
877 1271 884 1284 ,
901 1247 1043 1286 requiem
1067 1247 1285 1286 permitteret,
1304 1246 1360 1278 de-

23 1293 152 1325 trahere
173 1302 264 1324 arma
289 1294 469 1333 suspectis,
495 1297 676 1334 cunctaque
690 1294 804 1325 castris
828 1296 988 1326 Autonam
1010 1293 1120 1333 [inter]
1140 1296 1171 1324 et
1194 1292 1361 1324 Sabrinam

25 1340 142 1371 fluvios
167 1341 317 1372 cohibere
332 1340 342 1357 ²
373 1343 475 1379 parat.
503 1342 595 1379 Quod
625 1341 719 1381 primi
744 1341 828 1372 Iceni
857 1341 1019 1379 abnuere,
1050 1340 1155 1371 valida
1186 1349 1278 1379 gens,
1302 1349 1362 1372 nec

24 1387 146 1428 proeliis
159 1387 305 1426 contusi,
322 1387 399 1427 quia
416 1387 603 1420 societatem
622 1392 764 1418 nostram
781 1388 924 1418 volentes
939 1389 1152 1418 accesserant.
1173 1387 1286 1425 hisque
1303 1396 1362 1417 au-

25 1434 168 1466 ctoribus
179 1434 396 1473 circumiectae
410 1434 556 1466 nationes
567 1435 675 1466 locum
688 1444 801 1474 pugnae
813 1435 956 1474 delegere
971 1438 1102 1474 septum
1114 1433 1232 1474 agresti
1247 1443 1362 1474 aggere

26 1483 58 1513 et
73 1480 160 1512 aditu
175 1484 309 1521 angusto
322 1505 330 1521 ‚
348 1490 388 1512 ne
402 1482 533 1521 pervius
549 1482 652 1522 equiti
674 1482 766 1513 soret.
790 1491 826 1513 ea
849 1481 1054 1512 munimenta
1076 1481 1143 1512 dux
1172 1485 1337 1512 Romanus
1351 1506 1360 1521 ‚

28 1536 224 1568 quamquam
237 1528 305 1560 sine
324 1527 439 1562 robore
456 1528 617 1567 legionum
632 1529 766 1560 sociales
781 1529 891 1568 copias
905 1528 1046 1559 ducebat
1059 1552 1067 1566 ‚
1086 1536 1296 1568 perrumpere
1309 1537 1362 1568 ag-

27 1575 189 1616 greditur,
213 1578 246 1608 et
260 1575 441 1607 distributis
457 1577 645 1608 cohortibus
660 1602 669 1617 ‚
696 1580 820 1608 turmas
845 1585 975 1617 quoquc
990 1576 1135 1615 peditum
1157 1575 1196 1606 ad
1221 1575 1331 1606 munia
1347 1575 1359 1594 ³

28 1621 176 1662 accingit.
197 1625 275 1654 tunc
288 1623 365 1654 dato
382 1623 492 1663 signo,
510 1624 710 1664 perfringunt
721 1633 868 1664 aggerem
884 1624 1015 1663 suisque
1026 1622 1176 1655 claustris
1191 1622 1363 1663 impeditos

29 1669 174 1701 turbant.
188 1671 287 1711 atque
310 1670 355 1702 illi
378 1671 574 1702 conscientia
595 1672 775 1702 rebellionis
789 1696 797 1710 ‚
821 1670 1012 1710 1·tobseptis
1037 1670 1186 1709 effugiis,
1213 1671 1315 1701 multa
1329 1670 1363 1701 et

28 1716 111 1748 clara
128 1717 272 1749 facinora
294 1718 408 1750 secere.
427 1728 490 1759 qua
507 1727 614 1758 pugna
636 1718 723 1750 tilius
745 1719 840 1758 legati
855 1743 863 1758 ,
886 1723 929 1749 M.
951 1717 1268 1756 Ostorius,—servati
1281 1716 1364 1749 civis

26 1763 126 1795 decus
139 1764 267 1795 meruit.

67 1814 188 1842 XXXII.
213 1814 360 1843 Ceterum
377 1812 468 1844 clade
484 1816 654 1844 Icenorum
671 1812 844 1852 compositi
860 1813 865 1829 ¹
890 1812 945 1852 qui
962 1812 1082 1843 bellum
1106 1811 1189 1842 inter
1202 1812 1234 1842 et
1250 1820 1361 1851 pacem

28 1857 239 1897 dubitabant;
261 1861 293 1890 et
313 1859 429 1890 ductus
453 1859 529 1890 inde
545 1858 604 1899 [in]
617 1863 743 1898 Cangos
760 1858 770 1875 ²
789 1859 961 1890 exercitus.
980 1857 1101 1889 vastati
1127 1857 1214 1896 agri,
1240 1858 1362 1896 praedae
1388 1885 1394 1892 „

28 1904 148 1945 passim
161 1907 242 1936 actae
254 1929 262 1944 ‚
285 1914 349 1936 non
363 1906 451 1937 ausis
469 1905 571 1936 aciem
587 1905 735 1936 hostibus
747 1931 755 1945 ‚
777 1906 828 1936 vel
841 1907 867 1936 si
889 1914 929 1936 ex
942 1905 1072 1936 occulto
1090 1912 1223 1943 carpere
1246 1912 1362 1943 agmen

29 1953 202 1992 tentarent,
217 1953 333 1993 punito
343 1953 429 1984 dolo.
446 1955 585 1992 Jamque
599 1954 732 1983 ventum
747 1952 832 1982 haud
849 1952 959 1992 procul
975 1952 1054 1982 mari
1069 1951 1157 1990 quod
1172 1950 1361 1982 Hiberniam
1390 1973 1398 1980 .

28 1997 164 2030 insulam
179 2002 345 2040 aspectat,
363 2008 462 2040 quum
478 2002 557 2030 ortae
573 2000 657 2039 apud
674 2000 840 2039 Brigantas
858 1998 1029 2030 discordia:
1052 1999 1216 2029 retraxere
1231 1996 1362 2038 ducem,

29 2044 255 2081 destinationis
273 2048 398 2078 certum
412 2071 420 2086 ‚
438 2055 478 2078 ne
503 2055 589 2077 nova
612 2046 779 2078 moliretur
799 2046 860 2077 nisi
888 2045 1051 2085 prioribus
1080 2044 1229 2076 firmatis.
1253 2045 1285 2075 et
1298 2044 1362 2076 Bri-

31 2094 140 2131 gantes
157 2093 287 2134 quidem
301 2118 309 2133 ‚
327 2094 437 2134 paucis
454 2093 510 2133 qui
525 2103 614 2124 arma
636 2094 820 2134 coeptabant
839 2092 1017 2123 intersectis
1029 2115 1037 2130 ‚
1057 2091 1091 2122 in
1121 2091 1264 2130 reliquos
1287 2091 1362 2122 data

0 2157 1 2165 κ
31 2139 143 2179 venia,
160 2140 308 2172 resedere
324 2150 331 2170 :
349 2141 488 2172 Silurum
503 2148 580 2180 gens
594 2149 658 2171 non
673 2139 861 2178 atrocitate,
879 2148 943 2170 non
961 2137 1132 2170 clementia
1154 2137 1360 2178 mutabatur,

0 2228 1 2233 1
33 2185 111 2226 quin
124 2186 243 2221 bellum
256 2190 422 2220 exerceret
435 2187 615 2227 castrisque
632 2187 794 2227 legionum
818 2185 994 2226 premenda
1010 2185 1103 2218 soret.
1122 2185 1157 2222 id
1173 2193 1238 2225 quo
1253 2193 1364 2224 prom—

34 2274 63 2280 —
74 2268 99 2286 τ».
120 2264 243 2288 Danubii.
256 2278 283 2281 —
294 2271 315 2290 4.
329 2267 372 2290 Sc.
389 2267 417 2289 ut
432 2267 511 2290 esset.
531 2266 681 2290 Terrorem
698 2264 831 2295 appositio
840 2265 881 2288 est
896 2263 1122 2294 praecedentibus.

61 2298 144 2324 XXX-
162 2304 181 2323 ι.
201 2300 312 2324 nativus
323 2302 478 2332 jungendus
490 2308 551 2325 cum
569 2303 712 2326 caritate:
727 2301 784 2324 cari
797 2300 935 2330 subjectis.
946 2305 1006 2323 —2.
1018 2298 1068 2323 Vel
1082 2297 1235 2328 principum
1251 2297 1360 2329 illorum

34 2331 151 2364 ingenio,
164 2334 275 2364 velquia
282 2335 338 2360 haec
348 2338 389 2361 est
398 2338 497 2365 natura
510 2337 656 2367 servitutis,
665 2337 769 2366 imperii
780 2336 807 2359 in
821 2341 874 2364 quo
883 2335 1010 2364 servitur,
1023 2340 1078 2358 non
1089 2333 1226 2362 obeditur,
1239 2333 1359 2362 regibus.

14 2395 18 2399 ,
63 2366 158 2393 XXXI.
172 2374 192 2393 ι.
206 2369 247 2393 Sc.
267 2371 314 2399 qui
326 2373 391 2395 erat.
409 2384 439 2389 —-
459 2377 480 2395 2.
502 2372 647 2401 Gaudere,
663 2378 697 2396 ne
710 2372 823 2402 possent
836 2371 933 2400 trajici,
946 2370 1019 2400 quod
1043 2369 1136 2393 facere
1156 2368 1292 2392 debebant
1313 2369 1360 2398 qui

35 2402 161 2428 boreales
175 2405 264 2433 partes
277 2407 410 2435 peterent.
421 2419 450 2424 -
461 2412 484 2432 ³.
499 2409 578 2431 strue
593 2414 599 2431 :
615 2409 726 2431 turmas
741 2408 861 2436 equitum
872 2406 911 2430 ad
922 2407 1025 2429 munia
1035 2405 1174 2435 peditum·

63 2439 175 2465 xxxu.
186 2446 207 2471 i.
231 2441 322 2465 Pacati
339 2443 410 2466 suut,
423 2447 483 2467 —2.
494 2442 626 2468 Omissam
636 2445 856 2474 praepositionem
867 2441 1017 2467 detendunt
1029 2439 1176 2470 virgiliano
1196 2438 1268 2470 (Εσζ.
1281 2439 1293 2463 1
1315 2438 1357 2467 es)
