1539 2668
148 192 209 223 356
502 185 637 216 ’merri
659 182 940 214 nlS'romARUM
957 181 1036 212 Lus.
1061 183 1118 212 111.

148 264 309 299 ctissimas
320 260 565 294 Liburnicarum
580 265 775 298 omnemque
787 256 921 288 militem
931 255 1101 287 Mucianus
1111 255 1302 295 Byzantium
1315 256 1477 297 adegerat.

148 313 228 354 quin
249 311 282 343 et
306 308 459 341 barbari⁶
490 305 703 346 contemptim
727 304 928 345 vagabantur
944 327 953 343 ‚
973 302 1138 334 fabricatis
1167 305 1301 343 repente
1326 304 1476 337 navibus.

147 367 310 393 camaras
327 356 465 395 vocant,
479 354 490 373 ⁷
521 354 618 386 aretis
631 351 788 384 lateribus
801 376 810 392 ,
826 352 923 383 latam
945 352 1054 383 alvum
1068 375 1079 389 ‚
1096 350 1166 381 sine
1179 349 1310 382 vinculo
1333 352 1406 384 aeris
1425 355 1482 384 aut

148 407 225 440 ferri
241 412 406 438 connexas
420 414 429 442 ;
446 405 479 434 et
494 400 620 433 tumido
633 399 736 439 mari,
751 401 849 440 prout
864 399 982 431 fluctus
1000 398 1162 430 attollitur
1174 421 1182 437 ‚
1203 407 1332 430 summa
1348 400 1481 431 navium

149 454 271 489 tabulis
285 454 421 492 augent,
439 450 543 481 donec
562 448 595 480 in
609 448 744 479 modum
761 447 839 479 tecti
853 446 1059 478 claudantur.
1075 445 1122 477 sic
1136 445 1221 477 inter
1234 446 1340 478 undas
1348 447 1484 478 volvun-

149 504 220 538 tur,
239 501 308 542 pari
323 501 490 538 utrimque
504 505 600 537 prora
615 498 647 529 et
662 495 812 527 mutabili
828 495 963 535 remigio
975 517 985 534 ‚
998 493 1133 535 quando
1152 493 1229 525 hinc
1249 495 1300 526 vel
1321 494 1410 526 illinc
1426 504 1482 535 ap-

149 548 268 590 pellere
282 547 495 579 indiscretum
509 548 541 576 et
558 543 731 575 innoxium
747 545 807 575 est.

192 599 329 629 XLVIII.
354 594 503 626 Advertit
518 601 554 624 ea
570 601 622 624 res
636 591 826 632 Vespasiani
844 590 989 621 animum
1002 614 1010 629 ‚
1028 590 1064 621 ut
1079 590 1261 621 vexillarios
1276 599 1293 621 e
1306 590 1487 631 legionibus

151 645 333 684 ducemque
350 642 498 673 Virdium
514 641 684 673 Geminum
697 663 706 679 ,
725 639 882 679 spectatae
899 637 1023 668 militiae
1034 660 1043 677 ‚
1061 637 1226 678 deligeret.
1248 638 1300 669 ille
1323 638 1487 680 incompo-

153 694 252 725 situm
269 693 301 723 et
319 689 439 731 praedae
453 687 610 729 cupidine
626 696 747 727 vagum
764 687 890 717 hostem
905 684 1040 716 adortus
1055 686 1158 725 coegit
1172 685 1204 716 in
1217 694 1335 725 naves;
1351 686 1489 718 effectis·

152 750 216 782 que
236 739 354 780 raptim
380 736 563 768 Liburnicis
581 735 770 775 assequitur
794 733 967 765 Anicetum
992 732 1025 762 in
1050 732 1133 763 ostio
1153 732 1299 763 fluminis
1323 733 1436 764 Cohibi
1451 733 1459 750 ¹
1475 757 1486 773 ,

151 790 261 821 tutum
281 786 342 818 sub
357 785 619 818 Sedochezorum
634 783 644 801 ²
665 782 750 823 regis
764 782 886 813 auxilio
900 806 908 821 ,
926 789 1023 821 quem
1038 780 1175 820 pecunia
1194 780 1355 820 donisque
1378 780 1419 812 ad
1435 789 1489 813 so-

153 836 304 868 cietatem
320 833 519 874 perpulerat,
535 841 573 863 ac
586 831 692 872 primo
710 839 764 861 rex
781 829 879 860 minis
894 828 1058 868 armisque
1076 827 1258 868 supplicem
1272 828 1358 860 tueri
1373 838 1380 859 ε
1396 828 1488 868 post-

154 892 254 924 quam
270 889 395 913 merces
413 879 606 920 proditionis
623 882 680 909 aut
694 877 817 908 bellum
832 875 1076 916 ostendebatur,
1097 875 1196 915 fluxa,
1213 879 1249 907 ut
1264 878 1313 907 est
1329 876 1489 917 barbaris,

153 931 217 963 fide
244 931 360 971 pactus
387 927 513 959 Aniceti
543 926 684 958 exitium
709 925 860 965 perfugas
877 923 888 941 ³
923 923 1078 961 tradidit,
1106 923 1255 963 belloque
1280 924 1389 955 servili
1418 924 1490 955 finis

154 978 337 1018 impositus.
356 978 481 1008 Laetum
502 983 538 1006 ea
556 974 698 1005 victoria
711 972 943 1012 Vespasianum
959 995 967 1011 ‚
993 970 1122 1002 cunctis
1139 980 1236 1011 super
1255 972 1332 1002 vota
1360 971 1490 1003 fluenti·

154 1026 237 1066 bus,
253 1024 480 1066 Cremonensis
502 1021 607 1062 proelii
624 1020 762 1051 nuntius
780 1020 810 1050 in
835 1021 965 1059 AEgypto
987 1019 1179 1058 assequitur.
1200 1028 1238 1050 eo
1262 1020 1489 1059 properantius

154 1072 383 1107 Alexandriam
398 1070 522 1111 pergit,
546 1072 582 1100 ut
600 1069 702 1099 fracto
726 1067 842 1098 Vitellii
869 1066 1014 1097 exercitu
1041 1065 1160 1096 Urbem
1188 1075 1317 1105 quoque
1345 1068 1490 1099 externae

155 1122 226 1162 opis
241 1120 384 1160 indigam
399 1118 482 1149 same
498 1117 636 1157 urgeret.
653 1123 795 1154 namque
814 1116 846 1145 et
862 1114 1014 1150 Africam,
1031 1113 1145 1144 eodem
1161 1113 1260 1144 latere
1278 1114 1386 1154 sitam,
1404 1116 1490 1146 terra

155 1169 304 1208 marique
323 1166 476 1198 invadere
502 1163 654 1205 parabat,
672 1163 787 1194 clausis
811 1170 948 1193 annonae
974 1160 1129 1193 subsidiis
1149 1160 1292 1201 inopiam
1312 1170 1349 1192 ac
1370 1162 1490 1194 discor-

155 1217 241 1248 diam
258 1215 344 1246 hosti
360 1214 515 1245 facturus.

196 1267 302 1295 XLIX.
327 1266 411 1293 Dum
432 1261 493 1291 hac
506 1258 609 1290 totius
627 1258 715 1289 orbis
729 1256 898 1289 nutatione
918 1256 1047 1287 fortuna
1066 1255 1193 1296 imperii
1210 1255 1345 1296 transit,
1363 1256 1491 1290 Primus

156 1311 317 1343 Antonius
334 1315 536 1349 nequaquam
552 1305 622 1346 pari
638 1305 824 1336 innocentia
840 1306 914 1344 post
928 1307 1120 1335 Cremonam
1138 1303 1270 1343 agebat,
1287 1303 1490 1336 satisfactum

156 1360 240 1391 bello
258 1361 347 1389 ratus
365 1360 397 1388 et
413 1358 519 1387 cetera
534 1363 574 1385 ex
588 1353 674 1384 sacili
690 1352 696 1369 ¹
715 1377 723 1392 ,
742 1361 799 1383 seu
815 1352 952 1382 felicitas
963 1351 995 1381 in
1011 1351 1067 1382 tali
1081 1350 1209 1391 ingenio
1227 1350 1395 1382 avaritiam
1411 1375 1420 1390 ,
1434 1360 1489 1383 su-

157 1406 301 1448 perbiam
320 1405 493 1443 ceteraque
511 1401 639 1433 occulta
653 1399 736 1431 mala
757 1400 919 1440 patefecit.
940 1400 978 1430 nt
994 1402 1133 1438 captam,
1150 1398 1273 1429 Italiam
1291 1398 1491 1439 persultare3

157 1456 196 1487 ut
212 1462 300 1491 suas,
317 1452 460 1492 legiones
478 1450 602 1489 eolere;
616 1448 767 1480 omnihus
783 1447 879 1478 dictis
898 1447 1058 1487 factisque
1075 1446 1162 1476 viam
1179 1445 1237 1476 sibi
1252 1445 1290 1475 ad
1312 1445 1491 1485 potentiam

157 1503 291 1535 struere.
318 1501 419 1539 utque
436 1498 567 1529 licentia
585 1497 721 1528 militem
739 1495 918 1533 imbueret,
934 1494 1178 1525 interfectorum
1194 1492 1423 1524 centurionum
1437 1501 1492 1524 or-

158 1549 250 1582 dines
267 1547 445 1587 legionibus
462 1545 620 1577 osserebat
637 1544 661 1576 ².
684 1553 722 1575 eo
745 1542 900 1582 suffragio
923 1541 1165 1573 turbidissimus
1190 1541 1327 1581 quisque
1352 1540 1491 1580 delecti3

158 1605 218 1629 nec
242 1596 334 1628 miles
353 1594 385 1625 in
401 1593 534 1625 arbitrio
550 1593 672 1623 ducum
684 1615 692 1629 ,
712 1590 768 1622 sed
785 1591 885 1621 duces
909 1589 1041 1619 militari
1065 1588 1217 1618 violentia
1240 1587 1451 1618 trahebantur
1464 1588 1490 1620 ³.

159 1653 232 1686 quae
245 1642 398 1675 seditiosa
411 1665 420 1680 ‚
437 1646 469 1673 et
485 1639 734 1680 corrumpendae
749 1637 930 1677 disciplinae
943 1659 951 1673 ,
974 1644 1050 1666 rnox
1075 1635 1105 1664 in
1124 1634 1266 1674 praedam
1291 1634 1437 1665 vertebat
1456 1633 1466 1652 ⁴
1481 1659 1491 1675 ,

157 1693 238 1725 nihil
255 1690 486 1722 adventantem
503 1689 689 1720 Mucianum
707 1686 849 1724 veritus;
867 1684 956 1724 quod
972 1682 1137 1714 exitiosius
1162 1685 1232 1713 erat
1249 1690 1348 1721 quam
1371 1686 1490 1722 Vespa-

158 1740 285 1772 sianum
307 1737 477 1778 sprevisse.

134 1817 137 1819 .
200 1790 233 1819 L.
261 1789 413 1818 Ceterum
429 1784 610 1825 propinqua
626 1782 732 1812 hieme
749 1781 783 1812 et
798 1778 1009 1811 humentibus
1025 1777 1112 1820 Pado
1129 1776 1252 1817 campis
1269 1775 1460 1817 expeditum
1479 1777 1488 1795 ¹

158 1844 271 1876 agmen
288 1833 450 1865 incedere.
467 1832 560 1871 signa
574 1829 757 1870 aquilaeque
770 1826 955 1858 victricium
972 1825 1146 1866 legionum,
1166 1823 1286 1855 milites
1302 1823 1493 1855 vulneribus

158 1885 214 1915 aut
227 1885 324 1914 aetate
342 1889 453 1921 graves
466 1903 474 1917 ,
493 1879 638 1920 plerique
665 1876 763 1907 etiam
781 1875 898 1915 integri
914 1898 922 1913 ‚
953 1877 1091 1905 Veronae
1121 1872 1223 1904 relicti
1244 1882 1251 1901 :
1271 1871 1419 1903 sufficere
1441 1880 1493 1903 co·

157 1930 267 1963 hortes
281 1930 404 1968 alaeque
424 1928 456 1959 et
474 1936 491 1958 e
508 1925 690 1967 legionibus
707 1923 779 1955 lecti
796 1921 968 1963 profligato
984 1920 996 1939 ²
1012 1921 1080 1960 Jam
1097 1919 1181 1951 bello
1199 1919 1405 1950 videbantur.
1424 1922 1493 1951 Un-

159 1978 286 2010 decima
301 1976 384 2015 legio
401 1983 469 2006 sese
484 1974 696 2014 adjunxerat,
712 1971 806 2002 initio
821 1970 973 2001 cunctata
986 1993 994 2008 ‚
1012 1968 1067 2000 sed
1093 1967 1254 2008 prosperis
1273 1967 1369 1998 rebus
1397 1966 1492 1998 anxia

159 2025 246 2066 quod
269 2023 433 2055 defuisset.
458 2031 513 2053 sex
532 2021 631 2052 millia
648 2020 890 2057 Dalmatarum,
910 2025 1021 2048 recens
1049 2015 1209 2054 delectu5‚
1236 2013 1489 2046 comitabantur.

160 2072 299 2105 ducebat
315 2070 488 2110 Pompeius
502 2069 650 2101 Silvanus
665 2067 676 2084 ³
695 2065 874 2098 consularis
892 2074 900 2095 :
925 2064 975 2095 vis
992 2063 1200 2095 consiliorum
1224 2070 1324 2102 penes
1348 2061 1492 2092 Annium

158 2160 214 2189 Jam
237 2157 310 2181 nulla
330 2156 422 2180 elassis
438 2156 559 2179 Romana
575 2172 580 2182 ,
599 2152 745 2176 vindictam
758 2150 957 2180 effugiens-e.
969 2153 1010 2172 sc.
1028 2147 1089 2171 Orae
1110 2146 1289 2171 Ponticae.-7.
1304 2145 1341 2168 De
1355 2144 1396 2168 his
1410 2144 1491 2169 navi-

159 2196 209 2226 giis
232 2195 461 2222 Bosporanorum,
484 2191 605 2220 quinque
633 2188 690 2212 fere
719 2188 747 2210 et
783 2185 878 2216 viginti
906 2184 1046 2208 hominum
1078 2182 1234 2213 capacibuS,
1262 2181 1384 2210 loquitur
1407 2182 1490 2206 etiam

159 2229 258 2254 Strabo
272 2229 316 2256 ΧΙ,
331 2233 356 2257 p.
378 2232 437 2253 495:
453 2226 486 2250 de
503 2224 636 2248 similibus
659 2223 789 2247 Suionum
801 2222 910 2245 Tacitus
935 2220 1025 2243 Germ.
1041 2224 1064 2243 c.
1079 2224 1117 2243 ⁴⁴.

189 2264 303 2289 XLVIII.
318 2269 337 2286 ι.
352 2264 413 2287 Sive
428 2261 522 2289 Chobi,
537 2260 619 2284 hodie
632 2257 842 2283 Kemkhal.—2.
860 2255 952 2281 Gentis
967 2255 1094 2283 Ponticae,
1110 2260 1125 2277 a
1139 2253 1289 2283 Pomponio
1306 2252 1377 2277 Mela
1387 2257 1490 2276 memo—

160 2301 225 2326 ratae
239 2300 259 2327 1,
272 2304 297 2322 c.
315 2304 405 2322 ¹9.—5.
417 2298 467 2326 Qui
480 2296 618 2326 supplices
632 2295 665 2318 ad
680 2300 742 2318 eum
757 2292 949 2322 confugerant.

190 2335 280 2359 XLIX.
298 2334 371 2357 ¹.Sc.
391 2339 461 2359 esse.
476 2332 566 2356 facilia
578 2330 681 2355 effectu
702 2334 826 2354 esses-2.
838 2328 970 2352 Nimirum
986 2327 1016 2350 ut
1028 2326 1092 2355 ipsae
1105 2325 1227 2355 legiones
1241 2324 1293 2348 sibi
1309 2328 1377 2353 quos
1387 2321 1491 2346 vellent

161 2370 336 2396 centuriones
351 2369 484 2398 eligerent
493 2369 521 2391 in
536 2368 625 2391 locum
637 2366 860 2390 interfectorum.
871 2376 900 2380 -
911 2368 932 2386 3.
947 2361 1189 2391 Compellebantnr
1202 2361 1233 2384 ut
1246 2360 1329 2384 duces
1341 2358 1451 2383 fierent.
1461 2368 1490 2374 —-

159 2412 185 2432 ι.
204 2405 343 2432 Antonius,
359 2405 474 2433 pretium
488 2404 599 2433 exigens
612 2401 804 2426 confirmandis
817 2399 894 2424 novis
907 2397 1031 2422 ducibus.

191 2443 217 2467 L.
233 2446 252 2466 ί.
267 2441 330 2466 Sine
343 2438 553 2469 impedimentis,
569 2439 630 2462 ute.
646 2442 724 2461 2.-2.
736 2437 822 2466 Prope
834 2435 868 2459 ad
877 2436 957 2459 tinem
969 2432 1113 2463 perducto,
1126 2433 1157 2457 ut
1166 2431 1201 2461 11,
1216 2436 1294 2456 ⁴.—³.
1305 2429 1354 2454 Vid
1373 2428 1398 2454 1¹
1420 2432 1491 2453 ⁸6-—
