1539 2668
69 193 135 223 466
525 196 560 224 C.
585 196 771 225 CORNELII
793 199 927 228 TACITI

68 267 146 300 tatis
158 267 216 298 aut
232 274 322 297 reum
337 273 489 306 prospere
503 265 675 298 defendere
689 269 745 297 aut
756 267 840 307 apud
852 270 1075 301 centumviros
1088 269 1100 288 ³
1116 279 1246 302 causam
1261 271 1402 313 aliquam

69 315 204 348 feliciter
231 322 323 343 orare
350 315 408 344 aut
432 314 518 353 apud
548 314 731 354 Principem
756 315 843 355 ipsos
869 317 943 348 illos
966 317 1096 348 libertos
1123 320 1155 349 et
1178 323 1413 359 procuratores.

68 362 254 401 Principum
272 359 356 391 tueri
375 361 406 390 et
432 360 604 392 defendere
624 361 731 393 datur.
754 365 825 392 tum
844 364 921 394 milii
944 374 1040 405 supra
1065 365 1250 397 tribunatus
1273 368 1305 398 et
1328 375 1405 406 prae-

66 414 157 442 turas
172 410 204 439 et
219 407 408 438 consulatus
423 408 599 439 ascendere
616 408 743 448 videor,
763 412 832 440 tum
850 410 968 443 habere
982 412 1068 451 quod
1083 437 1091 451 ‚
1117 413 1143 443 si
1165 422 1229 443 non
1249 413 1377 453 ingenio
1390 413 1400 431 ⁴

66 458 183 495 oritur,
199 463 258 486 nec
271 454 450 485 codicillis³
467 454 563 486 datur
576 464 635 487 nee
649 465 725 487 cuni
740 458 843 496 gratia
856 459 955 490 venit.
967 464 1045 499 Quae
1061 459 1142 490 fama
1158 463 1189 490 et
1204 460 1274 491 laus
1289 460 1401 499 ιιιι3ιι56

66 504 145 535 artis
162 511 237 534 cum
258 504 426 533 oratorum
443 502 547 541 gloria
564 504 781 543 comparanda
801 507 872 536 est?
888 507 1021 545 quinam
1038 506 1248 537 illustriores⁷
1264 507 1295 538 in
1319 507 1404 538 Urbe

65 559 131 582 non
149 550 256 581 solum
274 549 360 589 apud
378 548 563 587 negotiosos
582 553 614 581 et
631 550 728 582 iebus
746 551 908 592 intentos,
928 553 984 584 sed
1002 554 1097 584 etiam
1119 554 1203 594 apud
1220 555 1356 597 jugenes
1372 556 1445 596 en,

66 600 311 636 adolescentes,
330 597 451 637 quibus
469 597 567 628 modo
583 601 670 630 recta
685 602 717 629 et
731 600 856 631 indoles
869 602 918 632 est
931 603 963 632 et
981 602 1064 633 bona
1083 611 1154 642 spes
1176 603 1248 634 sni?
1265 609 1402 642 quorum

64 648 199 678 nomina
212 646 302 686 prius
319 646 470 684 parentes
490 645 600 676 liberis
621 646 690 677 suis
711 646 882 686 ingeiQunt
877 650 889 668 ³
909 658 992 688 quos
1009 649 1127 689 saepius
1140 651 1256 689 vulgus
1273 657 1403 690 quoque

60 695 252 734 metm
274 694 306 723 et
321 693 486 724 tunicatus
504 693 558 723 hic
580 694 721 733 populus
734 694 745 711 ⁸
763 697 970 727 transeuntes
993 697 1124 728 nomine
1145 700 1239 728 vocat
1254 700 1285 728 et
1303 696 1403 736 digito

61 742 288 772 demonstrat?
302 740 437 771 advenae
451 749 582 780 quoque
595 743 627 772 et
642 742 801 781 peiegrini
816 743 882 782 Jam
900 743 932 774 in
948 744 1055 774 suuni(
1060 744 1132 784 ipiis
1145 746 1177 775 et
1191 744 1325 775 coloniis
1338 742 1404 774 suis

62 788 211 826 auditos,
230 796 332 827 quum
352 787 495 827 primum
512 787 632 819 Urbem
656 789 857 828 attigerunt,
881 791 1052 830 requirunt
1069 800 1106 822 ac
1124 791 1216 823 velut
1232 799 1404 831 agnoscere

40 875 41 878 Ἴ
63 837 317 876 concupiscunt.

104 887 190 915 Vlll.
217 897 231 910 «
254 884 365 915 Ausim
390 883 587 915 contendere
607 884 796 915 Marcellum
816 885 903 916 bunc
928 887 1079 926 Eprium,
1103 886 1142 917 de
1161 896 1224 927 quo
1242 886 1337 918 modo
1354 887 1402 918 lo-

62 932 159 962 cutus
178 940 263 970 snm,
282 932 314 962 et
328 931 478 970 Crispum
492 930 645 961 Vibium¹
667 931 834 970 (libentius
851 933 937 963 enim
955 934 1047 964 novis
1061 936 1093 965 et
1109 934 1292 965 recentibus
1305 941 1401 974 quam

62 979 201 1010 remotis
222 982 256 1010 et
272 978 469 1009 oblitteratis
490 978 647 1018 exemplis
663 979 751 1018 ntor)
773 988 837 1009 non
855 980 966 1011 minus
983 990 1054 1011 esse
1072 983 1167 1012 notos
1192 981 1223 1011 in
1247 981 1402 1013 extremis

62 1027 210 1066 partibus
227 1030 385 1057 terrarum
402 1035 501 1066 quam
517 1030 637 1066 Capuae
652 1030 707 1057 aut
721 1027 896 1066 Vercellis,
919 1028 974 1058 ubi
991 1028 1057 1059 nati
1078 1028 1243 1059 dicimtur.
1263 1037 1324 1059 nec
1340 1028 1401 1059 lioc

62 1073 127 1104 illis
150 1070 286 1104 alter-iiis
312 1077 361 1105 ter
385 1074 501 1104 millies
527 1074 737 1104 sestertis1m²
762 1076 917 1113 praestat,
938 1084 1137 1115 quamquam
1165 1076 1203 1106 ad
1232 1076 1289 1106 lias
1313 1076 1401 1116 ipsas

60 1130 140 1161 opes
164 1124 303 1161 possunt
328 1120 431 1151 videri
454 1122 650 1160 eloquentiae
673 1121 830 1152 beneficio
855 1123 1001 1161 venisse,
1020 1123 1075 1153 sed
1100 1123 1170 1162 ipsa
1195 1123 1401 1162 eloquentia3

61 1169 154 1207 eujus
171 1177 293 1199 numen
311 1171 343 1199 et
361 1168 502 1199 coelestis
518 1168 567 1198 vis
586 1168 688 1199 multa
702 1169 836 1208 quidem
855 1170 1009 1200 omnibus
1030 1170 1157 1201 saeculis
1172 1170 1320 1210 exempla
1334 1170 1398 1201 edi-

60 1216 130 1255 dit,
150 1216 190 1246 ad
210 1224 308 1255 quam
331 1224 435 1254 usque
456 1215 621 1246 fortunam
639 1216 789 1247 homines
805 1216 927 1256 ingenii
951 1217 1076 1248 viribus
1096 1218 1319 1257 pervenerint3
1343 1217 1400 1248 sed

60 1264 149 1301 haec,
169 1265 316 1302 utsupra
333 1263 400 1292 dixi
416 1287 423 1301 ,
442 1263 590 1302 proxima
613 1265 644 1293 et
667 1272 740 1304 quur
762 1272 827 1294 non
849 1264 963 1294 auditu
985 1265 1208 1304 cognoscenda
1225 1265 1278 1295 sed
1298 1264 1402 1296 oculis

59 1310 235 1349 spectanda
260 1310 465 1340 haberemus.
488 1319 563 1340 nam
587 1319 653 1349 qno
670 1310 834 1341 sordidius
850 1313 881 1341 et
897 1311 1054 1351 abjectius
1073 1312 1138 1342 nati
1158 1314 1251 1350 sunt,
1271 1321 1401 1352 quoque

60 1357 236 1388 notabilior
251 1359 425 1397 paupertas
440 1359 472 1387 et
486 1357 644 1396 angustiae
660 1366 767 1388 rerum
783 1360 952 1389 nascentes
965 1368 1020 1389 eos
1037 1359 1346 1398 circumsteterunt,
1363 1368 1401 1390 eo

58 1405 193 1436 clariora
214 1408 246 1435 et
268 1405 308 1435 ad
331 1405 618 1435 ‹lemonstrandam
643 1406 795 1436 oratoriae
812 1406 1006 1445 eloquentiae
1024 1407 1202 1438 utilitatem
1222 1405 1399 1437 illustriora

58 1453 207 1492 exempla
222 1455 310 1490 sunt,
328 1452 414 1491 quod
432 1452 501 1483 sine
521 1453 804 1483 commendatione
822 1454 980 1484 natalium
995 1477 1002 1491 ,
1019 1454 1088 1484 sine
1105 1454 1286 1484 substantia
1305 1454 1400 1485 sacul-

59 1501 164 1530 tatum
179 1524 187 1539 ‚
207 1503 321 1530 neuter
345 1500 492 1530 moribus
511 1501 657 1539 egregius
671 1526 680 1540 ,
698 1501 780 1531 alter
805 1500 916 1531 babitu
941 1510 1071 1541 quoque
1088 1502 1233 1541 corporis
1253 1503 1399 1532 contem-

60 1549 135 1587 ptus
148 1572 156 1586 ‚
181 1556 238 1587 per
255 1547 378 1578 multos
393 1547 459 1586 jam
477 1556 580 1578 annos
598 1548 814 1587 potentissimi
831 1550 907 1579 sunt
924 1548 1069 1579 civitatis
1081 1573 1088 1587 ,
1108 1552 1139 1579 et
1157 1548 1257 1579 donec
1279 1548 1374 1579 libuit
1389 1573 1397 1588 ,

60 1595 221 1635 principes
233 1595 304 1633 sori,
322 1604 408 1625 nunc
423 1595 584 1635 principes
597 1595 628 1625 in
643 1595 777 1626 Caesaris
790 1595 931 1626 amicitia
945 1598 1043 1633 agunt
1060 1596 1230 1635 feruntque
1242 1595 1253 1613 ³
1269 1597 1397 1633 cuncta,

59 1644 155 1681 atque
169 1642 209 1672 ab
224 1642 292 1681 ipso
315 1642 460 1681 Principe
483 1650 557 1672 cum
579 1642 717 1681 quadam
735 1643 914 1673 reverentia
928 1642 1120 1681 diliguntur,
1139 1643 1213 1682 qnia
1227 1641 1397 1682 Vespasia·

59 1697 140 1727 nus,
168 1689 362 1720 venerabilis
388 1688 507 1719 senex⁴
535 1691 568 1720 et
593 1689 851 1729 patientissimus
877 1690 967 1729 veri,
997 1690 1077 1720 bene
1102 1689 1251 1729 intelligit
1274 1693 1397 1721 ceteros

59 1736 191 1776 quidem
209 1737 334 1766 amicos
353 1745 430 1766 suos
447 1735 488 1766 iis
506 1736 565 1766 niti
584 1746 658 1776 quae
678 1737 718 1767 ab
737 1738 805 1777 ipso
829 1737 1031 1776 acceperint,
1057 1746 1195 1777 quaeque
1218 1737 1276 1777 ipsi
1300 1745 1398 1768 aceu-

59 1783 182 1814 mnlare
199 1785 231 1814 et
245 1783 278 1813 in
293 1783 373 1814 ¹alios
387 1792 561 1822 congerere
577 1785 763 1823 promptum
782 1786 829 1815 est
845 1809 853 1823 ‚
871 1785 1057 1815 titarcellum
1076 1788 1183 1814 autem
1201 1786 1233 1815 et
1250 1784 1398 1824 Crispum

59 1830 203 1861 attulisse
220 1830 261 1861 ad
279 1830 453 1860 amicitiam
471 1839 563 1861 suam
578 1855 586 1870 ‚
611 1832 700 1871 quod
723 1841 787 1862 non
814 1841 832 1862 a
855 1832 1003 1872 Principe
1020 1832 1201 1872 acceperint
1219 1840 1278 1862 nec
1295 1831 1398 1872 accipi

59 1878 172 1918 possit.
195 1878 370 1909 minimum
390 1878 476 1909 inter
489 1880 538 1909 tot
554 1888 591 1909 ac
608 1881 700 1911 tanta
718 1879 827 1910 locum
845 1880 994 1911 obtinent
1009 1880 1167 1919 imagines
1178 1880 1188 1897 ⁵
1208 1888 1245 1910 ac
1262 1878 1348 1910 tituli
1364 1881 1398 1912 et

59 2012 119 2036 erat
134 2013 214 2039 Aper,
225 2009 298 2039 quod
312 2009 474 2039 intelligitur
487 2016 518 2033 ex
533 2016 595 2040 cap.
612 2016 647 2039 ιο,
665 2011 756 2035 Gallis
771 2012 886 2036 nostris.
897 2017 957 2035 ——z⁴
973 2012 1002 2035 ln
1013 2011 1122 2040 judiciis
1137 2010 1382 2034 centumviralibus

60 2049 169 2071 centum
184 2045 324 2075 (quinque)
339 2046 457 2069 virorum
478 2046 511 2069 de
526 2046 650 2070 tribubus
664 2052 692 2071 55
704 2047 855 2071 electorum
869 2054 875 2070 :
896 2048 922 2071 in
938 2047 1035 2076 quibus
1049 2053 1091 2070 res
1109 2047 1220 2076 privatae
1237 2046 1397 2075 judicaban-

59 2085 168 2107 tur.--4.
184 2082 244 2105 Mss.
260 2082 289 2104 ιἰι
303 2081 425 2104 Μία-3.
442 2082 485 2105 Sc.
506 2082 669 2111 Principum,
686 2083 715 2105 ut
728 2082 827 2112 Amic.
845 2088 867 2106 c.
883 2088 919 2109 40,
932 2083 990 2106 not.
1007 2087 1084 2105 m—o.
1103 2083 1284 2111 interrogatio
1298 2081 1397 2111 duplex

60 2124 75 2142 e
90 2123 177 2147 graeco
191 2122 328 2139 inore-7.
344 2117 385 2140 Sic
399 2117 522 2140 Orellius.
539 2118 602 2141 Mss.
618 2118 667 2147 qui
680 2124 738 2141 non
750 2118 878 2142 illustres
892 2119 983 2142 et.—3.
1000 2117 1077 2141 Plebs
1092 2118 1226 2147 opificum,
1242 2123 1327 2147 agens
1337 2118 1395 2141 sine

60 2156 124 2183 toga
142 2159 208 2182 opus
222 2152 375 2176 faciendum
391 2153 565 2181 impediente.

91 2190 161 2213 Vlll.
179 2194 198 2212 ι.
218 2189 255 2212 De
270 2195 322 2217 quo
338 2190 414 2212 Αιιη.
432 2189 555 2217 X1V,28,
575 2189 648 2212 Hist.
664 2188 702 2217 11,
719 2194 762 2218 ¹0;
782 2189 825 2216 1v,
845 2194 870 2212 41
882 2207 888 2218 ‚
903 2194 939 2212 ⁴5.
955 2188 1135 2217 Quintilianus
1149 2188 1189 2217 X,
1210 2193 1236 2214 ι,
1251 2187 1264 2217 5
1281 2192 1340 2211 iio:
1358 2187 1394 2211 V.

63 2225 109 2249 Cr.
124 2224 293 2253 compositus
308 2225 335 2247 et
344 2224 495 2253 chczmdus
509 2225 537 2247 et
550 2224 735 2248 delectationi
749 2226 852 2253 natus,
872 2224 996 2254 privatis
1015 2226 1110 2248 lamen
1126 2223 1221 2247 causis
1235 2228 1321 2252 quam
1338 2227 1394 2251 pu-

62 2261 142 2285 blicis
160 2260 274 2283 melior.
297 2260 398 2283 berriae
412 2265 471 2283 voe
490 2260 571 2283 notos
591 2266 605 2283 a
627 2260 715 2289 Lipsio
730 2260 858 2283 additum
870 2265 930 2283 ·-2.
945 2266 975 2283 ετ.
978 2265 1036 2287 ..ooo
1039 2265 1083 2284 ooo
1096 2260 1135 2285 fr.
1154 2259 1302 2282 Dicendum
1317 2259 1395 2282 erat:

61 2296 119 2319 Nec
133 2295 185 2319 hoc
198 2295 250 2319 illis
267 2296 395 2324 praestant.
409 2295 541 2318 divinar:
560 2300 609 2324 pro
624 2301 677 2324 quo
699 2295 831 2333 vocabulo
854 2296 955 2324 majore
971 2296 997 2319 vi
1013 2296 1102 2324 posuit
1116 2300 1258 2318 numerum
1274 2294 1396 2318 fortuna-

60 2339 121 2357 rum
136 2333 255 2357 alterius
266 2339 327 2357 —5.
343 2334 436 2357 Graeca
456 2333 559 2356 locutio
578 2334 612 2355 de
631 2332 737 2361 praeda,
757 2327 841 2366 ἄγειν
857 2328 910 2357 καὶ
927 2326 1036 2367 φέρειν.
1059 2330 1173 2353 invidio:
1163 2330 1217 2352 ius
1240 2329 1342 2352 dictum
1360 2329 1395 2354 de

62 2370 151 2394 causis
164 2375 213 2398 pro
228 2369 322 2392 aerario
337 2370 363 2392 ct
375 2369 439 2391 lisco
453 2368 600 2397 susceptis
617 2367 714 2396 quibus
729 2368 906 2396 Vespasianus
922 2367 1018 2396 cupide
1031 2364 1224 2395 prospiciebat
1236 2377 1264 2381 —
1274 2369 1298 2388 ⁴.
1314 2365 1394 2388 Anno

60 2406 108 2429 illo
131 2405 327 2433 sexagesimum
348 2404 470 2433 quintum
496 2404 583 2427 aetatls
606 2409 637 2432 ag,
631 2409 696 2427 ens.
716 2402 846 2427 Patientia
869 2402 924 2426 veri
938 2407 996 2431 quae
1008 2401 1090 2425 fuerit
1103 2402 1131 2424 in
1146 2400 1311 2430 Vespasiano
1329 2405 1394 2425 nat—

60 2442 105 2468 rat
117 2441 226 2466 sueton.
242 2446 266 2464 c.
285 2445 375 2464 ize-5.
392 2441 437 2464 Sc.
456 2440 589 2469 majorum
604 2440 632 2463 in
646 2440 715 2464 atrio
732 2440 833 2469 positae,
847 2438 944 2464 nobilis
959 2437 1069 2468 originis
1081 2438 1174 2462 testes.
