1539 2668
100 166 161 195 418
459 161 590 191 TACITI
613 159 889 191 HISTOfflARUM
912 160 984 190 LIB.
1009 160 1048 189 V.

141 241 251 270 XXIII.
268 236 402 268 Civilem
419 234 538 274 cupido
550 233 680 265 incessit
693 232 805 264 navale
823 233 961 266 maciem
975 234 1169 267 ostentandi.
1185 239 1324 278 complet
1337 242 1424 280 quod

101 285 274 317 biremium
289 283 312 320 ¹,
333 291 471 322 quaeque
487 281 625 321 simplici
651 281 764 312 ordine
789 281 975 320 agebantur.
1002 281 1129 321 adjecta
1148 283 1260 323 ingens
1277 285 1426 320 lintrium

100 334 151 364 vis
173 331 214 363 ad
234 331 374 362 tricenos
396 327 726 369 quadragenosque²3
751 327 807 359 sed
829 330 1033 360 armamenta
1057 329 1234 363 Liburnicis
1259 334 1372 374 solita3
1395 336 1428 367 et

101 379 198 409 simul
211 380 295 418 aptae
310 378 421 409 lintres
435 377 554 416 sagulis
570 374 821 407 versicoloribus
834 375 921 407 haud
936 376 1087 408 indecore
1103 385 1162 417 pro
1178 379 1257 411 velis
1267 380 1428 419 Juvaban-

100 428 166 458 tur.
181 426 321 466 spatium
337 424 424 455 velut
437 424 577 463 aequoris
586 423 737 461 electum,
749 431 814 462 quo
827 426 925 454 Mosae
936 423 1079 455 fluminis
1093 433 1129 455 os
1143 434 1270 459 amnem
1280 428 1430 462 Rhenum

104 477 232 505 Oceano
244 472 385 503 affundit
395 471 419 502 ³.
436 479 535 501 causa
548 469 746 501 instruendae
759 470 883 510 classis,
895 479 991 511 super
1003 471 1133 504 insitam
1146 474 1231 512 genti
1242 476 1430 517 vanitatem,

103 523 192 553 uteo
212 523 335 551 terioie
355 521 556 549 commeatus
573 517 672 549 Gallia
689 517 902 549 adventantes
922 518 1167 559 interciperent.
1189 522 1319 555 Cerialis
1335 525 1431 557 mira-

102 567 176 599 culo
192 576 264 606 mag
268 568 293 597 Is
307 575 404 606 quam
418 566 508 597 metu
524 565 644 596 direxit
657 564 813 603 classem,
829 573 969 596 nurnero
985 565 1160 606 imparem,
1176 577 1233 599 usu
1253 571 1432 613 remigum,

102 615 356 655 gubernatorum
371 615 451 651 arte,
466 612 599 643 navium
612 611 836 652 magnitudine
850 612 1021 652 potiorem.
1037 613 1087 644 his
1098 614 1218 647 llumen
1233 619 1431 650 secundum·
1423 643 1432 659 ‚

102 662 148 693 illi
160 664 256 693 vento
268 661 454 700 agebantur.
466 660 514 692 sic
524 659 687 700 praevecti,
700 661 826 690 tentato
837 658 956 690 levium
971 660 1110 691 telorum
1122 662 1211 701 jactu
1226 663 1434 698 dirimuntur.

103 710 213 743 Civilis
230 709 307 740 nihil
328 708 413 740 ultra
429 716 528 739 ausus
543 710 631 738 trans
644 707 793 738 Rhenum
809 707 982 738 concessit
997 708 1128 740 Cerialis
1144 709 1284 742 insulam
1301 717 1436 746 Batavo-

102 767 176 789 rum
188 757 346 788 hostiliter
360 756 544 796 populatus,
559 763 651 795 agros
665 754 822 794 villasque
837 753 948 785 Civilis
962 755 1100 787 intactos
1117 758 1194 788 nota
1209 761 1278 790 arte
1293 759 1411 793 ducum
1425 763 1432 780 ἲ

103 804 251 844 sinebat,
268 813 369 843 quum
390 803 519 834 interim
540 802 626 834 flexu
644 801 795 833 autumni
809 802 820 819 ⁵
842 804 874 834 et
897 801 1019 833 crebris
1044 812 1101 843 per
1120 803 1260 837 hiemem
1277 806 1437 841 imbribus

103 853 292 892 superfusus
300 851 404 882 amnis
418 851 594 891 palustrem
609 850 828 889 humilemque
842 849 978 881 insulam
993 850 1025 881 iu
1041 850 1157 882 faelem
1167 853 1270 892 stagni
1280 855 1435 894 opplevit.

104 908 164 931 nec
186 899 296 930 classis
320 900 375 930 aut
397 899 599 929 commeatus
623 897 774 937 aderant,
798 898 967 937 castraque
988 897 1023 928 in
1049 898 1143 938 plano
1169 900 1229 930 sita
1246 901 1279 931 vi
1296 901 1437 935 fluminis

106 949 357 982 disserebantur.

145 1000 253 1029 XXIV
278 997 434 1028 Potuisse
454 996 536 1026 tunc
556 995 707 1033 opprimz
725 993 890 1034 temones,
913 995 948 1025 ct
971 994 1118 1026 voluisse
1146 996 1355 1037 Germanos,
1377 999 1438 1031 sed

104 1045 183 1078 dolo
199 1054 221 1076 a
237 1053 270 1074 se.
278 1042 394 1084 ¹flexos
412 1042 586 1082 imputavit
604 1042 610 1059 ¹
632 1041 754 1073 Civilis
773 1050 879 1081 neque
895 1041 1048 1072 abhorret
1065 1050 1164 1081 ver‚o
1182 1044 1310 1082 quando
1327 1046 1439 1086 paucis

104 1094 179 1133 post
195 1091 311 1122 diebus
333 1090 455 1122 deditio
476 1090 624 1121 insecuta
643 1090 704 1119 est.
723 1096 798 1118 nam
827 1088 959 1120 Cerialis
977 1097 1034 1128 per
1050 1089 1195 1120 occultos
1216 1091 1347 1123 nuntios
1366 1095 1437 1125 Ba-

105 1141 195 1172 tavis
209 1147 347 1179 pacem,
369 1137 473 1169 Civili
489 1138 626 1168 veniam
643 1137 807 1166 ostentans
820 1159 829 1175 ‚
847 1135 998 1166 Veledam
1014 1136 1275 1177 propinquosque
1288 1140 1440 1172 monebat

107 1200 123 1214 «ι
142 1188 305 1218 fortunam
322 1184 417 1224 belli,
439 1186 490 1215 tot
509 1183 656 1214 cladibus
679 1182 869 1222 adversam,
893 1184 1078 1223 opportuno
1103 1192 1176 1223 erga
1199 1185 1357 1224 populum
1375 1191 1438 1219 Ro·

107 1247 122 1262 ‹-
143 1241 277 1266 manum
295 1231 411 1263 merito
432 1232 569 1262 mutare.
590 1239 692 1261 caesos
711 1234 867 1262 Treveros
880 1254 888 1269 ‚
914 1232 1060 1270 receptos
1076 1230 1195 1269 Ubios,
1215 1237 1356 1273 ereptam
1379 1239 1438 1266 Ba·

107 1294 124 1309 ι(
141 1281 225 1313 tavis
249 1279 408 1320 patriam3
440 1286 546 1318 neque
570 1277 659 1309 ahud
686 1277 796 1309 Civilis
820 1276 963 1308 amicitia
988 1279 1137 1317 paratum
1163 1287 1260 1318 quam
1283 1282 1437 1323 vulnera,

108 1342 124 1356 α
143 1329 253 1368 sugas,
274 1327 394 1358 luctus.
414 1326 559 1356 exsulem
580 1334 654 1357 eum
673 1326 705 1356 et
722 1327 884 1356 extorrem
901 1324 1131 1364 recipientibus
1148 1327 1238 1357 oneri
1252 1326 1283 1367 ²3
1307 1330 1340 1360 et
1360 1330 1439 1363 satis

108 1390 124 1405 «
142 1374 327 1416 peccavisse
341 1372 429 1413 quod
444 1373 541 1404 toties
555 1373 704 1404 Rhenum
718 1371 990 1403 transcenderint.
1008 1372 1035 1403 si
1052 1372 1131 1412 quid
1150 1373 1233 1404 ultra
1251 1376 1435 1417 moliantur,

107 1435 124 1450 (ι
141 1423 215 1455 inde
228 1421 379 1462 injuriam
394 1422 427 1452 et
443 1420 571 1460 culpam
583 1444 593 1458 ,
611 1419 688 1450 hinc
705 1419 865 1451 ultionem
880 1422 913 1450 et
929 1419 1007 1450 deos
1023 1419 1103 1450 sore.
1119 1433 1134 1447 υ

147 1473 240 1502 XXV.
267 1468 486 1499 Miscebantur
503 1467 602 1498 mirus
616 1467 787 1507 promissa.
808 1468 842 1498 et
863 1475 1017 1497 concussa
1039 1468 1359 1502 Transrhenanorum
1377 1471 1438 1505 fide

105 1522 189 1553 iuter
206 1521 343 1551 Batavos
361 1527 491 1559 quoque
509 1526 675 1549 sermones
696 1517 759 1548 orti
781 1527 789 1548 :
814 1529 828 1543 «
851 1526 916 1547 non
937 1517 1168 1556 prorogandam
1189 1519 1273 1550 ultra
1288 1521 1414 1553 ruinam
1427 1547 1436 1562 ‚

106 1582 122 1594 ιι
140 1576 200 1599 nec
217 1576 308 1607 posse
325 1566 364 1597 ab
382 1575 445 1596 una
463 1566 594 1596 natione
614 1565 715 1596 totius
731 1565 820 1595 orbis
836 1564 1004 1595 servitium
1021 1564 1148 1604 depelli.
1164 1566 1241 1604 quid
1259 1569 1438 1605 perfectum

108 1628 124 1643 u
142 1614 229 1646 caede
255 1616 286 1645 et
310 1613 466 1644 incendiis
492 1612 653 1651 legionum
674 1611 735 1642 nisi
759 1613 794 1642 ut
814 1611 919 1651 plures
941 1610 1176 1651 validioresque
1194 1614 1394 1648 accirentur?
1411 1616 1438 1648 si

108 1673 125 1689 n
143 1662 338 1701 Vespasiano
362 1659 483 1690 bellum
508 1658 700 1689 navaverint
716 1658 739 1697 ¹,
767 1658 1001 1698 Vespasianum
1025 1666 1134 1689 rerum
1156 1659 1254 1698 potiri
1268 1672 1277 1699 3
1303 1662 1354 1692 sin
1379 1672 1437 1703 po-

110 1722 126 1737 α
143 1709 256 1749 pulum
268 1712 450 1738 Romanum
462 1706 559 1737 armis
572 1708 690 1736 vocent
699 1705 726 1745 ²,
740 1707 874 1745 quotam
885 1706 1009 1745 partem
1020 1706 1143 1744 generiS
1158 1705 1289 1738 humani
1303 1712 1438 1742 Batavos

109 1769 124 1784 α
143 1757 233 1787 esse?
250 1755 445 1794 respicerent
459 1755 567 1785 Raetos
585 1752 785 1792 Noricosque
802 1755 835 1784 et
853 1755 1034 1788 ceterorum
1053 1760 1150 1783 onera
1167 1754 1331 1786 sociorum
1351 1766 1358 1787 :
1377 1758 1438 1791 sibi

109 1816 124 1830 a
143 1812 209 1834 non
228 1802 369 1840 tributa,
395 1801 450 1832 sed
471 1801 629 1832 virtutem
651 1803 684 1831 et
704 1801 792 1831 viros
809 1800 920 1831 indici.
936 1800 1122 1840 proximum
1140 1799 1171 1830 id
1186 1800 1344 1843 libertati3
1364 1807 1396 1837 et
1412 1807 1438 1838 si

108 1864 125 1879 <t
143 1850 349 1881 dominorum
366 1848 481 1879 electio
500 1848 562 1887 sit,
580 1847 748 1879 honestius
768 1847 930 1888 principes
950 1851 1168 1878 Romanorum
1193 1857 1289 1888 quam
1307 1854 1436 1884 Germa·

108 1910 124 1924 «
144 1906 261 1928 norum
280 1896 415 1927 feniinas
429 1896 573 1927 tolerari.
591 1909 605 1923 n
621 1896 691 1926 haec
706 1895 834 1934 vulgus.
853 1903 1005 1935 proceres
1020 1908 1034 1919 «
1049 1895 1206 1926 atrociore
1223 1896 1332 1928 Civilis
1349 1899 1437 1932 rabie

109 1957 124 1971 «
142 1946 243 1975 semet
266 1944 297 1974 in
320 1952 410 1974 arma
426 1946 551 1982 trusos3
571 1943 662 1974 illum
685 1942 873 1974 domesticis
889 1941 1003 1972 malis³
1025 1941 1191 1973 excidium
1215 1944 1320 1982 gentis
1335 1954 1437 1986 oppo-

108 2005 124 2019 «
143 1992 256 2022 suisse.
273 1994 351 2021 tunc
365 1991 507 2022 infensos
519 1991 648 2021 Batavis
660 1989 739 2020 deos
750 2014 758 2029 ‚
775 1999 876 2030 quum
894 1989 1121 2021 obsiderentur
1140 1989 1280 2029 legiones
1292 2016 1301 2030 ,
1318 1992 1435 2024 interfi-

110 2051 125 2065 «
143 2042 292 2069 cei-entur
307 2038 414 2077 legati,
432 2038 552 2069 bellum
567 2037 623 2069 uni
641 2038 873 2077 necessarium,
891 2037 988 2068 ferale
1002 2037 1078 2077 ipsis
1091 2039 1282 2069 sumeretur.
1302 2043 1435 2071 ventum

110 2097 125 2111 α
144 2085 183 2116 ad
202 2087 364 2124 extrema,
383 2085 417 2116 ni
432 2085 618 2125 resipiscere
633 2085 788 2125 incipiant
805 2087 837 2117 et
852 2084 940 2116 noxii
961 2084 1075 2125 capitis
1094 2093 1189 2125 poena
1209 2086 1435 2126 poenitentiam

109 2144 125 2158 «
143 2132 315 2164 fateantur.
336 2145 352 2160 υ

137 2197 233 2220 XXIII.
254 2202 274 2220 ι.
293 2198 335 2221 Sc.
355 2197 460 2220 crat.—
473 2201 494 2220 2.
512 2197 626 2220 idoneas
639 2197 677 2221 ad
700 2197 844 2226 capiendos
865 2196 964 2220 milltes
984 2196 1117 2220 tricenos.
1134 2195 1186 2219 Sed
1199 2196 1378 2221 incertissima
1393 2199 1434 2223 est

108 2231 243 2259 scriptura
256 2232 334 2260 hujus
351 2232 411 2255 loci.
426 2245 454 2249 —
464 2238 488 2255 5.
505 2232 580 2256 Cous.
595 2232 701 2257 Annul.
717 2233 748 2261 II,
762 2238 785 2256 e.
799 2245 828 2248 --
840 2237 861 2255 4.
882 2232 938 2260 Qua
953 2232 1078 2254 nimirum
1092 2230 1162 2260 apud
1175 2236 1238 2253 suos
1251 2234 1393 2261 suspectus
1407 2236 1434 2259 et

108 2266 256 2290 Invidiosus
271 2267 439 2291 redderetur.
459 2268 559 2291 SImilia
574 2267 696 2297 exempla
718 2268 790 2297 apud
807 2267 991 2296 Thucydidem
1013 2267 1045 2293 II,
1062 2271 1101 2294 ¹³,
1115 2266 1171 2289 sive.
1184 2267 1318 2290 ,Iustinum
1334 2267 1381 2297 III,
1405 2274 1432 2297 7,

108 2301 214 2325 Livium
230 2302 259 2329 II,
278 2307 319 2329 sm
334 2303 416 2331 XXII,
434 2308 499 2326 2³—
511 2309 535 2326 5.
549 2304 610 2327 Post
623 2303 739 2327 medium
756 2305 862 2333 tempus
878 2302 1008 2326 autumni.
1023 2301 1182 2330 Metaphora
1197 2303 1291 2326 assexu
1308 2304 1393 2327 mctae.

139 2337 235 2360 XXIV.
257 2342 278 2360 ι.
292 2338 327 2360 Eo
343 2344 391 2361 usu
405 2338 484 2368 hujus
495 2339 580 2368 verbi,
596 2339 629 2362 de
644 2345 697 2369 quo
712 2339 778 2367 adl,
793 2343 883 2363 :um-2.
900 2339 943 2362 Sc.
959 2337 1028 2361 fore.

110 2372 258 2433 cxixvl'VL
274 2372 389 2401 Operam
402 2374 429 2398 in
445 2374 517 2399 bello
534 2375 655 2404 gerendo
668 2375 838 2399 navaverint.
859 2374 986 2399 Similiter
1003 2373 1045 2402 IV,
1060 2377 1096 2397 158.
1111 2385 1139 2391 -
1152 2377 1173 2397 2-
1189 2373 1350 2399 Provocent·
1365 2386 1396 2393 -
1407 2381 1432 2402 5.

109 2414 110 2417 ¹
134 2413 168 2433 on
185 2425 190 2433 .
244 2425 251 2438 ,
266 2412 303 2432 ιδ.
