1539 2668
88 160 148 189 132
469 155 603 186 TACITI
626 156 834 184 ANNALIUM
858 154 929 184 LIB.
954 152 1010 183 vl.

85 234 264 265 destinaret
277 236 396 272 Caesar,
415 234 588 272 postquam
604 228 744 261 instabat
760 228 920 268 virginum
936 230 1028 266 aetas,
1044 230 1075 258 L.
1094 226 1253 266 Cassium,
1269 231 1310 258 M.
1327 227 1411 260 Vini-

87 282 172 314 cium
193 281 278 320 legit.
298 278 445 311 Vinici02
471 278 670 318 oppidanum
690 285 790 316 genus
806 275 958 307 :Calibus
980 278 1094 314 ortus,
1117 275 1208 313 patre
1230 275 1327 314 atque
1350 284 1412 307 avo

86 327 322 365 consularibus,
338 328 443 358 cetera
459 324 600 365 equestri
618 323 740 355 familia
756 325 836 362 erat,
853 322 941 353 mitis
958 320 1084 360 ingenio
1100 322 1131 352 et
1147 322 1286 361 ccmptae
1299 321 1411 353 sacun-

85 376 158 408 dize.
175 375 304 407 Cassius
318 373 434 414 plebeii
462 378 573 405 Romae
599 372 735 411 generis,
751 379 863 402 verum
876 370 998 409 antiqui
1012 369 1241 409 honoratique,
1256 370 1289 400 et
1303 377 1413 400 severa

86 424 188 464 patrIS
208 423 377 463 disciplina
394 422 549 459 eductus,
573 419 726 450 facilitate
741 418 752 437 ³
777 418 895 458 saepius
910 426 1008 457 quain
1032 417 1193 448 industria
1210 416 1413 448 commenda-

85 470 193 501 batur.
212 469 288 501 huic
302 469 471 500 Drusillam
483 493 491 507 ,
510 467 638 497 Vinicio
655 466 773 497 Juliam
798 464 984 497 Germanico
1007 464 1130 503 genitas
1148 463 1335 503 conjungit;
1357 472 1413 494 su·

85 524 208 556 perque
225 525 261 548 ea
276 525 308 547 re
323 515 450 547 senatui
467 514 596 554 scripsit
612 513 676 545 levi
692 522 765 544 cum
789 512 910 543 honore
928 511 1094 550 juvenum.
1113 511 1188 542 dein
1209 510 1342 542 redditis
1360 509 1414 541 ab·

85 564 202 595 sentiae
216 563 323 594 causis
342 561 518 593 admodum
538 560 627 600 vagis
638 585 647 600 ,
664 560 755 591 ssexit
777 559 817 591 ad
834 559 982 598 graviora
1004 561 1036 589 et
1053 558 1250 589 offensiones
1267 558 1309 589 ob
1329 566 1414 589 rein-

86 610 251 651 puhlicam
287 612 408 650 coeptas
423 609 432 626 ⁴
450 633 459 648 ,
499 610 607 648 utque
641 609 760 639 Macro
792 606 981 646 proefeclus
1002 605 1011 623 ⁵
1060 605 1344 646 tribunorumque
1381 605 1414 635 et

86 659 330 688 cenl‘zlm'onum
345 658 449 697 pauci
472 663 587 687 secum
604 656 807 692 introirent,
835 655 968 695 quoties
991 654 1128 683 curiam
1153 652 1413 692 inqrederelur,

80 705 229 744 petitum
245 704 394 744 factoque
408 703 495 742 large
509 704 539 733 et
551 702 620 733 sine
637 701 878 741 praescriptione
892 699 1015 739 generis
1029 701 1084 729 aut
1101 699 1226 730 numeri
1242 699 1253 717 ⁶
1270 700 1414 730 senatus·

86 751 236 781 consulto
249 775 258 790 ‚
274 759 314 781 ne
338 752 424 782 tecta
438 749 570 790 quidem
587 748 684 780 Urbis
697 773 706 788 ‚
729 749 809 779 adeo
833 747 998 788 publicum
1028 746 1200 777 consilium
1219 754 1386 786 nunquam
1401 745 1410 761 7

86 798 165 829 adiit
181 822 188 836 ,
208 797 310 828 devils
324 797 514 838 plerumque
531 796 702 827 itineribus
719 794 882 835 ambigens
895 795 905 811 ⁵
923 794 1059 834 patriam
1077 794 1109 824 et
1126 793 1301 824 declinans.

128 848 206 875 XVI.
224 847 348 876 Interea
364 853 480 884 magna
494 843 544 874 vis
556 844 781 874 accusatorum
798 842 831 873 in
844 851 898 873 eos
912 841 1041 881 irrupit,
1057 840 1112 880 qui
1128 840 1280 880 pecunias
1294 839 1417 870 foenore

87 891 287 922 auctitabant
303 891 476 923 adversum
500 890 603 929 legem
627 889 796 921 dictatoris
819 889 955 920 Caesaris
969 912 977 926 ‚
995 896 1059 927 qua
1082 887 1122 918 de
1141 887 1237 919 modo
1254 885 1417 918 credendi

87 938 351 980 possidendique
371 940 469 970 intra
494 937 665 969 Ιίαῑίαφη1
694 939 847 975 cavetur,
868 937 1023 967 omissam
1053 935 1129 966 olim
1144 958 1154 974 ‚
1184 934 1260 974 quia
1289 933 1416 974 privato

88 986 160 1016 usui
174 986 295 1017 honum
312 985 476 1026 publicum
492 984 708 1025 postponitur.
726 993 803 1015 sane
820 985 915 1015 vetus
929 982 1007 1014 Urbi
1026 981 1167 1013 soenehre
1185 981 1307 1012 malum
1324 982 1356 1012 et
1373 988 1419 1011 se-

87 1032 246 1063 ditionum
264 1032 563 1071 discordiarumque
577 1030 773 1062 creberrima
789 1040 887 1062 causa
901 1041 910 1069 ;
932 1039 1035 1069 eoque
1050 1028 1261 1060 cohibebatur
1278 1027 1418 1067 antiquis

88 1089 217 1120 quoque
232 1079 243 1096 ²
262 1083 294 1110 et
310 1079 419 1110 minus
436 1078 598 1118 corruptis
616 1078 770 1108 moribus.
789 1087 864 1108 nam
881 1077 986 1117 primo
1008 1076 1178 1107 duodecim
1198 1075 1318 1107 tabulis
1343 1083 1418 1105 san-

88 1129 177 1157 ctum
195 1135 237 1158 ne
250 1128 326 1167 quis
344 1128 504 1157 unciario
515 1125 674 1164 foenorc³
693 1126 852 1165 amiplius
870 1125 1043 1154 ezerccrezt
1056 1148 1064 1162 ‚
1093 1131 1194 1162 quum
1214 1125 1307 1152 antea
1328 1130 1366 1152 ex
1384 1120 1419 1151 li-

87 1173 199 1205 bidine
224 1173 436 1213 locupletium
455 1172 654 1211 agitaretur-3
685 1172 759 1202 dein
789 1171 955 1210 rogatione
977 1169 1151 1200 tribunicia
1171 1168 1210 1200 ad
1235 1167 1418 1200 semuncias

88 1219 218 1251 redacta
233 1244 242 1258 ,
260 1223 425 1261 postremo
443 1219 544 1250 vetita
561 1227 694 1249 versura
709 1217 734 1248 ⁴.
754 1219 930 1257 multisque
956 1217 1059 1257 plebis
1083 1217 1172 1248 scitis
1188 1216 1317 1247 obviam
1334 1215 1418 1247 itum

87 1266 255 1298 fraudibus
269 1292 277 1306 ,
295 1276 369 1307 quae
388 1267 481 1298 toties
499 1275 677 1307 repressae,
696 1266 794 1296 miras
817 1275 872 1306 per
889 1268 973 1296 artes
991 1273 1119 1295 rursum
1143 1263 1341 1295 oriebantur.
1359 1264 1419 1295 Sed

87 1314 159 1345 tum
177 1315 340 1346 Gracchus
365 1317 486 1355 praetor
499 1337 507 1352 ‚
526 1313 577 1344 cui
595 1322 632 1344 ea
648 1313 787 1352 quaestio
813 1314 982 1350 evenerat,
1010 1311 1219 1342 multitudine
1239 1310 1420 1350 periclitan—

87 1361 170 1393 tium
188 1361 341 1393 subactus
356 1361 467 1392 retulit
482 1360 521 1391 ad
539 1362 688 1391 senatum
703 1371 710 1398 ;
729 1360 912 1399 trepidique
938 1360 1048 1389 Patres
1074 1358 1085 1398 <
1101 1366 1204 1397 neque
1227 1357 1313 1388 enim
1336 1357 1421 1397 quis·

89 1417 186 1448 quam
213 1409 268 1439 tali
292 1408 386 1448 culpa
415 1408 559 1446 vacuus)
584 1406 710 1437 veniam
736 1415 754 1436 a
779 1406 928 1445 Principe
953 1405 1114 1445 pctivere;
1140 1405 1171 1434 et
1196 1403 1419 1443 concedente,

88 1463 193 1486 annus
206 1455 238 1486 in
252 1456 416 1492 posterum
431 1463 553 1493 sexque
568 1462 696 1484 menses
715 1452 800 1492 dati,
819 1453 892 1493 quis
906 1452 1086 1484 secundum
1101 1451 1193 1489 jussa
1209 1450 1286 1489 legis
1297 1450 1307 1467 ⁵
1323 1451 1420 1482 ratio-

88 1510 145 1533 nes
164 1502 337 1533 familiares
356 1502 494 1541 quisque
511 1502 752 1540 componerent.

134 1553 230 1581 XVII.
256 1550 337 1581 Hinc
354 1549 463 1589 inopia
481 1549 525 1578 rei
545 1547 736 1578 nummariae
750 1571 758 1586 ,
775 1549 938 1577 commoto
955 1545 1051 1576 simul
1066 1545 1211 1576 omnium
1227 1553 1289 1577 aere
1301 1546 1418 1585 alieno,

89 1598 122 1628 et
138 1597 213 1637 quia
230 1597 278 1628 tot
295 1596 460 1627 damnatis
477 1595 633 1635 bonisque
647 1603 760 1625 eorum
776 1593 968 1632 divenditis,
984 1593 1145 1629 signatum
1158 1593 1327 1632 argentum
1343 1593 1420 1626 fisco

89 1643 141 1674 vel
166 1644 280 1674 aerario
296 1643 504 1674 attinebatur.
525 1642 563 1672 ad
583 1642 645 1672 hoc
662 1644 793 1672 senatus
817 1641 1077 1680 praescripserat,
1094 1639 1184 1670 duas
1203 1640 1421 1680 quisquesoev

90 1692 184 1722 noris
203 1691 210 1708 ¹
226 1693 351 1731 parles
368 1692 404 1721 in
425 1691 520 1729 cyris
534 1697 599 1729 per
622 1689 769 1720 Italiam
794 1688 993 1719 collocaret.
1016 1686 1072 1718 sed
1094 1686 1271 1717 creditores
1294 1686 1327 1717 in
1342 1686 1419 1718 soli-

90 1791 118 1796 -
129 1783 154 1801 2v
166 1777 296 1807 Quartino
314 1777 484 1803 cognomine.
499 1775 596 1800 Consul
613 1776 702 1799 fuerat
716 1782 739 1799 a.
754 1780 806 1803 ⁷85,
821 1775 900 1804 cique
917 1774 1053 1803 inscripsit
1063 1773 1202 1797 historiam
1216 1779 1291 1797 suam
1303 1774 1420 1798 Velleius

90 1814 257 1838 Paterculus.
270 1825 299 1830 —
309 1818 330 1835 5.
343 1813 485 1835 comitate.
497 1824 524 1828 -
539 1817 562 1836 4.
577 1813 678 1836 Recens
693 1813 780 1839 ortas,
794 1816 887 1835 novas.
902 1822 931 1827 --
944 1816 964 1833 u.
978 1810 1021 1833 Sc.
1049 1809 1176 1837 praetorii.
1186 1821 1215 1826 —-
1227 1814 1252 1833 c.
1270 1810 1310 1833 Sc.
1326 1810 1418 1833 custo-

90 1848 154 1872 dum
168 1854 184 1871 a
195 1848 304 1872 Tiberio
317 1847 522 1877 postulatorum.
537 1860 562 1863 —
574 1852 599 1870 7.
610 1846 638 1869 V.
661 1846 694 1869 ad
712 1846 762 1873 111,
780 1850 816 1873 54,
832 1846 888 1869 not.
902 1850 924 1869 9.
948 1857 976 1861 —-
989 1851 1012 1868 ε.
1028 1845 1104 1868 Circa
1114 1845 1229 1873 patriam
1243 1850 1328 1874 ayens
1339 1845 1419 1873 (viam

90 1883 210 1913 faciens),
226 1884 403 1912 circumienS,
419 1884 498 1913 plane
512 1884 632 1907 Grzrcum
646 1877 811 1916 περιάγων.

121 1920 189 1944 XVI.
217 1925 237 1943 ι.
264 1920 296 1944 Ut
321 1921 396 1943 certa
422 1920 528 1943 tautum
549 1924 609 1947 pars
624 1918 744 1947 pecunicc
765 1917 791 1940 in
804 1916 907 1940 foenore
921 1917 1080 1944 poneretur.
1095 1915 1200 1944 reliqua
1219 1915 1247 1938 in
1266 1915 1337 1945 agris
1351 1922 1420 1944 prae—

91 1954 196 1984 diisque
216 1954 327 1978 Italicis
345 1954 569 1977 collocaretur.—
584 1959 608 1976 2.
624 1953 711 1977 Etiam
728 1953 786 1975 tum
801 1958 883 1981 quum
901 1952 1006 1980 antiqui
1025 1957 1112 1974 mores
1129 1951 1229 1974 essent.
1241 1956 1301 1974 -5-
1330 1950 1421 1974 Une-ia

91 1990 202 2019 proprie
217 1991 258 2013 est
271 1991 430 2014 duodecima
445 1996 507 2019 pars
519 1989 589 2013 assis
599 1996 607 2016 ;
618 1988 664 2012 sed
680 1993 742 2010 usus
754 1987 866 2010 invaluit
879 1988 908 2009 ut
921 1992 952 2010 as
967 1986 999 2009 dc
1014 1986 1109 2015 quovis
1124 1987 1194 2014 toto,
1207 1986 1295 2009 uncia
1306 1986 1338 2009 de
1352 1985 1420 2009 duo-

93 2024 199 2048 decima
214 2026 271 2052 cius
285 2027 363 2054 parte
378 2025 522 2048 diceretur.
544 2025 588 2048 Est
606 2025 698 2047 autem
722 2022 880 2051 (secundum
899 2021 1144 2050 probabilissimam
1163 2021 1324 2044 sententiam
1345 2020 1372 2043 in
1391 2025 1420 2044 re

94 2060 282 2089 controversa)
292 2061 390 2088 joeyzus
405 2060 574 2084 unc-tarium
589 2058 748 2082 duodecima
764 2063 826 2087 pars
839 2058 920 2080 sortis
935 2056 977 2079 vel
990 2056 1085 2085 capitis
1097 2056 1146 2084 (du
1161 2055 1294 2084 capital),
1308 2061 1366 2084 qua:
1380 2057 1422 2080 est

93 2099 126 2117 cx
139 2094 271 2118 hodierno
283 2096 362 2119 modo
378 2096 484 2119 dicendi
495 2101 508 2118 a
520 2096 558 2123 iss
567 2100 646 2124 pour
655 2095 726 2117 cent.
741 2093 776 2116 Ea
791 2093 860 2116 ratio
875 2097 956 2120 quum
967 2092 1085 2120 antiquis
1098 2090 1265 2119 temporibus
1278 2090 1305 2113 in
1319 2096 1420 2115 annum

93 2127 187 2152 decem
203 2131 333 2154 mensium
345 2132 446 2155 statuta
458 2137 515 2154 esse
524 2131 651 2160 potuerit,
661 2131 687 2153 in
702 2135 800 2153 annum
816 2127 953 2157 vulgarem
969 2126 1121 2150 efficiantur
1137 2131 1242 2155 ioponr
1253 2126 1324 2153 cent,
1334 2127 1361 2150 et
1371 2132 1420 2151 ro·

91 2165 207 2193 yatiorze
219 2166 389 2189 tribunorum
402 2166 486 2195 plebis
500 2172 523 2189 a.
535 2166 562 2189 U.
577 2171 619 2189 sios
630 2163 670 2189 ad
678 2164 838 2188 semuncias
852 2163 979 2189 redacta,
993 2167 1089 2190 epom-
1107 2162 1178 2185 cent.
1194 2174 1219 2177 —
1237 2165 1262 2184 4.
1286 2161 1421 2188 Versum

93 2200 201 2228 proprie
229 2201 380 2230 significat:
396 2204 496 2225 sortem
514 2202 590 2225 certo
617 2201 660 2224 die
687 2200 844 2223 solvendam
865 2199 892 2222 in
918 2202 1013 2220 novam
1038 2197 1138 2220 sortem
1169 2197 1281 2220 vertere
1306 2202 1422 2227 eamque

95 2235 226 2263 majorem
236 2254 242 2264 ,
279 2236 392 2265 adjectis
421 2237 509 2259 usuris
534 2236 664 2263 residuis:
689 2235 787 2259 deinde
816 2233 997 2262 usurpabatur
1020 2232 1100 2255 etiam
1124 2231 1157 2254 de
1175 2237 1206 2255 eo
1232 2231 1278 2261 qui
1298 2231 1419 2255 debitum

93 2269 219 2294 solvebat
240 2276 311 2295 novo
333 2271 425 2295 debito
446 2272 602 2299 contracto,
627 2277 679 2300 quo
698 2276 779 2294 sensu
796 2269 939 2298 exponitur
955 2267 1079 2291 mutatio
1091 2266 1253 2291 creditoris.
1266 2266 1420 2291 Secundum

95 2304 199 2328 Livium
213 2306 273 2334 VII,
289 2312 316 2330 ⁴2
327 2325 333 2335 ,
351 2307 395 2330 hic
407 2307 493 2330 omnis
512 2306 651 2330 ronnei-:itio
665 2305 840 2335 intelligenda
854 2304 933 2330 roret,
948 2309 978 2325 vx
996 2302 1055 2332 lege
1081 2302 1181 2326 tribuni
1194 2301 1229 2332 pl.
1247 2303 1274 2326 L.
1289 2302 1418 2332 Genucii,

93 2347 122 2364 a.
139 2340 168 2364 U.
184 2345 226 2364 ⁴12
240 2340 308 2370 lata,
323 2347 357 2365 ne
373 2341 637 2370 liceretsoenerare.
653 2354 680 2357 —
691 2346 715 2364 ις.
736 2340 827 2368 Juliae,
841 2339 873 2362 de
887 2344 940 2368 qua
952 2338 1040 2361 initio.

126 2375 203 2399 XVll.
221 2381 240 2399 i.
255 2376 378 2400 Pecuniae
391 2376 440 2400 suh
457 2377 561 2400 foenore
574 2376 701 2399 locandae.
717 2375 822 2399 PlenIus
835 2373 906 2403 apud
919 2372 1078 2396 Suetonium
1093 2377 1116 2397 c.
1134 2377 1162 2396 aa
1177 2378 1183 2395 :
1197 2373 1292 2405 Quum
1310 2376 1362 2400 per
1378 2376 1418 2394 se-

93 2411 504 2444 natusconsultum-sanxisset
519 2411 660 2442 (Tiberius)
684 2411 915 2441 utsoeneratores
929 2408 1002 2434 duas
1011 2408 1186 2438 patrimonii
1199 2408 1296 2438 partes
1313 2407 1344 2432 m
1358 2405 1419 2432 solo
