1539 2668
493 181 531 209 Α.
555 179 594 209 U.
618 179 654 208 C.
675 179 746 209 822.
771 180 807 208 A.
832 180 867 209 C.
892 180 944 209 69.
1324 179 1382 210 271

60 254 259 289 eundissima*
271 253 454 294 campaniae
467 254 525 285 ora
538 253 566 285 θ’.
582 254 615 285 et
630 253 712 285 Urbs
730 253 887 285 incendiis
900 253 1025 285 vastata
1037 252 1064 292 ⁷,
1086 253 1287 294 consumptis
1302 255 1384 287 anti·

59 301 227 345 quissimis
244 301 406 340 delubris,
425 301 495 341 ipso
509 300 664 341 Capitolio
680 300 801 332 civium
818 301 968 332 manibus
983 301 1126 334 incenso.
1145 300 1276 340 pollutae
1288 310 1381 335 caere·

57 348 213 387 moniaess,
230 355 343 388 magna
359 348 528 379 adulteria.
544 348 676 389 plenum
689 348 810 379 exsiliis
826 357 914 380 mare
929 347 1073 387 ⁸,infecti
1086 347 1230 379 caedibus
1246 348 1397 389 scopuli.¹

58 396 200 430 atrocius
215 395 248 427 in
270 395 356 428 Urbe
371 399 532 427 saevitum.
553 395 722 435 nobilitas,
735 404 830 436 opes,
852 395 963 427 omissi
989 395 1144 436 gestique·
1165 396 1302 427 honores
1326 405 1384 436 pro

58 443 195 476 crimine
209 443 251 483 ¹⁰,
269 445 301 475 et
316 443 358 474 ob
375 443 511 474 virtutes
525 442 745 474 certissimum
763 444 910 474 exitium.
927 452 986 474 nec
998 442 1105 474 minus
1122 442 1253 483 praemia
1266 442 1387 475 delato-

60 499 134 523 rum
150 490 254 522 invisa
277 499 372 530 quam
400 491 536 529 scelera,
558 499 658 531 quum
686 490 738 521 alii
762 491 941 522 sacerdotia
962 492 996 522 et
1023 489 1210 522 consulatus
1226 492 1263 522 ut
1284 491 1388 531 spolia

58 537 187 578 adepti,
207 537 449 578 procurationes
464 538 487 555 ¹¹
507 537 559 569 alii
575 539 607 569 et
620 537 804 569 interiorem
822 538 1000 578 potentiam
1013 537 1053 578 ¹³,
1069 540 1211 577 agerent,
1227 540 1389 570 verterent

59 588 176 617 cuncta
187 584 261 616 odio
282 587 314 615 et
332 588 459 616 terrore.
475 585 619 626 corrupti
637 585 669 616 in
689 584 837 617 dominos
853 585 957 624 servi,
984 585 1017 616 in
1033 586 1188 625 patronos
1205 585 1334 626 liberti;
1355 587 1389 618 et

56 631 177 672 quibus
193 632 301 663 deerat
313 632 465 663 inimicus
477 657 485 672 ‚
503 642 561 673 per
576 633 698 664 amicos
713 632 867 673 oppressi.

99 681 154 710 111.
179 683 249 710 Non
267 682 372 710 tamen
390 680 470 711 adeo
487 680 646 712 virtutum
660 680 768 712 sterile
782 680 952 718 saeculum,
971 681 1082 711 utnon
1096 680 1129 711 et
1144 679 1228 711 bona
1239 680 1389 721 exempla

58 725 255 767 prodiderit:
271 727 436 758 comitatae
455 727 608 767 profugos
625 727 743 759 liberos
762 731 881 759 matres
894 752 902 766 ‚
932 729 1050 758 secutae
1071 727 1206 758 maritos
1227 726 1261 758 in
1277 727 1390 759 exsilia

57 773 231 812 conjuges;
250 773 421 814 propinqui
436 774 608 814 audentes,
625 777 808 807 constantes
824 775 950 815 generi;
968 775 1145 805 contumax
1158 774 1255 806 etiam
1272 774 1390 806 adver-

58 828 116 852 sus
131 821 294 851 tormenta
314 829 480 851 servorum
508 821 604 860 fides;
621 831 782 863 supremae
800 823 959 853 clarorum
977 821 1119 852 virorum
1136 821 1345 854 necessitates
1363 822 1388 863 ¹,

58 868 127 909 ipsa
143 868 314 899 necessitas
343 869 468 899 sortiter
486 869 636 908 tolerata3
661 873 692 901 et
716 870 855 901 laudatis
882 869 1089 909 antiquorum
1113 868 1275 900 mortibus
1297 878 1389 909 pares

59 915 178 947 exitus.
191 917 310 946 Praeter
322 915 514 955 multiplices
530 925 634 947 rerum
650 917 863 948 humanarum
878 926 974 948 casus
988 917 1067 947 coelo
1079 920 1229 956 terraque
1246 917 1390 957 prodigia

57 962 91 994 et
114 962 285 993 fulminum
315 962 457 994 monitus
476 965 510 995 et
529 963 713 995 futurorum
744 964 916 1004 praesagia,
942 963 1015 994 laeta
1030 988 1038 1001 ‚
1060 963 1184 1001 tristia3
1213 963 1387 1002 ambigua,

57 1009 238 1040 manifesta.
255 1018 312 1040 nec
324 1009 408 1040 enini
426 1019 567 1050 unquam
583 1012 795 1043 atrocioribus
811 1012 919 1052 populi
934 1010 1069 1042 Romani
1086 1010 1231 1041 cladibus
1248 1010 1390 1049 magisve

56 1056 151 1097 justis
166 1055 177 1074 ²
202 1056 332 1088 indiciis
349 1057 563 1098 approbatum
580 1062 630 1090 est
645 1068 710 1091 non
727 1068 795 1091 esse
808 1067 895 1090 curae
912 1058 981 1090 deis
995 1058 1200 1090 securitatem
1214 1058 1386 1097 nostram³‚

57 1111 127 1135 esse
142 1103 306 1135 ultionem.

100 1154 152 1182 IV.
177 1153 325 1182 Ceterum
340 1154 514 1192 antequam
529 1153 688 1184 destinata
703 1162 911 1194 componam,
921 1151 1129 1192 repetendum
1143 1151 1273 1183 videtur
1285 1153 1390 1192 qualis

59 1197 164 1229 status
181 1198 274 1230 Urbis
287 1223 295 1238 ,
313 1208 386 1239 quae
401 1208 492 1230 mens
507 1200 708 1231 exercituum
719 1225 728 1240 ,
751 1201 824 1240 quis
841 1200 971 1231 habitus
986 1199 1224 1239 provinciarum
1237 1223 1246 1238 ‚
1261 1199 1339 1239 quid
1357 1200 1390 1231 in

59 1245 129 1277 toto
155 1247 315 1277 terrarum
340 1246 418 1277 orbe
445 1247 587 1278 validum
598 1272 606 1287 ‚
634 1248 712 1288 quid
742 1256 864 1287 aegrum
890 1247 1005 1284 fuerit,
1030 1249 1064 1276 ut
1086 1255 1149 1276 non
1177 1246 1274 1276 modo
1298 1255 1391 1278 casus

59 1294 259 1333 eventusque
275 1302 381 1324 rerum
396 1318 404 1333 ‚
426 1294 480 1333 qui
498 1294 688 1335 plerumque
705 1295 830 1326 fortuiti
844 1298 918 1325 sunt
932 1319 940 1333 ,
965 1293 1019 1324 sed
1044 1293 1125 1324 ratio
1142 1293 1239 1324 etiam
1267 1302 1388 1325 causae-

62 1349 126 1380 que
140 1344 327 1371 noscantur.
352 1341 438 1372 Finis
458 1342 593 1373 Neronis
610 1345 647 1373 ut
661 1343 754 1373 laetus
772 1343 875 1382 primo
893 1340 1102 1381 gaudentium
1120 1340 1243 1380 impetu
1269 1340 1390 1379 suerat,

61 1386 106 1419 ita
121 1388 228 1418 varios
245 1391 353 1419 motus
372 1388 553 1419 animorum
571 1398 634 1420 non
652 1389 748 1420 modo
766 1390 796 1419 in
815 1388 900 1420 Urbe
919 1388 1006 1427 apud
1031 1389 1141 1418 Patres
1164 1390 1220 1418 aut
1236 1387 1391 1427 populum

59 1436 117 1466 aut
129 1434 290 1466 urbanum
310 1435 464 1475 militem,
479 1435 533 1467 sed
551 1445 662 1467 omnes
680 1436 820 1476 legiones
837 1436 999 1474 ducesque
1019 1435 1225 1473 conciverat,
1241 1434 1391 1473 evulgato

61 1482 187 1522 imperii
203 1491 318 1513 arcano
331 1508 339 1521 ‚
358 1492 450 1523 posse
465 1483 644 1524 Principem
659 1484 734 1515 alibi
750 1493 847 1524 quam
862 1488 973 1515 Roniae
988 1482 1055 1513 sieri
1074 1482 1096 1513 ¹.
1121 1482 1175 1513 sed
1193 1485 1302 1513 Patres
1327 1481 1392 1513 lacti

63 1533 216 1570 usurpata
231 1530 340 1561 statim
356 1531 506 1562 libertate
523 1531 549 1570 ²,
580 1531 729 1563 licentius
747 1534 781 1563 ut
796 1540 869 1571 erga
892 1531 1073 1570 Principem
1091 1538 1213 1560 novum
1230 1531 1261 1560 et
1278 1528 1390 1559 absen-

61 1579 146 1618 tem3
173 1578 326 1618 primores
346 1579 494 1617 Equitum
514 1579 651 1619 proximi
672 1579 789 1618 gaudio
809 1580 961 1615 Patrum;
983 1586 1054 1617 pars
1071 1577 1180 1617 populi
1197 1575 1344 1615 integra³
1360 1578 1392 1607 et

61 1625 186 1665 magnis
201 1625 349 1656 domibus
365 1635 488 1657 annexa
499 1651 506 1664 ‚
519 1627 651 1658 clientes
667 1627 838 1666 libertique
860 1626 1088 1657 damnatorum
1106 1628 1138 1656 et
1154 1624 1308 1656 exsulum
1321 1646 1331 1662 ‚
1357 1623 1391 1654 in

60 1681 150 1713 spem
167 1673 265 1704 erecti
279 1683 285 1703 z
302 1673 390 1714 plebs
406 1674 535 1705 sordida
550 1678 580 1706 et
595 1674 680 1706 circo
697 1682 735 1705 ac
757 1673 893 1705 theatris
912 1676 1021 1713 sueta,
1037 1672 1133 1709 simul
1149 1670 1312 1703 deterrimi
1327 1678 1390 1702 ser-

62 1729 197 1760 vorum,
215 1724 271 1751 aut
288 1721 342 1761 qui
357 1721 459 1753 adesis
480 1722 574 1753 bonis
590 1730 646 1762 per
661 1721 799 1753 dedecus
815 1721 950 1753 Neronis
965 1720 1146 1760 alebantur,
1164 1718 1273 1750 moesti
1288 1719 1321 1750 et
1337 1726 1389 1749 ru-

63 1776 190 1798 morum
207 1767 306 1799 avidi.

105 1815 143 1844 V.
167 1814 258 1846 Miles
275 1815 417 1846 urbanus
433 1815 530 1855 longo
549 1818 709 1846 Caesarum
723 1816 924 1846 sacramento
938 1814 1083 1845 imbutus
1097 1814 1129 1845 et
1151 1812 1192 1845 ad
1215 1812 1392 1844 destituen-

63 1858 140 1890 dum
155 1863 314 1890 Neronem
327 1861 396 1889 arte
411 1860 514 1899 magis
528 1865 561 1892 et
572 1862 714 1904 impulsu
730 1862 736 1879 ¹
755 1871 854 1902 quam
872 1871 930 1893 suo
946 1862 1075 1902 ingenio
1092 1860 1259 1892 traductus
1270 1883 1280 1899 ,
1302 1860 1392 1900 post·

64 1916 163 1948 quam
176 1916 280 1948 neque
291 1908 360 1939 dari
371 1907 561 1939 donativum
578 1909 638 1940 sub
655 1909 786 1940 nomine
799 1909 906 1941 Galbae
920 1909 1116 1950 promissum
1125 1907 1137 1925 ²
1150 1917 1255 1948 neque
1268 1905 1392 1946 magnis

65 2034 93 2057 et
103 2031 295 2060 Herculanum,
314 2038 336 2055 a.
351 2036 390 2055 79.
401 2037 457 2055 —7.
470 2032 570 2055 Praeter
580 2031 607 2054 id
618 2031 690 2061 quod
708 2032 835 2055 narratur
848 2031 896 2061 111,
913 2036 950 2060 7¹,
973 2030 1178 2054 vehementiore
1195 2029 1246 2054 alio
1263 2030 1313 2054 sub
1329 2030 1390 2054 'Iito

66 2069 246 2098 Imperatore.
258 2079 288 2084 —
297 2074 319 2091 a.
333 2067 446 2091 incestis
460 2067 596 2096 virginum
608 2066 765 2091 Vestalium.
778 2080 805 2083 —
818 2071 840 2090 a.
852 2067 984 2091 Nimirum
999 2066 1101 2095 insulae,
1114 2067 1144 2089 in
1155 2071 1222 2096 quas
1236 2066 1309 2090 noxii
1324 2066 1391 2090 rele-

65 2104 211 2135 genantur,
220 2104 335 2127 desertae
348 2105 376 2127 et
386 2102 552 2133 scopulosae;
566 2103 704 2127 exsulibus
711 2108 781 2132 saepe
795 2102 907 2133 insuper
917 2102 1029 2126 immissi
1042 2101 1241 2129 interfectores,
1251 2102 1284 2125 de
1295 2102 1392 2131 quibus

68 2141 162 2170 accipe
179 2139 262 2164 verba
276 2140 427 2169 sequentia.
442 2153 469 2157 -
486 2145 521 2164 io.
538 2141 581 2164 Sc.
593 2141 679 2167 erant,
697 2138 916 2168 accipiebantur.
928 2152 956 2155 —
972 2144 1005 2162 ii.
1021 2139 1229 2162 Procuratores
1243 2137 1392 2168 (Principis)

65 2176 126 2203 fisci
138 2176 242 2200 reditus
254 2176 402 2206 exigebant
417 2182 466 2206 per
479 2176 644 2206 provincias,
659 2181 773 2205 quarum
786 2175 922 2200 nonnullis
939 2176 1018 2199 erant
1033 2180 1083 2205 pro
1096 2173 1346 2204 praesidibus—¹2.
1363 2174 1392 2198 ln

66 2213 171 2244 palatio
182 2217 268 2242 penes
281 2213 445 2243 Principem.

96 2248 141 2273 111.
155 2253 176 2272 ι.
188 2248 290 2277 Quibus
301 2250 351 2273 aut.
360 2250 443 2273 virtus
456 2248 604 2273 amittenda
615 2249 663 2272 aut
673 2248 824 2278 oppetenda
835 2253 908 2271 mors
922 2248 1001 2276 esset,
1013 2246 1047 2270 de
1060 2251 1111 2276 qua
1124 2245 1222 2270 deinde
1231 2245 1391 2270 necessitas.

70 2288 127 2308 —2
144 2283 226 2308 Verte
238 2284 369 2310 directe-5.
389 2298 416 2302 -
429 2290 450 2308 5.
466 2287 514 2309 Per
530 2290 610 2314 qnam
625 2285 762 2314 patienter
775 2283 886 2307 ferimus
896 2284 952 2307 tam
964 2282 1072 2311 indigna
1084 2281 1154 2305 fieri.

96 2319 139 2344 lv.
153 2324 176 2343 ι.
193 2319 227 2344 Ut
236 2320 318 2345 Galba
335 2321 363 2345 in
377 2321 503 2350 Hispania
519 2320 553 2345 ab
566 2320 718 2350 legionibus
732 2320 859 2349 Princeps
872 2319 1045 2344 creatus-2.
1059 2317 1128 2341 Loeti
1139 2316 1217 2340 erant
1230 2315 1264 2340 ob
1278 2315 1391 2343 liberta-

67 2355 138 2384 tem,
156 2360 237 2384 quam
255 2356 352 2380 statim
370 2355 552 2386 usurpabant,
566 2356 701 2380 licentius
714 2354 821 2385 quidem
844 2355 878 2379 ut
899 2355 1113 2379 consentaneum
1137 2353 1198 2377 etat
1212 2358 1283 2382 crya
1299 2354 1352 2377 etc.
1363 2367 1391 2370 —

66 2397 90 2416 z.
103 2391 271 2420 luem-rupta.

97 2427 131 2450 V·
149 2430 169 2451 ¹·
186 2425 356 2457 NJfflPlM-ss.
373 2426 498 2457 praetecu
521 2427 658 2457 praetorio.
678 2440 708 2446 -
726 2433 750 2452 2.
769 2426 809 2451 Ab
834 2425 930 2450 eodem
950 2423 1129 2455 Nymphidio,
1151 2422 1265 2454 ingens,
1289 2421 1389 2448 viritim
