1539 2668
549 129 586 156 A.
611 129 647 156 U.
672 128 706 156 C.
733 128 803 157 800.
829 129 865 157 A.
890 129 924 158 C.
949 129 1000 158 47.
1382 129 1440 159 149

117 205 258 245 catione,
274 205 357 237 ferro
373 205 405 236 in
420 204 516 235 domo
530 205 599 242 ejus
613 203 797 234 incubuerit
809 203 834 236 ³.
850 204 951 244 Igitur
964 203 1136 243 incipiente
1151 207 1185 234 C.
1204 203 1292 243 Silio,
1308 205 1442 237 consule

117 251 282 292 designato
294 276 302 291 ,
321 252 413 290 cujus
428 251 466 282 de
483 251 623 290 potentia
637 252 668 281 et
682 251 780 281 exitio
797 251 986 291 intempore
1002 251 1187 281 memorabo
1201 250 1224 289 ⁴,
1242 253 1442 291 consurgunt

116 302 246 339 Patres,
263 300 427 338 legemque
443 298 583 329 Cinciam
602 298 610 313 r.
635 297 797 335 flagitant,
813 307 876 338 qua
897 299 1028 329 cavetur
1042 297 1222 337 antiquitus
1240 306 1281 329 ne
1306 300 1382 339 quis
1401 299 1442 332 ob

116 354 258 378 causam
272 344 445 376 orandam
460 353 643 385 pecuniam
659 344 826 375 (i'miwnrc
843 346 1002 384 accipiat.

159 397 211 424 Π.
233 391 354 423 Deinde
367 391 624 431 obstrepentibus
640 391 690 422 liis
706 391 825 430 quibus
840 401 877 422 ea
892 391 1089 423 contumelia
1105 391 1280 431 parabatur
1291 415 1299 430 ,
1320 392 1444 425 discors

115 440 215 471 Suilio
231 439 326 471 Silius
350 439 467 470 acriter
488 438 638 469 incubuit
656 438 661 455 ¹
678 462 686 477 ,
713 440 870 470 velerum
887 441 1068 470 oratorum
1091 440 1251 479 exempla
1278 439 1418 471 referens
1433 462 1444 478 ‚

119 486 200 526 «qui
218 486 337 517 samam
353 489 385 517 et
401 488 546 525 posteros
562 485 571 502 ²
592 486 723 525 praemia
745 486 938 525 eloquentiae
963 486 1190 525 cogitavissent
1214 486 1441 526 pulcherrima.

118 545 134 560 «
146 532 286 573 alioquin
302 533 335 563 et
349 532 506 563 bonarum
523 533 642 564 artium
661 533 836 572 principem
854 534 865 550 ³³
885 533 1024 563 sordidis
1046 533 1236 564 ministeriis
1254 533 1379 564 soedari.
1402 541 1444 565 ne

118 592 133 607 «
148 579 241 612 tidem
267 580 397 620 quidem
416 580 572 618 inti-grain
595 588 743 617 manere,
765 580 818 610 ubi
843 580 1031 620 magnitudo
1053 582 1239 620 quaestuum
1264 583 1441 620 spectetur.

118 641 134 656 «
147 628 260 668 quodsi
282 628 315 658 in
332 628 451 658 nullius
467 627 648 658 mercedem
666 627 793 667 negotia
810 631 904 666 eant,
923 627 1076 667 pauciora
1093 627 1160 659 sore
1175 638 1182 659 ς
1202 637 1289 659 nunc
1303 626 1445 658 inimici·

118 688 134 703 «
148 675 226 714 tias,
241 676 481 713 accusationes,
498 674 574 705 odia
590 676 621 706 et
639 674 772 713 iniurias
789 675 912 713 foveri,
929 676 984 713 ut,
1003 675 1167 714 quomodo
1186 675 1235 705 vis
1258 675 1446 706 morborum

120 734 135 747 ι(
150 723 253 762 pretia
268 723 491 761 medentibus,
514 723 558 753 sic
582 722 644 752 sori
673 721 763 753 tabes
784 722 954 762 pecuniam
979 723 1144 753 advocatis
1174 723 1263 753 ierat.
1283 721 1447 753 meminis-

119 781 135 796 (ι
150 772 222 801 sent
235 773 270 801 C.
288 769 405 807 Asinii,
421 769 565 800 Messalae
581 768 588 786 ³
604 792 613 808 ‚
631 778 668 799 ac
694 769 911 800 recentiorum
938 769 1081 800 Arruntii
1099 770 1108 786 ὃ
1128 770 1160 800 et
1185 770 1335 800 AEsernini
1348 770 1359 787 ⁰
1380 777 1387 798 :
1406 766 1447 797 ad

120 829 136 844 «
151 825 279 847 summa
297 820 466 857 provectos
492 817 681 855 incorrupta
697 816 763 846 vita
786 819 817 846 ct
843 816 1004 846 facundia.
1022 830 1036 843 >1
1065 816 1153 846 Talia
1172 816 1300 848 dicente
1317 816 1447 847 consule

117 863 284 902 designato
297 887 304 901 ‚
323 863 597 894 consentientibus
619 863 688 893 aliis
701 887 709 902 ‚
727 863 904 902 parabatur
925 863 1084 893 sententia
1108 873 1171 903 qua
1195 864 1266 903 [θρα
1286 865 1446 903 repetim-

116 911 246 942 darum
271 912 474 942 tenerentur
490 910 498 927 ⁷
514 936 521 949 ‚
549 920 651 950 quum
669 910 787 941 suiiius
813 913 846 941 et
862 910 1071 941 Cossutianus
1084 911 1094 927 ³
1122 913 1154 941 et
1170 911 1285 950 ceteri,
1305 910 1360 950 qui
1382 916 1447 939 non

115 957 271 996 judicium
294 958 425 998 (quippe
448 958 480 988 in
504 958 722 996 manifestos),
742 958 798 988 sed
816 966 943 997 poenam
961 957 1059 988 statui
1079 957 1256 997 videbant,
1283 954 1447 988 circumsi-

118 1005 209 1036 stunt
223 1008 394 1043 Caesarem,
408 1006 482 1036 ante
498 1008 569 1036 acta
585 1004 805 1044 deprecantes.

158 1056 228 1084 VII.
254 1054 291 1083 Et
307 1055 479 1093 postquam
500 1053 614 1083 anuuit
628 1077 636 1090 ,
653 1060 745 1092 agere
763 1052 925 1092 incipiunt
943 1060 951 1082 ε
977 1064 992 1078 «
1007 1061 1103 1091 quem
1127 1052 1217 1083 illum
1234 1053 1325 1083 tanta
1340 1059 1449 1091 super-

121 1112 137 1127 «
151 1099 205 1130 bia
221 1107 290 1131 esse
302 1123 311 1138 ‚
329 1101 366 1130 ut
379 1100 593 1131 aeternitatem
613 1100 707 1129 tanne
721 1108 777 1138 spe
797 1100 996 1139 praesumat?
1017 1099 1094 1130 Usui
1111 1102 1143 1130 et
1158 1099 1254 1130 rebus
1268 1097 1449 1129 subsidium

121 1159 138 1174 α
153 1146 346 1187 praeparari,
362 1155 402 1177 ne
416 1146 486 1186 quis
506 1146 613 1185 inopia
629 1146 863 1177 advocatorum
881 1146 1068 1185 potentibus
1083 1147 1243 1177 obnoxius
1266 1146 1317 1177 sit.
1344 1152 1450 1184 neque

122 1205 137 1219 α
153 1197 259 1224 tamen
272 1192 490 1232 eloquentiam
508 1193 649 1231 gratuito
666 1193 867 1231 contingere;
883 1193 991 1224 omitti
1004 1202 1098 1224 curas
1118 1193 1289 1224 familiares
1303 1217 1311 1231 ,
1327 1195 1362 1222 ut
1375 1191 1449 1231 quis

121 1252 136 1266 «ι
152 1248 186 1271 se
204 1239 316 1270 alienis
332 1240 467 1279 negotiis
484 1240 641 1271 intendat.
657 1240 778 1271 multos
801 1240 915 1271 militia
928 1265 936 1278 ‚
953 1241 1109 1280 quosdam
1132 1240 1312 1271 exercendo
1331 1240 1337 1256 ¹
1356 1247 1449 1278 agros

121 1299 135 1312 n
153 1287 289 1317 tolerare
309 1287 419 1317 xitain.
437 1287 515 1317 niliil
533 1296 551 1317 a
568 1296 733 1327 quoquam
756 1287 886 1326 expeti,
905 1288 965 1318 nisi
982 1288 1078 1327 cujus
1102 1288 1227 1318 tructus
1247 1288 1322 1318 ante
1343 1284 1449 1326 provi-

122 1346 137 1359 α
154 1333 247 1364 derit.
264 1333 355 1363 facile
370 1333 515 1364 Asinium
530 1336 562 1364 et
576 1334 747 1365 Messalam
764 1334 847 1364 inter
861 1334 1036 1365 Antonium
1050 1337 1082 1365 et
1096 1337 1274 1373 Augustum
1289 1333 1448 1364 bellorum

121 1392 136 1405 ιι
151 1380 291 1420 praemiis
306 1381 438 1411 refertos
450 1404 458 1419 ,
477 1383 533 1412 aut
549 1380 666 1412 ditium
684 1381 874 1411 familiarum
894 1382 1027 1412 heredes
1043 1381 1218 1412 AEseiiiinos
1234 1383 1265 1412 et
1279 1379 1450 1411 Arruntios

122 1440 138 1454 «
152 1436 304 1467 maguum
321 1428 467 1458 animum
482 1427 628 1458 induisse
644 1438 651 1458 ;
670 1430 820 1467 prompta
837 1428 898 1458 sibi
915 1428 1079 1468 exempla,
1097 1429 1229 1468 quantis
1247 1426 1449 1459 mercedibus

122 1488 137 1502 ιι
153 1477 189 1506 Ρ.
205 1475 334 1506 Clodius·
352 1478 407 1506 aut
425 1479 458 1505 C.
483 1475 579 1505 Curio
596 1475 607 1492 ²
635 1475 821 1506 concionari
837 1476 922 1506 soliti
939 1476 1015 1507 sint.
1035 1484 1069 1506 se
1096 1476 1241 1506 modicos
1260 1476 1423 1506 senatores
1439 1496 1448 1512 ‚

121 1535 137 1550 «ι
152 1522 207 1562 qui
220 1525 250 1553 et
261 1531 278 1553 a
293 1522 455 1562 republica
468 1522 555 1553 nulla
568 1522 627 1553 nisi
640 1523 726 1562 pacis
738 1523 959 1554 emolumenta
973 1524 1128 1563 peterent.
1146 1523 1300 1562 cogitaret
1309 1522 1449 1562 plebem,

121 1582 137 1597 κ
152 1578 225 1610 quae
248 1572 319 1609 toga
344 1571 532 1601 enitesceret
549 1569 582 1607 ³3
608 1569 743 1600 sublatis
769 1569 950 1600 studiorum
980 1570 1091 1610 pretiis
1115 1571 1213 1601 etiam
1237 1569 1345 1600 studia
1369 1567 1448 1608 peri-

120 1630 136 1646 «
154 1618 236 1648 tura.
256 1629 272 1644 u
298 1620 339 1648 Ut
357 1617 465 1648 minus
480 1617 594 1647 decora
615 1617 702 1655 lueis,
722 1617 766 1647 ita
791 1617 876 1648 liaud
905 1618 1025 1648 frustra
1049 1617 1137 1648 dicta
1162 1618 1312 1657 Princeps
1337 1617 1447 1652 ratus,

119 1665 285 1706 capiendis
300 1665 446 1704 pecuniis
464 1665 573 1705 posuit
587 1665 722 1696 niodum
738 1675 841 1706 usque
858 1665 897 1697 ad
913 1664 996 1696 dena
1011 1665 1160 1696 sestertia
1177 1665 1202 1704 ⁵,
1218 1673 1315 1704 quem
1331 1662 1449 1703 egressi

118 1712 391 1753 repentundarum
409 1714 605 1744 tenerentur.
1298 1707 1304 1711 ’

159 1764 243 1792 VIII.
267 1760 332 1791 Sub
355 1760 438 1791 idem
465 1763 593 1800 teinpus
618 1760 838 1799 Mithridates,
858 1769 955 1800 quem
981 1760 1181 1800 imperitasse
1197 1758 1381 1791 Armeniis¹
1405 1757 1450 1798 [et

118 1807 158 1839 ad
175 1808 400 1848 praescriptum
418 1808 498 1848 Caii]
518 1809 653 1839 casaris
665 1809 812 1839 vinctum
826 1808 1016 1847 memoravi,
1033 1811 1182 1839 monente
1200 1806 1331 1838 Claudio
1347 1807 1379 1836 in
1398 1813 1449 1836 re-

118 1864 219 1895 gnum
233 1855 399 1893 remeavit,
415 1855 491 1887 fisus
506 1856 729 1886 Pharasmanis
745 1855 871 1895 opibus.
892 1856 919 1886 is
939 1865 995 1886 rex
1013 1855 1113 1886 Iberis
1126 1879 1133 1893 ‚
1152 1855 1303 1893 idemque
1324 1851 1449 1883 Mithri·

117 1903 201 1934 datis
220 1903 330 1942 frater,
344 1902 514 1933 nuntiabat
529 1902 726 1933 discordare
737 1903 886 1933 Par-ilios
900 1911 1105 1942 summaque
1121 1903 1253 1941 imperil
1267 1900 1446 1939 ambiqua,

117 1953 257 1982 minora
270 1953 343 1982 sine
356 1959 443 1981 cura
459 1950 590 1981 haberi,
606 1958 679 1980 nam
696 1949 779 1981 inter
796 1949 938 1980 Gotarzis
955 1949 965 1966 ²
984 1950 1135 1989 pleraque
1151 1957 1237 1979 saeva
1252 1948 1319 1987 (qui
1336 1954 1448 1978 necem

117 2021 146 2045 in
158 2027 256 2050 corpus
268 2021 400 2050 adegerit.
415 2033 443 2037 -—
458 2025 480 2044 4.
495 2020 566 2044 intra
583 2026 604 2044 c.
623 2026 648 2044 ι’.»
660 2021 688 2043 ct
703 2026 740 2043 35.
755 2033 784 2037 —
796 2025 818 2043 s.
832 2020 945 2043 Tribuni
959 2019 994 2049 pl.
1012 2020 1048 2043 M.
1062 2019 1148 2043 Cincii
1167 2018 1303 2046 Aliiuenti,
1322 2023 1346 2040 a.
1361 2018 1390 2041 U.
1404 2022 1449 2040 sia

117 2056 209 2086 latam,
223 2057 257 2080 ab
274 2058 396 2086 Augusto
411 2056 535 2080 relatam.

148 2092 198 2115 Vl.
217 2097 236 2115 i.
255 2093 356 2116 Contra
372 2093 446 2116 nisus
457 2093 507 2115 est.
518 2104 548 2108 —
562 2096 584 2114 2.
599 2091 723 2120 ipsorum
738 2092 867 2115 vii-tutem
888 2091 1065 2114 celebrantes,
1078 2102 1106 2106 —-
1120 2095 1143 2112 τ».
1167 2088 1355 2117 Eloquentiam
1372 2088 1449 2112 dicit.

117 2131 180 2150 -4-
200 2128 238 2151 De
252 2129 280 2151 C.
298 2128 392 2151 Asinio
407 2128 546 2155 Pollione,
560 2129 593 2151 M.
607 2127 713 2151 Valerio
729 2127 841 2151 Messala
856 2127 972 2150 Corvino
990 2132 1013 2148 v.
1029 2126 1056 2148 in
1078 2125 1197 2153 iiiaiogo.
1209 2138 1235 2140 —
1247 2130 1269 2148 a.
1282 2125 1362 2153 cujus
1375 2131 1448 2149 mors

118 2164 228 2187 narrata
244 2164 286 2191 w,
306 2169 341 2187 Jiss-
355 2170 416 2187 —‹;.
438 2163 582 2187 Marcellus
599 2164 766 2191 AEserninuS,
781 2168 866 2191 nepos
889 2162 971 2185 Asinii
992 2161 1126 2185 Pollionis.
1138 2172 1167 2176 —
1181 2165 1201 2184 7.
1218 2161 1251 2184 Ut
1270 2162 1394 2183 oratores
1410 2159 1449 2184 iiii

117 2199 280 2230 punirentur
295 2199 444 2222 secundum
466 2199 551 2225 leaf-in
571 2199 603 2222 de
625 2199 665 2226 iis,
686 2198 731 2227 qui
752 2200 779 2221 in
794 2198 933 2227 provincia
950 2197 1092 2226 pecuniarii
1113 2196 1301 2219 extorsissent.
1315 2209 1343 2211 —
1357 2202 1379 2218 κ.
1397 2195 1447 2224 Qui

110 2236 200 2259 -etiam
214 2234 426 2263 repetundarum
441 2235 593 2260 damnatur,
609 2233 801 2257 accusantibus
814 2233 946 2260 Cilicibus,
962 2232 1030 2255 infra
1048 2232 1118 2259 Xiii,
1131 2236 1168 2254 55.

148 2271 204 2294 Vll.
218 2275 236 2293 i.
250 2270 379 2293 Colendo.
392 2283 421 2287 ——
431 2275 455 2292 «Δ.
468 2270 531 2293 Julii
543 2271 653 2293 Caesaris
665 2272 794 2299 tempore.
807 2282 836 2286 —
846 2274 869 2291 5.
884 2268 1023 2292 Convertit
1033 2273 1062 2290 se
1072 2268 1105 2290 aii
1116 2268 1246 2290 Caesarem
1262 2266 1448 2289 :meminisset

118 2306 248 2336 plebeios,
263 2306 308 2334 qui
325 2306 403 2328 unice
420 2305 471 2328 illis
486 2306 561 2334 pacis
576 2306 680 2329 artibus
692 2307 719 2329 in
733 2306 793 2329 foro
807 2305 858 2333 (liae
874 2305 936 2327 sunt
950 2304 1025 2333 toea)
1042 2303 1075 2326 ad
1089 2302 1207 2326 bonores
1228 2307 1368 2330 emergere
1383 2306 1446 2330 pos-

119 2341 191 2364 sent.
205 2351 235 2356 —
248 2345 269 2363 4.
289 2342 374 2369 Prope
388 2345 456 2363 2000
470 2341 504 2363 fr.

150 2375 218 2398 Vlll.
234 2380 255 2399 i.
270 2375 344 2399 Cont.
359 2376 391 2399 Vl
402 2394 408 2403 ‚
426 2382 454 2400 52
471 2377 498 2399 et
512 2381 548 2399 55.
568 2376 715 2405 Sequentia
730 2376 814 2399 verba
828 2377 957 2405 quattuor
969 2380 1023 2398 non
1039 2375 1144 2397 suntin
1162 2373 1357 2401 manuscripto,
1372 2373 1445 2402 qnod

122 2411 246 2435 lacunam
264 2410 355 2435 habet.
368 2411 488 2441 Caligula
503 2418 563 2435 euin
579 2413 689 2435 Romani
705 2413 865 2436 arcessitum
876 2412 903 2435 in
917 2410 1024 2435 vincula
1040 2410 1205 2439 conjecerat.
1218 2422 1247 2425 -
1257 2413 1280 2432 2.
1295 2408 1352 2432 Filii
1363 2409 1443 2432 Aria-
