1539 2668
508 181 545 212 A.
568 182 608 212 U.
631 181 667 212 C.
692 181 764 212 822.
786 179 824 212 A.
846 181 882 213 C.
907 181 960 213 69.
1335 181 1394 214 301

75 265 215 298 clamore
228 262 354 301 tamen,
372 259 405 292 et
420 258 477 291 ubi
499 258 648 300 plurimae
671 265 788 299 voces,
812 258 870 291 aut
891 256 1036 291 tumultu
1061 257 1235 290 verborum
1254 257 1316 290 sibi
1337 256 1399 299 ipsi

75 310 303 351 obstrepentes.
1400 314 1406 339 t

116 360 273 390 LXXXVI.
298 353 445 394 Prodigia
466 353 598 393 insuper
616 351 781 385 terrebant
806 353 944 386 diversis
968 352 1156 386 auctoribus
1174 352 1305 393 vulgata
1330 360 1338 382 :
1362 352 1400 384 in

74 404 242 437 vestibulo
268 401 430 443 capitolii
452 402 597 433 omissas
620 400 778 433 habenas
801 401 909 443 biqae,
938 402 995 434 cui
1027 402 1176 434 Victoria
1198 399 1377 432 institerat
1385 408 1400 436 ,-

75 453 226 492 erupisse
251 450 341 482 cella
367 450 513 481 Iunonis
534 447 541 465 ¹
569 448 739 487 majorem
765 448 924 481 humana
948 449 1094 489 speciem
1108 458 1121 486 ‚·
1146 449 1305 479 statuam
1329 444 1401 476 divi

74 498 164 530 Julie'
183 500 219 530 in
235 497 352 530 insula
373 495 521 528 Tiberini
538 497 654 526 amnis
667 503 787 527 sereno
802 497 835 528 et
850 497 988 528 immoto
1003 495 1059 527 dte
1075 494 1086 513 ²
1105 494 1149 527 ab
1172 493 1348 526 Occidente
1365 492 1401 522 in

77 547 251 578 Orientem
277 551 475 576 conversam
488 555 501 582 ;
521 542 745 583 prolocutum
761 544 797 574 in
821 544 972 574 Etruria
999 542 1135 581 bovem3
1152 542 1306 573 insolitos
1325 539 1400 571 ani·

74 593 224 624 malium
239 592 385 632 partus,
406 592 437 621 et
452 590 543 630 plura
561 589 622 620 alia
635 613 644 628 ‚
658 589 794 621 rudibus
811 589 938 621 saeculis
951 590 1049 621 etiam
1064 590 1098 620 in
1114 598 1192 630 pace
1207 588 1378 620 observata
1392 607 1402 623 ‚

75 647 148 680 quae
169 648 255 670 nunc
273 640 402 670 tantum
426 637 459 668 in
479 639 568 668 metu
587 636 766 668 audiuntur
785 636 810 668 ³.
831 636 889 669 sed
913 637 1097 677 praecipuus
1112 641 1143 668 et
1162 645 1236 667 cum
1252 633 1404 676 praesenti

75 686 173 717 exitio
187 687 284 718 etiam
303 685 404 716 futuri
421 693 520 724 pavor
536 683 645 715 subita
661 683 873 715 inundatione
890 684 1024 723 Tiberis,
1045 685 1100 725 qui
1119 684 1277 715 immenso
1291 684 1405 721 auetu;

77 736 207 773 proruto
231 735 329 774 ponte
353 731 491 763 sublicio
510 731 537 770 ⁴,
564 739 602 762 ac
618 733 725 770 strage
742 731 905 763 obstantis
930 732 1024 763 molis
1045 734 1190 769 retusus,
1216 740 1281 762 non
1306 729 1404 760 modo

73 780 213 819 jacentia
229 783 260 812 et.
277 780 369 820 plana
386 778 483 810 Urbis
500 778 570 809 loca
583 803 592 818 ‚
609 778 664 809 sed
681 787 793 809 secura
810 779 972 818 ejusmodi
989 788 1125 810 casuum
1144 778 1301 818 implevit.
1322 774 1404 816 rapti

77 836 94 858 e
115 828 246 868 publico
264 828 423 867 plerique,
447 826 554 865 plures
576 825 608 856 in
628 825 773 857 tabernis
796 827 828 856 et
856 826 1019 857 cubilibus
1039 826 1220 866 intercepti.
1246 825 1346 855 sames
1372 822 1406 854 in

75 876 193 915 vulgus
218 874 326 914 inopia
345 876 488 913 quaestus
513 876 544 904 et
570 873 706 913 penuria
729 872 969 903 alimentorum.
1001 868 1151 912 corrupta
1182 870 1406 912 stagnantibus

77 923 170 963 aquis
186 922 365 953 insularum
386 920 395 937 5
414 919 640 955 fundamenta,
659 920 733 951 dein
747 922 909 951 remeante
927 920 1060 951 flumine
1074 920 1208 960 dilapsa.
1230 923 1328 959 utque
1345 917 1407 959 pri-

77 978 167 1002 mum
189 977 312 1001 vacuus
332 977 350 999 a
374 967 518 1007 periculo
535 968 663 998 animus
683 967 764 1007 suit,
783 966 813 997 id
836 967 944 1007 ipsum
964 967 1051 1006 quod
1074 967 1200 1007 paranti
1225 965 1405 1006 expeditio-

79 1025 153 1050 nem
171 1016 291 1049 Othoni
308 1024 442 1054 campus
462 1014 596 1046 Martius
613 1018 646 1046 et
662 1014 714 1045 via
729 1015 897 1054 Flaminia,
915 1014 975 1045 iter
991 1014 1063 1045 belli
1077 1038 1085 1052 ‚
1103 1016 1185 1045 esset
1199 1014 1406 1045 obstructum

78 1074 96 1097 a
115 1064 258 1096 fortuitis
284 1063 334 1094 vel
362 1062 565 1093 naturalibus
591 1062 716 1102 causis,
741 1062 774 1093 in
798 1061 982 1102 prodigium
1001 1065 1032 1092 et
1050 1070 1145 1092 omen
1166 1060 1406 1093 imminentium

79 1111 219 1144 cladium
236 1109 430 1141 vertebatur.

121 1161 294 1192 LXXXVII.
316 1157 401 1188 Otho
419 1156 554 1187 lustrata
571 1156 657 1187 Urbe
678 1156 684 1173 ¹
708 1157 739 1187 et
755 1157 905 1197 expensis
927 1156 1003 1188 belli
1023 1157 1184 1195 consiliis,
1203 1155 1333 1196 quando
1347 1159 1406 1187 Pe·

80 1207 165 1238 ninae
188 1205 369 1244 cottiaeque
393 1204 490 1243 Alpes
514 1205 545 1235 et
566 1203 663 1234 ceteri
688 1204 862 1234 Galliarum
881 1203 989 1235 aditus
1007 1204 1188 1234 Yitel'ianis
1211 1203 1406 1234 exercitibus

80 1253 327 1290 claudebantur,
347 1251 591 1283 Narbonensem
615 1250 748 1282 Galliam
766 1251 894 1291 aggredi
911 1252 1021 1282 statuit
1041 1252 1142 1282 classe,
1162 1251 1267 1281 valida
1283 1252 1315 1282 et
1332 1259 1406 1290 par-

79 1301 166 1333 tibus
187 1299 248 1330 fida
261 1324 269 1337 ‚
294 1297 379 1338 quod
395 1298 538 1337 reliquos
554 1306 713 1329 caesorum
731 1298 768 1328 ad
785 1300 915 1338 pontem
937 1297 1084 1329 Milxium
1105 1301 1135 1329 et
1160 1297 1286 1328 saevitia
1300 1296 1407 1328 Galbae

81 1348 116 1379 in
134 1347 314 1379 custodiam
332 1345 460 1376 habitos
475 1344 507 1375 in
524 1354 678 1376 numeros
702 1345 838 1385 legionis
857 1348 1084 1386 composuerat
1102 1345 1127 1384 2,
1147 1345 1230 1375 facta
1249 1347 1280 1375 et
1293 1343 1408 1375 ceteris

80 1403 136 1435 spe
156 1392 370 1425 honoratioris
387 1392 419 1422 in
440 1395 603 1432 posterum
623 1393 756 1424 militiae.
786 1392 909 1424 addidit
935 1393 1030 1424 classi
1051 1393 1189 1424 urbanas
1205 1392 1354 1423 cobortes
1376 1392 1408 1422 et

81 1442 250 1482 plerosque
264 1449 280 1470 e
294 1439 497 1480 praetorianis
511 1464 519 1478 ‚
536 1440 622 1471 vires
638 1443 669 1471 et
687 1440 784 1471 robur
801 1441 961 1471 exercitus
977 1443 1075 1480 atque
1089 1440 1167 1480 ipsis
1182 1439 1319 1470 ducibus
1333 1446 1407 1469 con-

81 1488 187 1520 silium
203 1490 235 1518 et
247 1487 410 1518 custodes.
426 1495 553 1518 summa
569 1486 782 1526 expeditionis
798 1487 939 1518 Antonio
956 1488 1104 1525 Novello,
1117 1488 1233 1518 Suedio
1249 1484 1407 1518 Clementi

81 1534 330 1577 primipilaribus
343 1559 351 1573 ,
368 1535 490 1565 AEmilio
507 1534 657 1573 Pacensi,
675 1535 727 1566 cui
743 1535 930 1574 ademptum
945 1544 962 1564 a
976 1535 1074 1565 Galba
1088 1536 1289 1566 tribunatum
1305 1532 1405 1564 reddi-

82 1583 183 1621 derat,
201 1582 365 1622 permissa.
385 1590 495 1612 curam
512 1582 644 1612 navium
660 1586 765 1613 Oscus
781 1582 914 1613 libertus
930 1583 1099 1620 retinebat,
1115 1583 1153 1613 ad
1173 1581 1407 1613 observandam

82 1629 302 1662 honestiorum
334 1628 429 1660 tidem
460 1629 647 1661 comitatus.
677 1629 823 1671 peditum
857 1630 1068 1670 equitumque
1103 1631 1206 1667 copiis
1232 1629 1407 1660 Suetonius

82 1677 261 1716 Paullinus,
280 1676 397 1707 Marius
413 1677 525 1708 Celsus
539 1701 547 1716 ‚
567 1677 689 1708 Annius
707 1678 814 1708 Gallus
840 1679 983 1709 rectores
1005 1678 1168 1709 destinati.
1189 1678 1245 1708 sed
1271 1676 1408 1717 plurima

83 1722 162 1754 fides
178 1723 305 1755 Licinio
320 1723 456 1754 Proculo
472 1724 611 1763 praetorii
626 1724 791 1764 praefecto.
809 1725 836 1755 is
853 1724 986 1756 urbanae
1001 1725 1127 1756 militiae
1142 1725 1288 1764 impiger,
1306 1723 1407 1755 bello·

84 1777 156 1800 rum
174 1771 313 1801 insolens
327 1794 335 1809 ,
356 1771 579 1801 auctoritatem
594 1771 748 1809 paullini,
767 1771 908 1810 vigorem
935 1773 1042 1811 Celsi,
1066 1773 1287 1803 maturitatem
1308 1770 1407 1810 Galli,

84 1818 120 1847 ut
136 1817 251 1856 cuique
269 1820 350 1855 erat,
366 1816 580 1855 criminando,
599 1817 687 1856 quod
705 1817 895 1848 facillimum
912 1818 999 1849 factu
1013 1822 1075 1858 est,
1091 1828 1210 1858 pravus
1226 1820 1258 1849 et
1271 1817 1408 1848 callidus

84 1862 186 1894 bonos
203 1865 235 1894 et
252 1862 414 1893 modestos
431 1863 585 1893 anteibat.

125 1913 313 1941 LXXXVIII.
341 1909 508 1950 Sepositus
533 1918 589 1950 per
613 1918 667 1941 eos
690 1910 756 1942 dies
780 1910 950 1942 Cornelius
975 1910 1138 1942 Dolabella
1158 1912 1163 1928 ¹
1188 1911 1220 1941 in
1246 1910 1407 1942 coloniam

85 1957 276 1996 Aquinatem
294 1966 396 1997 neque
413 1961 501 1988 arcta
516 1958 663 1988 custodia
681 1967 786 1997 neque
803 1958 942 1989 obscura
954 1982 962 1998 ,
979 1958 1104 1989 nullum
1123 1958 1164 1989 ob
1182 1958 1304 1990 crimen
1320 1983 1328 1998 ‚
1350 1957 1408 1990 sed

85 2006 212 2036 vetusto
235 2005 366 2036 nomine
385 2007 416 2036 et
443 2006 685 2045 propinquitate
704 2006 811 2037 Galbae
832 2007 1044 2037 monstratus.
1065 2007 1184 2037 multos
1201 2016 1218 2038 e
1236 2006 1406 2045 magistra-

85 2053 172 2087 tibus
187 2080 195 2096 ,
212 2064 362 2096 magnam
379 2055 597 2088 consularium
618 2058 743 2096 partem
766 2056 850 2088 Otho
869 2065 935 2088 non
958 2057 1130 2097 participes
1156 2060 1212 2088 aut
1238 2057 1406 2088 ministros

114 2176 253 2201 Lxxxvt.
271 2183 291 2201 ι.
306 2178 337 2202 In
349 2178 450 2208 templo
464 2179 626 2208 Capitolino,
636 2179 709 2209 quod
722 2179 793 2204 idem
804 2179 879 2204 Jovis
890 2184 998 2209 quoque
1012 2180 1040 2203 et
1053 2179 1181 2204 Minervae
1193 2180 1317 2203 emh-2.
1328 2179 1406 2206 Coelo.

84 2211 160 2236 Unde
174 2212 307 2242 Diespiter
321 2219 419 2238 nomen
433 2215 572 2238 soris—s.
587 2214 663 2238 Conf.
675 2216 751 2239 Anu.
768 2215 787 2244 1,
805 2219 850 2243 ειη
863 2214 916 2239 Liv.
933 2215 1024 2244 XLIII,
1043 2221 1103 2239 iz—
1113 2220 1129 2238 ι.
1143 2215 1251 2244 Ligneo,
1266 2214 1299 2238 de
1312 2220 1365 2245 quo
1379 2220 1404 2240 v.

84 2245 150 2271 Plin.
164 2246 241 2272 Htst.
252 2249 313 2272 nat.
336 2249 454 2278 XXXVI,
469 2255 561 2274 25.—s.
575 2251 708 2274 Domuum
724 2251 757 2273 ‹te
772 2249 870 2279 quibus
883 2249 916 2273 ad
928 2251 1003 2274 Anu.
1019 2251 1059 2279 VI,
1072 2256 1106 2274 ¹13.

115 2281 265 2320 DXXXVII.
280 2288 299 2307 i.
313 2283 353 2307 Ob
365 2285 495 2315 prodigia.
512 2286 586 2310 Conf.
605 2285 638 2309 ad
650 2287 725 2310 Ληη.
747 2285 818 2313 ΧΙΙΙ,
832 2289 922 2310 itm-2.
941 2285 1073 2310 cohortes
1085 2287 1111 2310 et
1129 2286 1266 2310 centurias
1280 2285 1337 2315 ejus
1355 2285 1403 2310 de·

85 2317 200 2346 scrrpsit,
212 2317 238 2341 in
253 2324 327 2347 quas,
345 2320 378 2343 ad
395 2321 557 2350 explendum
572 2327 713 2345 numerum
735 2322 817 2345 totius
832 2320 954 2351 legionis,
971 2323 1067 2351 postea
1084 2322 1247 2345 accedentes
1263 2322 1347 2350 copiae
1364 2326 1405 2344 re-

83 2354 271 2415 genserentur.
285 2354 318 2378 In
330 2356 490 2381 custodiam
503 2356 614 2382 habitos
628 2357 749 2382 breviter
762 2357 863 2382 dictum
873 2362 923 2387 pro
934 2357 960 2381 in
975 2358 1126 2382 custodium
1136 2357 1212 2381 datos
1220 2358 1247 2380 et
1263 2358 1291 2380 in
1305 2362 1337 2380 ea
1355 2356 1404 2380 ha-

104 2389 164 2414 itos.

115 2425 276 2451 LXXXVIII.
293 2432 314 2451 i.
327 2427 411 2458 Quem
428 2429 539 2459 quidam
555 2430 644 2456 Galbae
660 2436 847 2457 successorem
867 2431 1082 2458 destinaverant.
1103 2431 1214 2456 Occisus
1232 2429 1302 2455 intra
1321 2429 1351 2457 11,
1366 2433 1403 2453 ω.
