1539 2668
139 144 157 172 2
546 129 679 168 TA‘CITI
702 136 911 168 ANNALIUM
936 138 1009 167 Lm.
1034 138 1057 167 1.

179 219 203 247 Ι.
223 213 342 246 Urbem
355 217 491 245 Romam
505 221 523 244 a
539 211 699 253 principio
717 221 807 252 reges
822 212 961 244 habuere
977 212 999 243 ¹.
1022 212 1202 243 libertatem
1215 212 1247 243 et
1261 213 1463 246 consulatum

137 267 172 295 L.
199 265 315 294 Brutus
340 260 492 291 instituit.
516 260 685 291 dictaturae
711 260 749 290 ad
771 259 925 299 tempus2
954 259 1177 290 sumebantur.
1206 267 1309 299 neque
1334 259 1462 292 decem-

137 310 244 341 viralis
261 310 402 349 potestas
424 307 508 338 ultra
532 307 695 338 biennium
719 315 822 347 neque
842 306 1047 338 tribunorum
1065 306 1204 337 militum
1229 307 1396 338 consulare
1411 308 1465 348 jus

136 357 191 389 diu
203 357 215 375 ³
233 356 346 387 valuit.
363 363 425 385 non
440 354 552 385 Cinnae
566 378 573 392 ,
590 363 651 384 non
668 354 763 385 Sullze
776 354 868 393 longa
882 353 1072 384 dominatio.
1089 355 1120 383 et
1131 353 1271 393 Pompeii
1295 354 1465 394 Crassique

135 403 280 445 potentia
296 402 360 434 cito
379 402 411 432 in
431 406 588 433 Caesarem
602 425 610 439 ,
634 400 741 440 Lepidi
763 403 859 440 atque
882 400 1011 432 Antonii
1032 409 1122 431 arma
1144 400 1176 431 in
1194 402 1374 438 Angustum
1397 409 1465 432 ces-

135 460 204 483 sere
216 450 243 490 ⁴,
258 449 314 491 qui
326 450 444 480 cuncta
458 448 627 480 discordiis
640 448 787 479 civilibus
802 448 882 479 sessa
895 447 1025 479 nomine
1034 449 1203 488 principis
1216 447 1277 478 sub
1292 447 1464 488 imperium

135 498 272 539 accepit.
299 496 359 529 Sed
384 497 501 527 veteris
525 495 632 536 populi
651 495 784 526 Romani
802 504 955 537 prospera
972 495 1021 525 vel
1040 495 1177 526 adversa
1193 495 1286 526 claris
1302 495 1466 535 scriptori-

136 546 199 577 bus
211 545 224 563 ⁵
240 545 420 576 memorata
433 544 506 574 sunt
520 554 528 581 ;
541 542 804 582 temporibusque
820 542 955 581 Augusti
970 542 1114 573 dicendis
1128 551 1191 572 non
1206 542 1337 573 defuere
1350 541 1468 574 decora
1517 534 1525 584 ’ζ

135 592 262 633 ingenia
273 617 281 631 ,
300 591 402 621 donec
415 591 568 629 gliscente
580 589 764 621 adulatione
780 590 1031 621 deterrerentur.
1047 589 1166 620 Tiberii
1181 589 1313 629 Caiique
1328 591 1361 620 et
1374 589 1466 620 Clau-

134 641 176 672 dii
191 648 226 671 ac
238 638 372 670 Neronis
387 646 434 668 res
455 637 640 668 lior-entibus
655 637 728 678 ipsis
738 637 780 668 ob
794 640 917 669 metum
932 636 1054 675 falsae⁶;
1079 638 1250 676 postquam
1267 635 1467 675 occiderant,

134 686 318 718 recentibus
331 684 415 715 odiis
431 684 620 724 compositae
643 685 730 715 sunt.
753 684 826 716 inde
851 683 1021 715 consilium
1045 683 1122 714 milii
1143 692 1242 723 pauca
1260 682 1299 713 de
1321 683 1467 722 Augusto

134 737 166 765 et
179 731 342 764 extrema⁷
363 731 501 770 tradere,
521 740 593 762 mox
612 730 730 762 Tiberii
746 731 960 772 principatum
977 733 1010 762 et
1025 732 1143 769 cetera,
1158 730 1227 762 sine
1243 730 1289 761 ira
1302 732 1335 762 et
1346 729 1466 769 studio,

134 788 271 821 quorum
292 787 406 810 causas
421 778 528 818 procul
549 778 649 809 liabeo
664 778 690 808 ὅ.
1523 810 1526 815 ‚

176 831 215 858 Il.
230 829 401 865 Postquam
410 828 506 856 Bruto
517 827 548 856 et
562 825 669 856 Cassio
685 825 779 856 caesis
793 825 881 857 nulla
895 824 960 864 iam
981 824 1109 865 publica
1126 832 1215 855 arma
1228 824 1251 862 ¹,
1267 824 1439 864 Pompeius
1451 821 1463 840 ²
1507 825 1511 827 “
1525 820 1527 825 “

134 873 219 914 apud
236 873 375 905 Siciliam
391 880 586 912 oppressuS,
609 871 797 912 exutoque³
818 872 955 912 Lepido,
974 872 1143 903 interiecto
1167 870 1324 910 Antonio,
1343 878 1383 902 ne
1408 874 1466 902 Ju-
1523 863 1524 870 ἵ

135 921 227 952 lianis
239 920 369 959 quidem
387 920 531 960 partibus
546 920 603 950 nisi
619 923 724 951 Cacsar
741 919 805 950 dux
823 920 977 959 reliquus,
993 919 1096 959 posito
1114 920 1292 950 triumviri
1310 917 1462 949 nomine‘

134 968 300 998 consulem
320 976 354 997 sc
376 967 480 997 terens
494 968 523 997 et
539 967 577 997 ad
599 966 753 998 tuendam
783 966 907 1007 plebem
932 966 1108 998 tribunicio
1134 965 1207 1004 jure
1227 966 1418 996 contentum
1437 964 1465 1005 ⁵,

134 1015 188 1046 ubi
207 1015 340 1045 militem
358 1013 469 1051 donis,
488 1014 641 1053 populum
656 1023 783 1044 annona
799 1014 826 1051 θ,
844 1015 980 1045 cunctos
1001 1013 1170 1044 dulcedine
1184 1012 1241 1043 otii
1255 1012 1404 1053 pellexit,
1419 1011 1467 1043 in-

133 1070 263 1101 surgere
274 1062 450 1102 paullatim,
464 1061 573 1091 tritinia
587 1064 729 1099 senatus,
747 1061 1007 1099 magistratuum,
1024 1061 1130 1100 legum
1146 1060 1177 1090 iu
1191 1068 1224 1090 se
1238 1059 1367 1090 trahere
1377 1058 1467 1090 nullo

133 1109 339 1147 adversante,
355 1117 455 1148 quum
469 1107 659 1139 ferocissimi
676 1117 731 1149 per
741 1109 825 1140 acies
838 1111 893 1139 aut
907 1108 1141 1148 proscriptione
1152 1106 1353 1145 cecidissent,
1367 1104 1467 1137 ceteri

131 1156 291 1187 nobilium
305 1179 313 1194 ‚
334 1156 455 1195 (pauno
477 1155 549 1194 quis
574 1155 705 1186 servitio
730 1155 906 1194 promptior
917 1154 925 1170 '¹
940 1178 949 1193 ‚
964 1154 1079 1194 opibus
1092 1156 1124 1185 et
1141 1153 1316 1184 bonoribus
1331 1152 1466 1184 extolle-

134 1205 268 1239 rentur,
287 1211 325 1233 ac
340 1201 433 1232 novis
449 1210 486 1232 ex
505 1201 600 1232 rebus
623 1201 707 1231 aucti
729 1203 798 1232 tuta
817 1204 849 1232 et
866 1200 1038 1241 pra-sentia
1058 1209 1155 1240 quam
1173 1202 1284 1231 vetera
1297 1201 1328 1231 et
1341 1199 1466 1240 pericu·
1515 1239 1517 1242 .

132 1249 197 1280 losa
219 1249 362 1280 mallent.
390 1257 494 1288 neque
516 1248 692 1287 provinciae
717 1248 804 1278 illum
830 1257 935 1279 rerum
954 1251 1076 1279 statum
1093 1247 1300 1286 abnuebant,
1315 1248 1467 1287 suspecto
1516 1248 1517 1252 ’

131 1299 262 1328 senatus
281 1295 457 1336 populiipie
483 1294 616 1334 imperio
641 1295 683 1325 ob
705 1295 880 1325 certamina
898 1294 1100 1335 potentium⁸
1120 1296 1154 1325 et
1175 1293 1347 1325 avaritiam
1368 1293 1466 1333 magi-

130 1345 305 1381 stratuum,
322 1342 464 1372 iuvalido
481 1342 587 1381 legum
605 1341 738 1380 auxilio,
754 1351 828 1381 quac
847 1342 890 1380 vi,
905 1341 1044 1380 ambitu,
1064 1344 1227 1381 postremo
1245 1340 1383 1382 pecunia
1398 1342 1466 1372 tur-

132 1390 305 1422 babantur.

175 1440 228 1468 lli.
254 1438 405 1468 Ceterum
436 1436 618 1474 Augustus,
634 1435 778 1467 subsidia
800 1435 1014 1466 dominationi
1033 1436 1061 1474 ¹,
1079 1435 1253 1468 Claudium
1277 1434 1464 1467 Marcellum

131 1484 251 1515 sororis
266 1483 389 1521 tilium,
408 1482 584 1513 admodum
606 1482 861 1520 adolescentem,
884 1483 1072 1522 pontificatu
1095 1484 1127 1512 et
1149 1481 1253 1512 curuli
1283 1481 1465 1521 aedilitate,

131 1533 176 1563 Μ.
197 1530 384 1569 Agrippam,
406 1529 578 1567 ignobilem
603 1530 672 1560 loco
689 1529 715 1568 ²,
732 1529 852 1560 bonum
868 1529 981 1560 militia
997 1532 1029 1560 et
1047 1529 1190 1560 victoriae
1206 1529 1333 1559 socium
1345 1553 1354 1568 ‚
1369 1527 1465 1567 gemi-

133 1577 240 1609 itatis³
266 1576 486 1608 consulatibus
508 1576 647 1615 extulit,
669 1585 744 1607 mox
770 1576 922 1608 destincte
945 1576 1094 1607 Marcello
1119 1584 1273 1614 generum
1301 1575 1465 1616 sumpsit:

133 1625 204 1655 Tib.
221 1628 381 1656 Neronem
399 1626 431 1655 et
447 1623 617 1657 Claudium
641 1627 783 1655 Drusum
808 1623 972 1664 privignos
986 1625 996 1641 ⁴
1009 1646 1019 1662 ,
1042 1623 1259 1663 imperatoriis
1279 1622 1468 1654 nominibus
1519 1615 1520 1635 ³

165 1749 185 1768 ι.
203 1745 304 1767 Versus
314 1743 479 1769 hexameter,
495 1747 549 1765 non
562 1742 690 1771 quaesitus
702 1741 802 1768 studio,
817 1741 863 1765 sed
875 1741 921 1770 qui
932 1741 1004 1765 ultro
1017 1747 1046 1765 se
1058 1740 1158 1765 obtulit
1172 1740 1299 1769 scriptori
1315 1746 1466 1765 numerosae

132 1779 263 1803 orationis
279 1778 507 1807 magnificentiam
520 1777 545 1800 in
560 1777 635 1805 gravi
659 1777 734 1800 initio
748 1776 873 1800 sectanti.
886 1789 914 1793 —
933 1781 957 1800 2.
975 1777 1089 1805 Quando
1110 1777 1136 1799 ct
1153 1776 1282 1804 quamdiu
1297 1776 1403 1804 tempus
1417 1782 1466 1805 po-

132 1814 252 1838 stulabat
265 1832 271 1839 .
288 1819 340 1837 non
357 1813 425 1836 ultra
449 1814 539 1836 tamen
562 1818 606 1835 sex
622 1817 737 1835 menses.
751 1824 776 1827 ——
790 1817 812 1834 5.
831 1811 869 1835 Ab
882 1817 908 1835 a.
926 1812 956 1836 U.
972 1814 1062 1840 (anno
1083 1812 1176 1837 Urbis)
1192 1817 1235 1834 nio
1257 1810 1291 1834 ad
1311 1816 1363 1837 588.
1379 1816 1468 1839 neque
1518 1816 1520 1821 ’

133 1850 270 1874 continuis
286 1849 325 1872 liis
339 1849 423 1872 anuis.
447 1860 476 1865 —
496 1853 518 1871 4.
539 1849 694 1872 Transicre.
719 1859 750 1864 —-
773 1853 795 1871 5.
813 1848 857 1871 Est
870 1847 986 1871 dativus.
1005 1859 1035 1864 —
1059 1852 1083 1871 e.
1112 1847 1236 1876 Adjunge
1256 1846 1329 1875 quod
1346 1846 1469 1876 sequitur

131 1886 294 1915 compositae
306 1885 384 1908 sunt⁴
401 1895 429 1899 —
442 1888 463 1906 7.
478 1884 509 1907 Et
523 1884 641 1907 extrema
662 1882 780 1912 quidem.
799 1882 832 1906 Ει
852 1882 1053 1912 explicativum.
1066 1892 1101 1898 --
1120 1888 1143 1905 a.
1166 1881 1227 1905 odii
1237 1882 1265 1904 ct
1277 1881 1470 1906 assentationis

133 1926 220 1945 causae
243 1919 323 1947 longe
343 1925 357 1941 a
382 1924 423 1941 mc
440 1918 548 1942 absunt.
567 1918 667 1942 Confer
682 1918 778 1942 Hister.
795 1918 813 1946 l,
830 1923 850 1941 t.

162 1956 196 1980 ll.
213 1961 231 1979 ι.
241 1954 403 1984 Reipublicae
415 1954 522 1977 nominc
535 1955 656 1983 capun-
672 1958 694 1976 2.
706 1955 803 1977 sextus
813 1954 912 1982 Pomp..
927 1953 975 1976 Cn.
988 1953 1106 1982 Pompeii
1121 1953 1208 1981 Magni
1224 1953 1303 1976 tilius.
1319 1966 1347 1970 -
1358 1958 1379 1976 ἲ.
1388 1952 1470 1980 Quasi

134 1992 208 2016 dicas
216 1991 368 2018 emrmatm
382 1994 411 2013 eo
423 1989 542 2017 legiones
557 1995 605 2019 per
615 1989 817 2018 corruptionem
832 1988 865 2012 ab
879 1994 911 2012 co
924 1988 1053 2012 alienavit
1061 1989 1234 2013 octavianus,
1244 1988 1289 2017 qui
1302 1993 1363 2010 mox
1374 1987 1470 2010 Coesar
1509 2006 1520 2022 ·,

135 2028 258 2050 vocatur.
275 2038 299 2041 —
319 2030 343 2048 ⁴.
359 2024 398 2048 Ab
412 2026 509 2048 senatu
523 2026 550 2048 ct
561 2024 661 2053 populo
680 2024 703 2047 in
719 2024 932 2053 quinquennium
944 2024 1030 2046 creati
1048 2024 1125 2046 erant
1140 2022 1291 2046 triumviri
1304 2021 1471 2051 reipublicoe

132 2060 339 2085 coetscituendoe
358 2060 538 2088 octavianus,
564 2060 695 2083 Antonius
715 2060 742 2083 et
761 2059 891 2089 Lepidus;
909 2058 1006 2087 quibus
1023 2058 1158 2087 oppressis
1178 2058 1241 2081 oct.
1266 2057 1402 2081 triumviri
1423 2063 1470 2082 no-

133 2102 195 2120 men
215 2095 349 2123 deposuit.
361 2106 388 2110 -
402 2100 425 2118 ε.
445 2094 614 2118 Contentum.
625 2095 704 2122 dicit,
722 2094 783 2124 quia
803 2094 873 2123 regis
908 2093 1063 2121 dictatoris,
1079 2093 1198 2116 censoris
1218 2093 1341 2122 perpetui
1360 2093 1468 2116 nomina

133 2131 183 2160 ipsi
194 2130 286 2154 oblata
308 2129 481 2158 repudiabat.
508 2130 547 2153 Dc
566 2129 726 2153 tribunicia
738 2129 876 2158 potestate
903 2134 927 2151 ν.
953 2128 1002 2156 ΙΙΙ,
1032 2133 1071 2151 56.
1089 2141 1111 2144 -
1127 2133 1149 2151 G.
1174 2128 1328 2155 Lai-gittone
1351 2127 1470 2151 frumcn-

133 2166 212 2189 taria.
233 2177 262 2182 --
283 2170 296 2188 7
334 2164 433 2193 supple
460 2166 541 2188 tanto
563 2165 668 2194 rnayt‘s,
692 2164 839 2188 indicatum
863 2162 953 2186 verbis
979 2164 1087 2192 quanto
1103 2164 1275 2192 promptior.
1298 2175 1323 2179 —
1338 2168 1360 2186 3.
1375 2163 1471 2192 Marii,

132 2200 226 2229 Suum,
240 2198 304 2224 Julii
318 2199 443 2228 Caesaris,
465 2199 587 2229 Pompeii
599 2200 635 2223 M.
652 2201 678 2223 et
699 2200 900 2223 triumvirorum
913 2217 919 2228 ‚
944 2204 991 2228 per
1006 2204 1075 2228 quos
1090 2198 1167 2227 longa
1186 2197 1259 2222 bella
1277 2197 1367 2222 civilia
1385 2198 1470 2222 susci-

133 2235 202 2258 tata.

164 2270 210 2293 ΙΙΙ.
227 2275 249 2294 ¹.
264 2269 457 2294 observandus
477 2270 519 2293 est
539 2268 584 2292 hic
599 2274 662 2292 usus
674 2270 775 2297 Taciti,
790 2268 911 2292 breviter
929 2269 992 2293 etin
1008 2268 1117 2292 modum
1139 2268 1318 2298 appositionis
1329 2268 1468 2293 indicandi

134 2310 256 2331 causam.
283 2306 458 2334 praetextum,
481 2304 576 2331 finem,
599 2305 724 2327 naturam
745 2304 858 2332 alicujus
879 2303 917 2326 rei
941 2304 984 2328 vel
1006 2304 1078 2328 facti.
1107 2304 1205 2327 Nostro
1228 2303 1290 2327 loco
1311 2303 1364 2327 hoc
1392 2304 1468 2330 vult:

77 2338 86 2355 ί
133 2340 292 2369 Augustus,
322 2341 356 2364 ut
383 2340 475 2363 essent
502 2338 620 2362 subsidia
653 2338 831 2363 dormitationi
856 2344 934 2366 suae,
963 2339 1117 2363 Marcellum
1146 2340 1173 2362 ct
1212 2340 1356 2369 Agrippam
1380 2338 1464 2362 hono·
1512 2368 1515 2372 Ι

133 2374 208 2399 ribus
241 2375 339 2399 evexit.
369 2374 504 2398 subsidia
532 2374 740 2398 dominationes
766 2375 829 2397 sunt
855 2379 1028 2398 successores
1060 2374 1210 2401 destinati,
1240 2375 1287 2403 qui
1314 2379 1390 2404 spem
1419 2378 1465 2397 au·

104 2438 107 2441 ¹
132 2410 224 2435 terant
245 2416 289 2434 res
306 2415 389 2435 novas
409 2410 592 2435 molientibus.
607 2415 670 2433 -ιι
692 2410 806 2434 Genere.
832 2422 859 2426 —
879 2414 892 2432 ³
913 2410 1083 2433 continuatis
1104 2415 1237 2433 annorum
1257 2414 1302 2433 ηε
1316 2410 1348 2433 »et
1368 2413 1421 2434 ⁷2⁷.
1438 2419 1465 2427 -

133 2450 157 2472 ι.
169 2445 207 2470 Ex
226 2446 335 2470 Tiberio
356 2445 468 2470 Claudio
489 2447 517 2471 et
543 2446 615 2470 Livia
636 2444 749 2470 Drusilla
762 2462 768 2474 ,
795 2451 875 2474 quam
891 2444 917 2468 in
947 2445 1148 2482 matrimonium
1170 2445 1251 2470 auxit
1270 2445 1416 2475 ,bagasium
1430 2456 1465 2465 ⁴-
