1539 2668
145 175 206 207 374
499 174 632 204 nem
656 154 936 204 ffls'fordaaun
953 175 1032 204 un.
1056 175 1110 204 ιν.

185 253 224 281 V.
247 253 310 282 Res
323 257 456 289 poscere
473 249 614 289 videtur,
629 247 704 288 quia
718 247 837 279 iterum
852 247 859 265 “
877 247 910 279 in
924 247 1120 280 mentionem
1134 248 1308 282 incidimus
1323 250 1386 284 viri
1403 260 1465 285 saes

143 297 214 339 pius
227 296 441 335 memorandi,
457 300 492 327 ut
504 294 796 335 vitamstudiaque
808 294 887 335 ejuS‚
903 298 934 327 et
948 295 1036 336 quali
1051 296 1183 328 fortuna
1193 297 1237 328 sit
1251 306 1340 338 usus,
1353 298 1465 339 paucis

142 344 298 384 repetam.
318 343 485 375 Helvidius
499 343 625 375 Priscus
642 342 785 383 [regione
800 341 926 384 Italiae],
946 342 1128 375 Carecinae²
1145 344 1334 385 municipio,
1352 346 1466 379 Cluvio

141 391 253 431 patre,
275 391 329 431 qui
349 391 495 422 ordinem
515 389 670 431 primipili
686 388 832 421 duxisset
840 389 870 430 ¹³,
886 389 1050 431 ingenium
1072 391 1195 423 illustre
1211 392 1379 424 altioribus
1398 394 1465 426 stu-

142 436 205 469 diis
218 437 228 456 ⁴
246 437 377 478 juvenis
389 438 565 470 admodum
579 436 680 475 dedit,
698 445 763 468 non
777 438 812 468 ut
825 437 979 477 plerique,
994 441 1032 469 ut
1044 440 1176 470 nomine
1188 439 1357 479 magnifico
1371 449 1466 482 segne

140 484 246 516 otium
265 485 404 525 velaret,
420 485 476 516 sed
491 494 555 526 quo
572 484 694 516 firmior
708 483 863 515 adversus
880 484 1010 516 fortuita
1025 485 1255 526 rempublicam
1273 489 1464 527 capesseret.

141 530 291 563 doctores
314 532 508 573 sapientium
523 532 534 550 ⁵
555 535 685 564 secutus
713 532 783 572 est,
807 532 863 572 qui
889 532 958 564 sola
983 532 1088 572 bona,
1116 542 1190 573 quae
1207 534 1361 574 honesta,
1384 535 1469 568 mala

140 578 289 619 tantum,
314 588 386 619 quae
412 580 541 620 turpia,
564 579 744 621 potentiam
758 603 767 618 ,
787 579 991 611 nobilitatem
1014 582 1184 620 ceteraque
1207 584 1297 613 extra
1322 582 1468 614 animum

139 635 244 667 neque
263 627 354 658 bonis
371 636 475 668 neque
488 628 582 659 malis
599 631 822 659 annumerant.
842 627 1037 665 quaestorius
1049 628 1153 659 adhuc
1164 627 1176 647 ⁶
1196 638 1214 659 a
1230 631 1317 660 Paeto
1329 629 1469 662 Thrasea

139 681 238 712 gener
259 674 402 706 delectus
424 684 442 707 e
459 675 603 707 moribus
627 675 730 707 soceri
749 675 832 706 nihil
853 683 945 715 aeque
962 683 999 705 ac
1025 675 1204 706 libertatem
1223 676 1347 716 hausit,
1368 677 1468 716 civis,

139 723 280 762 senator,
303 724 440 754 maritus
454 746 462 762 ,
480 731 588 762 gener,
608 722 752 762 amicus,
772 722 900 753 cunctis
925 721 1003 753 vitae
1019 722 1135 760 officiis
1153 723 1322 762 aequabilis
1334 747 1344 764 ,
1368 732 1467 764 opum

140 772 358 810 contemptor,
376 770 453 801 recti
475 769 624 810 pervicax
637 794 645 809 ,
660 771 812 801 constans
826 769 984 800 adversus
997 772 1113 800 metus.

181 820 233 847 VI.
253 818 349 848 Erant
362 816 479 857 quibus
495 817 699 858 appetentior
713 817 808 849 famae
821 817 998 856 videretur,
1014 816 1145 857 quando
1159 817 1256 849 etiam
1269 817 1469 859 sapientibus

139 863 257 903 cupido
281 865 392 904 gloriae
411 865 586 896 novissima
603 865 732 895 exuitur
746 865 769 896 ¹.
793 865 888 896 ruina
907 865 1009 896 soceri
1032 864 1064 895 in
1085 864 1237 896 exsilium
1258 864 1409 906 pulsus²‚
1432 864 1470 897 ut

139 910 247 942 Galbae
265 912 444 952 principatu
461 912 568 951 rediit,
587 912 771 943 Marcellum
787 912 917 952 Eprium
932 911 1108 943 delatorem
1125 912 1275 944 Thraseae
1288 912 1299 930 ³
1316 917 1468 944 accusate

137 958 331 997 aggreditur.
348 968 385 990 ea
400 959 480 990 ultio
492 984 501 999 ,
517 959 676 990 incertum
693 958 796 999 major
810 968 851 990 an
864 959 992 1000 justior,
1006 960 1153 989 senatum
1166 959 1197 990 in
1210 958 1317 991 studia
1334 959 1467 991 diduxe-

137 1008 188 1038 rat
207 1016 214 1038 :
233 1017 307 1038 nain
322 1009 349 1039 si
365 1008 494 1040 caderet
507 1009 690 1049 Marcellus,
705 1017 818 1048 agmen
832 1007 983 1039 reorum⁴
1005 1008 1220 1040 sternebatur.
1239 1009 1344 1049 primo
1358 1009 1469 1041 minax

137 1054 315 1094 certatura,
330 1057 361 1086 et
377 1056 510 1095 egregiis
523 1057 691 1096 utriusque
704 1055 905 1087 orationibus
918 1057 1082 1087 testatum.
1102 1065 1178 1086 mox
1192 1055 1289 1087 dubia
1303 1056 1469 1089 voluntate

137 1100 265 1139 Galbae,
283 1102 394 1133 multis
410 1105 598 1134 senatorum
617 1103 867 1143 deprecantibus
879 1126 889 1142 ,
909 1102 1017 1133 omisit
1035 1103 1180 1141 Priscus,
1199 1103 1318 1142 variis,
1341 1106 1378 1134 ut
1392 1103 1469 1135 sunt

137 1145 306 1180 hominum
321 1150 459 1189 ingenia,
475 1149 681 1181 sermonibus
694 1149 950 1181 moderationem
965 1149 1165 1180 laudantium
1180 1151 1236 1181 aut
1252 1149 1469 1182 constantiam

137 1195 387 1234 requirentium.
407 1200 559 1228 Ceterum
577 1206 615 1228 eo
633 1200 765 1228 senatus
781 1197 853 1235 die,
871 1206 936 1236 quo
952 1196 995 1228 de
1014 1198 1156 1237 imperio
1179 1198 1378 1236 Vespasiani
1396 1206 1469 1229 cen-

136 1241 268 1282 sebant,
291 1244 456 1284 placuerat
481 1246 574 1276 mitti
590 1244 637 1276 ad
661 1246 857 1284 Principem
883 1244 1023 1283 leyatos.
1045 1244 1118 1275 hinc
1138 1244 1222 1276 inter
1238 1243 1419 1275 Helvidium
1436 1244 1469 1277 et

136 1290 271 1330 Eprium
290 1300 360 1322 acre
373 1292 525 1332 jurgium.
543 1292 672 1323 Priscus
686 1292 767 1331 eliyt
782 1292 990 1323 nominatam
1006 1299 1029 1322 a
1045 1291 1466 1332 mayiscratezbusjuratis‚

136 1338 307 1370 Marcellus
322 1348 451 1371 urnam
469 1338 674 1379 postulabat;
690 1347 764 1379 quae
780 1338 921 1370 consulis
939 1338 1097 1378 designati
1111 1339 1272 1370 sententia
1289 1339 1403 1371 suerat.

178 1388 247 1416 Vll.
273 1387 331 1417 Sed
361 1387 500 1418 Marcelli
527 1388 674 1418 studium
698 1387 849 1427 proprius
875 1385 974 1417 rubor
999 1386 1182 1426 excitabat,
1206 1395 1246 1417 ne
1262 1385 1332 1417 aliis
1357 1385 1467 1418 electis

136 1432 342 1470 posthabitus
355 1435 549 1466 crederetur.
565 1434 796 1474 paullatimque
811 1442 867 1474 per
881 1433 1123 1466 altercationem
1137 1433 1175 1464 ad
1190 1433 1360 1465 continuas
1376 1434 1407 1464 et
1422 1433 1466 1464 in-

136 1477 234 1511 festas
251 1481 415 1512 orationes
435 1482 579 1521 provecti
606 1483 705 1522 sunt,
732 1485 900 1522 quaerente
917 1480 1086 1519 Helvidio,
1110 1493 1125 1507 α
1141 1481 1219 1521 quid
1241 1481 1284 1512 ita
1301 1479 1468 1512 Marcellus

138 1538 155 1554 «
170 1526 333 1566 judicium
349 1530 598 1569 magistratuum
616 1531 824 1570 pavesceret?
844 1538 910 1561 esse
927 1529 971 1560 illi
990 1528 1162 1569 pecuniam
1179 1530 1211 1559 et
1227 1527 1465 1569 eloquentiam,

139 1585 155 1600 «
173 1576 246 1614 quis
270 1577 391 1608 multos
409 1577 566 1616 anteiret,
584 1576 617 1607 ni
638 1577 795 1608 memoria
817 1576 1013 1615 flagitiorum
1035 1578 1213 1615 urgeretur.
1230 1577 1318 1607 sorte
1333 1577 1366 1607 et
1387 1584 1467 1607 urna

138 1632 154 1647 «
173 1629 280 1653 mores
301 1633 365 1654 non
384 1624 522 1655 discerni
542 1633 550 1655 :
567 1624 722 1663 suffragia
737 1626 769 1655 et
785 1623 1059 1654 existimationem
1074 1625 1206 1654 senatus
1219 1625 1346 1663 reperta
1357 1646 1366 1662 ,
1382 1624 1418 1654 ut
1432 1623 1466 1654 in

136 1678 152 1694 «
172 1669 328 1710 cujusque
344 1672 445 1702 vitam
470 1672 655 1711 famamque
672 1672 890 1710 penetrarent.
914 1670 1074 1712 pertinere
1095 1669 1133 1701 ad
1157 1670 1334 1702 utilitatem
1357 1670 1465 1711 reipu-

138 1726 153 1741 «
170 1715 262 1748 blicae
274 1741 283 1756 ‚
304 1719 464 1758 pertinere
479 1719 519 1750 ad
544 1718 730 1759 Vespasiani
758 1718 933 1757 honorem,
958 1726 1128 1749 occurrere
1150 1717 1195 1749 illi
1212 1726 1295 1758 quos
1313 1717 1465 1750 innocen-

137 1774 154 1789 «
171 1763 312 1795 tissimos
327 1770 458 1797 senatus
474 1766 609 1804 habeat,
627 1766 683 1806 qui
701 1766 845 1797 honestis
861 1765 1066 1806 sermonibus
1079 1773 1172 1796 aures
1186 1764 1393 1804 Imperatoris
1405 1764 1467 1798 im-

137 1821 153 1837 «
171 1809 284 1842 buant.
313 1813 412 1844 fnisse
433 1814 626 1853 Vespasiano
652 1813 829 1844 amicitiam
851 1822 926 1844 cum
949 1813 1110 1849 Thrasea,
1132 1815 1273 1853 SoranO,
1297 1812 1426 1845 ὃθηῐὶοι
1454 1823 1462 1846 :

138 1869 154 1885 «
171 1867 309 1898 qnorum
324 1863 528 1891 accusatores
543 1860 668 1891 etiamsi
691 1861 797 1901 puniri
816 1869 879 1892 non
896 1862 1042 1900 oporteat
1053 1884 1062 1899 ‚
1080 1860 1234 1891 ostentari
1252 1869 1317 1891 non
1334 1860 1463 1895 debere.

136 1918 151 1933 α
170 1905 233 1937 hoc
251 1910 382 1938 senatus
394 1907 517 1947 judicio
533 1907 624 1939 velut
636 1908 803 1940 admoneri
818 1908 999 1948 Principem
1011 1932 1019 1947 ‚
1034 1916 1115 1948 quos
1128 1907 1260 1948 probet,
1274 1917 1355 1948 quos
1367 1908 1464 1940 resor-

137 1964 154 1980 «
171 1953 281 1985 midet.
300 1956 425 1986 nullum
446 1956 552 1996 majus
573 1955 648 1987 boni
663 1956 793 1996 imperii
811 1953 1087 1988 instrumentuin²
1105 1964 1203 1995 qnam
1228 1956 1327 1988 bonos
1342 1956 1464 1990 amicos

136 2012 152 2028 «
170 2009 249 2033 esse.
270 2003 350 2034 satis
366 2004 516 2035 Marcello
527 2028 536 2045 ,
558 2003 647 2044 quod
665 2008 826 2035 Neronem
843 2003 877 2034 in
889 2002 1027 2035 exitium
1044 2003 1095 2034 tot
1113 2003 1335 2035 innocentium
1356 2003 1462 2044 impu·

166 2090 196 2112 V.
215 2094 233 2113 ι.
252 2090 313 2114 Post
330 2090 369 2118 lt,
385 2095 421 2114 ⁹1.
433 2103 460 2107 —
471 2094 492 2113 2.
508 2089 622 2114 Cariclni
639 2089 682 2114 vel
704 2089 827 2115 Caracini
848 2090 1033 2114 memorantur
1050 2089 1081 2112 ut
1098 2094 1162 2118 pars
1183 2088 1350 2112 Samnitium.
1370 2088 1460 2118 ipsum

134 2130 233 2149 nomen
247 2125 385 2154 municipii
399 2124 514 2149 fortasse
528 2125 596 2149 latet
610 2126 636 2149 in
649 2125 738 2149 verbis
754 2126 869 2155 reqione
881 2124 982 2150 Italae,
997 2129 1056 2153 quae
1070 2129 1123 2147 non
1138 2124 1202 2146 sunt.
1216 2123 1295 2152 hujus
1308 2122 1370 2146 loct.
1386 2123 1460 2154 Pejo-

135 2166 180 2186 res
194 2161 302 2184 codices
322 2161 489 2185 Tarracina»
501 2180 506 2190 ,
525 2162 686 2186 Tarentinae
699 2162 865 2191 municipio*
877 2173 901 2177 —
914 2165 935 2183 5.
949 2160 1077 2183 Centurio
1090 2158 1264 2188 primipilaris
1276 2157 1380 2182 ruisset.
1392 2158 1456 2184 -4.

136 2195 340 2224 Phiiosoptiicis
355 2208 383 2213 —
397 2202 421 2220 s.
438 2197 570 2220 Doctores
588 2202 618 2220 ex
643 2197 674 2221 iis
692 2196 859 2227 philosophis
876 2195 920 2225 qui
934 2196 989 2218 etc.
1012 2195 1079 2218 Sunt
1095 2194 1192 2218 Stoici.
1205 2205 1232 2209 —-
1245 2198 1266 2216 e.
1280 2192 1334 2217 Sub
1350 2194 1459 2218 Nerone

136 2232 254 2262 quaestor
271 2232 396 2256 Achaiam
408 2232 653 2256 administraverat.
669 2234 706 2257 De
721 2234 791 2257 Paeto
806 2235 879 2257 Arm.
892 2230 963 2257 xvi.
976 2234 1011 2253 28.

165 2267 211 2290 vt.
230 2272 250 2289 i.
269 2267 342 2291 vlam
357 2268 431 2294 dixit,
446 2269 515 2296 apuu
532 2268 685 2293 Attien.X1.
700 2274 726 2298 p.
740 2273 791 2292 εον.
807 2269 826 2292 D
838 2274 844 2291 :
858 2262 1014 2302 Ἔσχατον
1033 2259 1085 2291 τὸν
1110 2263 1163 2297 τῆς
1182 2259 1271 2297 δόξης
1290 2261 1408 2300 χιτῶνα
1426 2258 1456 2289 ἐν

134 2299 179 2337 τῷ
197 2297 315 2337 θανάτῳ
333 2298 416 2338 αὐτῷ
428 2298 664 2339 ἀποδυόμεθα.-
679 2309 701 2328 2.
719 2304 867 2333 Apolloniae
878 2301 1105 2326 comederas—³.
1121 2302 1194 2324 Αηη.
1207 2301 1274 2328 XVI,
1288 2305 1326 2328 22,
1341 2304 1378 2323 28.
1391 2311 1422 2317 —
1433 2303 1456 2324 ι-

134 2338 278 2362 Hominum
293 2339 337 2366 qui
352 2345 381 2361 ca
401 2340 456 2368 ipsa
470 2340 604 2364 sententia
616 2340 656 2364 rei
668 2339 734 2364 facti
751 2341 851 2367 essent,
865 2339 945 2368 Eprio
961 2336 1023 2361 olim
1036 2336 1200 2366 adstipulati.

163 2373 218 2396 Vll.
240 2378 257 2396 ι.
271 2373 384 2398 Sentius
401 2374 527 2404 ignotus;
542 2375 575 2400 de
588 2375 638 2400 illis
651 2376 727 2401 Arm.
741 2376 809 2406 XVI,
827 2380 853 2399 ει
869 2376 994 2404 sqq.-2.
1008 2371 1084 2397 Cont.
1099 2371 1133 2396 de
1149 2375 1213 2396 voc.
1230 2369 1456 2396 instrumentum

132 2407 250 2433 similem
262 2408 353 2433 locum
365 2410 384 2438 1,
400 2414 438 2433 22.
