1539 2668
146 191 208 222 260
526 192 658 221 TACl'rl
680 193 893 222 ANNALIUM
915 193 988 222 Lm.
1013 192 1095 221 xvi.

144 266 318 297 stinatum
348 265 410 306 ait,
433 265 493 298 sed
518 274 584 297 non
613 268 817 306 permittere
831 267 1025 307 percussori
1050 266 1200 306 qloriam
1224 266 1418 299 ministerii.
1436 269 1470 301 at

145 312 308 352 centurio,
326 313 475 354 quamvis
488 313 661 350 inermem,
680 314 894 353 praevalidum
908 315 1016 346 tamen
1031 316 1062 344 et
1080 313 1136 344 irae
1159 322 1256 353 quam
1275 313 1382 345 timori
1397 323 1469 355 pro·

144 360 266 400 piorem
283 369 433 401 cernens,
452 360 551 401 premi
575 370 593 391 a
610 360 765 392 militibus
778 361 881 401 jubet.
906 370 965 392 nee
993 360 1101 391 omisit
1117 360 1242 392 Silanus
1256 360 1357 392 obniti
1374 364 1406 393 et
1424 361 1471 393 in·

142 407 275 439 tendere
289 408 372 439 ictus
384 432 393 447 ,
412 409 569 448 quantum
584 407 735 439 manibus
752 408 849 440 nudis
869 408 1019 448 valebat,
1041 410 1144 439 donec
1160 417 1178 439 a
1195 408 1380 440 centurione
1397 408 1470 440 vul·

142 454 274 485 neribus
288 455 434 486 adversis
447 456 601 494 tanquam
618 454 650 485 in
667 464 772 495 pugna
789 455 928 487 caderet.

183 504 220 532 X.
245 502 335 533 Haud
366 502 471 533 minus
486 503 634 542 prompte
653 506 687 534 L.
707 505 804 534 Vetus
825 503 831 520 ¹
859 511 1036 544 socrusque
1059 503 1129 543 ejus
1153 503 1260 534 Sextia
1277 504 1310 534 et
1331 503 1470 534 Pollutia

141 546 206 579 filia
220 558 330 580 necem
348 549 493 589 subiere,
523 549 620 580 invisi
644 549 804 590 Principi,
829 552 979 590 tanquam
1001 549 1142 581 vivendo
1168 550 1400 590 exprobrarent
1421 551 1469 582 in·

142 596 311 627 terfectum
328 604 396 627 esse
409 596 589 628 Rubellium
603 596 750 628 Plautum
764 606 916 636 generum
934 597 1021 628 Lucii
1034 597 1169 628 Veteris.
1189 597 1244 628 sed
1270 598 1398 628 initium
1416 596 1468 628 de·

141 643 283 682 tegendae
306 643 442 674 saevitiae
459 643 597 684 praebuit
612 644 799 675 interversis
811 643 821 661 ²
836 645 961 684 patroni
979 643 1074 675 rebus
1088 644 1126 674 ad
1140 644 1354 675 accusandum
1370 646 1469 675 trans-

145 689 294 728 grediens
311 693 507 722 Fortunatus
521 691 674 730 libertus,
698 692 797 723 ascito
816 691 949 722 Claudio
971 691 1145 729 Demiano,
1162 700 1258 731 quem
1284 691 1325 722 ob
1351 692 1469 731 flagitia

139 736 285 767 vinctum
301 746 317 768 a
330 741 444 769 Vetere
460 738 542 770 Asiae
559 739 747 778 proconsule
762 738 898 769 exsolvit
915 742 996 770 Nero
1009 737 1041 768 in
1059 738 1228 777 praemium
1242 739 1466 771 accusationis,

139 783 225 823 quod
245 783 298 814 ubi
315 785 479 824 cognitum
495 794 550 816 reo
563 810 572 824 ,
589 794 686 825 seque
703 788 734 816 et
752 785 902 816 libertum
920 784 988 825 pari
1003 786 1089 816 sorte
1105 785 1266 825 componi,
1283 785 1468 817 Formianos

138 830 170 860 in
185 839 277 869 agros
293 831 490 870 degreditur.
510 832 577 863 illic
590 841 663 863 eum
680 832 796 864 milites
812 832 938 863 occulta
956 831 1104 863 custodia
1121 831 1333 864 circumdant.
1351 832 1469 864 Aderat

136 877 200 908 filia
213 903 221 918 ‚
246 886 342 918 super
358 879 509 918 ingruens
529 879 707 919 periculum
729 879 822 919 longo
847 879 957 910 dolore
982 882 1075 909 atrox
1089 903 1097 918 ‚
1122 888 1160 910 ex
1180 889 1244 919 quo
1262 887 1466 919 percussores

138 925 241 956 Plauti
260 926 367 956 mariti
385 925 435 956 sui
454 926 578 957 viderat
594 936 601 957 :
617 928 847 966 cruentamque
875 926 1034 957 cervicem
1062 926 1131 965 ejus
1149 927 1295 966 amplexa
1317 927 1467 960 servabat

136 972 324 1010 sanguinem
355 974 387 1004 et
409 974 514 1004 vestes
538 981 717 1013 respersas,
739 973 836 1004 vidua
859 973 998 1013 implexa
1014 973 1100 1004 luctu
1118 974 1293 1012 continuo,
1311 983 1369 1005 nec
1392 975 1466 1007 ullis

135 1017 296 1051 alimentis
317 1020 377 1051 nisi
395 1029 467 1060 quae
484 1022 621 1051 mortem
640 1022 795 1051 arcerent.
823 1023 891 1051 tum
906 1021 1055 1051 hortante
1071 1022 1161 1060 patre
1178 1025 1203 1052 N
1208 1021 1331 1060 capolin
1349 1023 1464 1061 pergit.

136 1066 167 1095 et
184 1066 259 1105 quia
277 1067 363 1097 aditu
382 1067 514 1098 Neronis
531 1066 773 1106 prohibebatur,
791 1076 936 1106 egressus
953 1067 1102 1098 obsidens
1116 1092 1124 1106 ,
1145 1067 1282 1098 audiret
1301 1069 1466 1102 insontem

138 1119 221 1145 neve
235 1115 435 1145 consulatus
448 1115 501 1145 sui
518 1123 543 1154 qr
558 1113 692 1145 rendam
710 1114 877 1154 eollequm
894 1113 1033 1145 (lederet
1047 1114 1167 1145 liberto
1178 1138 1187 1153 ‚
1209 1114 1305 1144 modo
1318 1115 1467 1149 muliebri

134 1160 254 1199 ejulatu
267 1185 275 1199 ,
289 1161 462 1201 aliqnando
477 1169 592 1191 sexum
605 1169 727 1200 egressa
744 1169 823 1191 voce
840 1160 962 1191 insensa
975 1160 1178 1201 clamitabat,
1196 1160 1299 1192 donec
1312 1162 1465 1205 Princeps

133 1207 333 1238 immobilem
350 1216 382 1238 se
400 1207 549 1247 precibus
567 1209 598 1239 ct
618 1207 750 1238 invidiae
764 1207 878 1246 Juxta³
897 1207 1047 1239 ostendit.

174 1258 225 1287 XI.
244 1259 322 1294 Ergo
342 1255 467 1286 nuntiat
482 1255 563 1295 patri
579 1254 726 1295 abjicere
745 1263 839 1295 spem
861 1258 894 1287 et
907 1257 960 1287 uti
977 1257 1191 1287 necessitate.
1210 1255 1308 1287 simul
1325 1256 1462 1288 affertur

130 1305 256 1343 parari
274 1304 497 1342 coercitionem
512 1304 654 1334 senatus
671 1304 704 1334 et
722 1304 854 1334 trucem¹
867 1304 1085 1335 sententiam.
1103 1312 1162 1334 nec
1176 1303 1306 1335 defuere
1320 1304 1375 1345 qui
1391 1313 1463 1336 mo-

131 1352 243 1382 nerent
258 1359 383 1389 mamm
402 1358 445 1380 ex
464 1352 569 1390 parce
587 1349 746 1382 heredem
766 1352 937 1382 Ccesarem
951 1359 1157 1390 nuncupare
1171 1353 1276 1391 alque
1296 1353 1346 1383 ila
1364 1360 1461 1392 nepo-

131 1398 222 1430 tibus
242 1397 282 1428 de
300 1396 433 1436 reliquo
450 1398 635 1429 consulere.
654 1398 741 1437 quod
759 1401 968 1438 aspernatus,
994 1406 1034 1429 ne
1049 1397 1150 1429 vitam
1170 1398 1317 1438 proxime
1334 1399 1461 1430 liberta·

129 1445 213 1476 tem‘
239 1446 343 1475 actam
361 1444 538 1475 novissimo
557 1445 689 1476 servitio
704 1444 857 1484 foedaret,
874 1445 1005 1485 largitur
1018 1445 1050 1476 in
1067 1453 1175 1476 servos
1187 1447 1341 1485 quantum
1352 1445 1462 1479 aderat

126 1492 291 1533 pecuniae3
303 1492 335 1522 et
348 1492 376 1521 si
391 1499 458 1531 qua
472 1494 646 1531 asportari
656 1494 813 1532 possent,
829 1492 891 1523 sibi
907 1501 1072 1533 quemque
1085 1491 1262 1531 deducere,
1281 1494 1348 1524 tres
1361 1492 1461 1525 modo

126 1538 273 1572 lectulos
288 1537 334 1570 ad
349 1546 511 1578 suprema
523 1540 666 1570 retineri
681 1539 783 1578 jubet.
800 1542 878 1570 tunc
891 1539 1004 1571 eodem
1022 1539 1053 1570 in
1066 1539 1228 1579 cubiculo,
1247 1540 1358 1571 eodem
1377 1540 1460 1571 ferro

126 1585 324 1617 abscindunt
344 1594 459 1626 venas,
477 1586 670 1627 properique
693 1588 725 1618 et
745 1586 876 1626 singulis
893 1586 1035 1618 vestibus
1056 1586 1097 1618 ad
1120 1587 1345 1618 verecundiam
1362 1587 1460 1619 velati

129 1631 251 1663 balneis
266 1633 461 1672 inseruntur,
490 1636 580 1673 pater
603 1633 718 1667 filiam,
739 1633 811 1664 avia
836 1635 984 1673 neptem,
1002 1633 1054 1664 illa
1077 1635 1229 1673 utrosque
1255 1634 1401 1673 intuens,
1428 1637 1460 1666 et

128 1679 275 1712 certatim
292 1682 458 1719 precantes
470 1680 600 1711 labenti
615 1681 741 1711 animae
758 1680 901 1711 celerem
916 1681 1061 1718 emitum,
1077 1682 1118 1711 ut
1133 1680 1367 1720 relinquerent
1380 1689 1458 1713 suos

127 1728 330 1766 superslites
344 1728 376 1757 et
392 1728 588 1758 morituros.
607 1727 813 1767 servavitque
829 1727 976 1758 ordinem
993 1727 1141 1766 fortuna;
1157 1735 1194 1758 ac
1209 1727 1315 1758 senior
1330 1727 1340 1745 ²
1356 1729 1459 1768 prius,

127 1776 198 1805 tum
212 1773 264 1804 cui
283 1772 399 1813 prima⁵
418 1775 508 1812 aetas,
524 1774 787 1813 exstinguuntur.
805 1775 946 1806 accusati
964 1777 1036 1814 post
1054 1774 1265 1814 sepulturam,
1280 1774 1459 1807 decretum·

126 1828 189 1859 que
206 1822 247 1851 ut
269 1828 363 1851 vmore
390 1820 563 1859 majorum
584 1823 811 1860 punirentur.
836 1823 868 1852 et
888 1825 970 1853 Nero
990 1821 1191 1861 intercessit,
1219 1823 1362 1853 mortem
1384 1824 1457 1855 sine

126 1866 260 1898 arbitro
278 1866 287 1884 ⁶
308 1867 508 1907 permittens.
527 1875 564 1898 ea
580 1867 722 1899 caedibus
739 1867 877 1908 peractis
894 1867 1031 1899 ludibria
1045 1867 1288 1908 adjiciebantur.

168 1917 239 1945 XII.
266 1918 300 1945 P.
318 1914 424 1945 Gallus
438 1922 535 1954 eques
548 1917 730 1954 Romanus,
752 1914 838 1955 quod
856 1915 953 1946 Fenio
969 1915 1052 1946 Rufo
1077 1915 1209 1947 intimus
1229 1917 1260 1947 et
1272 1915 1377 1947 veteri
1390 1924 1455 1947 non

127 1961 249 1992 alienus
270 1961 372 1992 suerat
386 1985 394 2000 ‚
413 1969 497 2001 aqua
510 1963 611 2001 atque
630 1961 696 2001 igni
718 1961 900 2002 prohibitus
917 1964 975 1994 est.
999 1962 1113 1994 liberto
1127 1966 1158 1994 et
1177 1963 1354 1994 accusatori
1374 1971 1453 2003 prae-

125 2007 227 2039 mium
253 2008 370 2048 operael
388 2016 466 2039 ocus
482 2008 515 2039 in
537 2008 662 2040 theatro
689 2009 771 2040 inter
790 2010 930 2041 viatores
957 2009 1169 2041 tribunicios¹
1191 2009 1296 2041 datur.
1310 2011 1347 2041 Et
1362 2017 1451 2040 men-

124 2054 167 2085 sis
179 2078 187 2093 ,
213 2055 268 2095 qui
295 2055 434 2095 Aprilem
461 2055 666 2096 eundemque
700 2060 883 2088 Neroneum
912 2056 1106 2096 sequebatur
1122 2080 1131 2096 ,
1158 2057 1260 2087 Maius
1291 2055 1451 2095 Claudii,

124 2101 242 2132 Junius
270 2103 465 2134 Germanici
504 2102 672 2135 vocabulis
706 2105 875 2136 mutantur
889 2102 915 2144 ²,
941 2103 1135 2135 testificante
1159 2103 1303 2134 Cornelio
1331 2102 1452 2143 Oriito,

151 2194 185 2218 Χ.
205 2199 226 2218 ι.
243 2195 269 2218 L.
297 2194 429 2218 Antistius
442 2195 534 2225 Vetus,
547 2196 642 2220 consul
661 2196 725 2220 anni
746 2196 885 2226 808(X111,
905 2195 950 2225 Η),
972 2201 1053 2220 socer
1075 2195 1188 2220 Rubellii
1206 2195 1291 2220 Plauti
1310 2195 1387 2224 (XIV,
1402 2195 1451 2224 58),

125 2229 204 2258 culus
221 2235 288 2253 uxor
303 2230 418 2253 Antistia
432 2230 531 2254 dicitnr
542 2231 609 2260 xlv,
624 2236 662 2260 22,
676 2237 735 2261 qua>
752 2231 874 2256 hocloco
887 2231 1020 2255 Pollutia:
1038 2231 1108 2254 haud
1121 2230 1201 2254 dubie
1214 2232 1330 2260 utroque
1341 2230 1449 2254 nomine

121 2265 246 2289 crab—2.
259 2264 364 2288 Fraude
377 2265 602 2296 interceptis—5.
615 2267 727 2291 Perinde
742 2266 905 2291 immobilem
919 2266 1048 2290 adversus
1059 2272 1154 2295 preces
1173 2267 1253 2295 atquc
1268 2266 1393 2289 invidiam
1405 2265 1450 2290 vel

123 2300 216 2325 odium
229 2299 300 2329 quod
316 2299 430 2323 Pollutia
444 2301 468 2324 ei
481 2301 647 2326 concitabat.

152 2335 201 2359 XI·
226 2340 246 2359 ι.
260 2335 336 2360 Conf.
351 2336 444 2359 notam
464 2337 498 2360 ad
512 2337 569 2366 XV,
585 2342 625 2360 ιε.
635 2342 695 2361 —2.
715 2337 804 2362 Sextia
817 2343 921 2361 socrus.
932 2350 961 2356 -
971 2342 993 2360 s.
1008 2336 1131 2361 Proxima
1147 2337 1210 2366 post
1228 2336 1371 2360 seniorem.
1386 2340 1446 2359 -4.

121 2371 254 2397 Liberam.
268 2378 328 2402 quae
339 2378 393 2396 non
404 2374 629 2402 praescriberetur
642 2375 675 2399 ab
688 2375 791 2399 arbitro
808 2381 866 2399 cam
881 2375 1027 2405 deligente.

152 2408 211 2432 Xll.
227 2414 249 2432 ι.
266 2408 393 2432 Tribunis
406 2409 526 2433 viatores
537 2411 616 2433 erant
629 2411 674 2440 qui
694 2411 804 2435 lictores
823 2410 986 2435 consulibus.
1006 2410 1070 2433 Erat
1092 2411 1182 2433 autem
1206 2409 1321 2433 tribunis
1340 2408 1445 2433 subsel-

121 2443 187 2470 lium
204 2444 370 2475 praecipuum
387 2445 415 2470 et
428 2444 586 2469 distinctum
596 2446 625 2470 in
638 2446 758 2471 theatro.
784 2451 812 2470 -2.
834 2447 901 2472 Nam
915 2446 1024 2476 plenum
1041 2451 1140 2470 nomen
1161 2445 1276 2470 Neronis
1285 2446 1344 2470 crat
1365 2445 1446 2471 Nero
