1539 2668
501 179 537 209 A.
562 180 600 209 U.
624 180 658 209 C.
685 180 756 210 823.
792 182 828 210 A.
852 181 889 212 C.
914 182 968 211 70.
1337 188 1398 220 403

76 267 91 282 n
110 253 175 285 nici
192 253 353 285 exercitus
372 252 535 291 legiones,
553 251 732 284 foederibus
746 253 919 285 Galliarum
939 252 1123 285 obstrictas.
1148 255 1246 295 idque
1270 257 1375 297 ipsum
1390 284 1398 295 ,

77 314 91 327 «ι
110 301 196 341 quod
213 299 410 331 inconditam
428 308 530 339 nuper
546 300 709 331 Valentini
725 309 858 331 manum
880 305 995 331 contra
1015 309 1105 340 spem
1126 310 1220 333 suam
1240 305 1397 341 fuderint,

77 361 91 374 ιι
110 347 301 378 alimentum
317 346 378 377 illis
391 346 532 386 ducique
546 347 752 379 temeritatis.
768 356 904 379 ausuros
920 356 1031 379 rursus
1048 351 1268 389 venturosque.
1284 351 1314 381 in
1336 362 1396 382 uia-

77 408 92 421 «
111 404 171 426 nus
184 419 192 433 ‚
207 404 271 425 non
292 393 432 433 imperiti
450 393 687 425 adulescentuli
704 418 711 431 ‚
730 395 829 426 verba
851 397 884 426 et
915 394 1087 426 conciones
1108 405 1205 435 quam
1231 398 1351 428 ferrum
1369 403 1400 430 ct

37 484 41 486 ‘
77 455 92 468 α
112 451 202 472 arma
218 441 418 479 meditantis,
435 440 490 471 sed
503 441 614 472 Civilis
631 444 663 472 et
676 442 808 473 Classici
823 454 830 481 ;
846 451 927 482 quos
944 441 999 472 ubi
1015 443 1208 482 aspexerilit,
1224 445 1399 476 redituram

77 489 142 520 «in
171 489 294 520 animos
317 488 541 527 formidinem,
564 489 671 528 fugam
702 490 886 529 famemque
903 498 940 520 acv
967 489 1066 520 toties
1094 491 1198 530 captis
1224 493 1400 531 precariam

26 536 47 549 ‘¹
75 551 89 561 «
109 537 220 567 vitam.
240 545 344 575 neque
367 539 523 566 Treveros
548 539 605 566 aut
630 536 790 576 Lingonas
814 536 1042 567 benevolentia
1062 539 1220 569 contineri
1248 550 1255 569 ;
1282 548 1401 570 resum-

77 596 91 609 «
111 585 224 622 pturos
238 592 349 621 arma,
366 582 420 614 ubi
437 584 542 613 metus
558 583 760 614 abscesserit.
776 597 790 611 »
807 584 943 614 Diremit
959 584 1166 616 consiliorum
1180 585 1400 618 diversitatem

74 632 251 670 approbata
267 629 395 661 Tutor-Is
412 630 574 661 sententia
591 630 752 662 Classicus
766 643 774 671 ς
792 632 967 671 statimque
987 635 1219 671 exsequimtur.

116 681 263 709 LXXVII.
289 677 393 708 Media
409 676 494 707 acies
509 677 600 708 Ubus
614 678 878 718 Lingonibusque
895 679 989 716 datm
1008 677 1123 710 dextro
1141 688 1238 711 cornu
1253 681 1402 713 cohortes

75 729 292 764 Batavorum,
320 726 453 758 sinistro
484 727 637 759 Bructeri
662 727 891 766 Tencterique.
921 736 996 766 pars
1023 728 1211 768 montibus,
1236 730 1290 760 alii
1314 730 1403 760 viam

74 774 162 806 inter
179 775 413 814 Mosellamque
430 775 554 807 flumen
566 799 574 814 ,
591 777 659 806 tam
681 774 854 814 improvisi
880 775 1057 813 assiluere,
1080 777 1116 806 ut
1139 776 1173 806 in
1199 777 1350 808 cubiculo
1366 787 1403 809 ac

74 822 195 854 lectulo
212 822 344 853 Cerialis
362 822 480 862 (neque
497 823 584 853 enim
601 825 730 853 noctem
748 822 780 852 in
796 822 916 853 castris
932 823 1062 861 egerat)
1077 824 1213 862 pugnari
1229 825 1323 855 simul
1338 823 1404 854 vin-

75 870 172 909 cique
194 879 270 901 suos
295 870 458 908 audierit,
483 870 656 909 increpans
674 877 832 909 pavorem
851 869 1099 909 nuntiantium,
1129 871 1233 901 donoc
1253 871 1405 904 universa

75 915 183 948 clades
208 917 240 947 in
269 916 376 947 oculis
399 917 480 955 suit,
500 919 661 958 perrupta
681 916 848 955 legionum
866 918 994 954 castra,
1023 917 1085 947 susi
1109 919 1254 957 equites‚
1277 919 1404 952 medius

75 964 219 995 Mosellae
235 974 317 1004 pons
329 989 336 1003 ,
355 965 412 1004 qui
435 966 592 996 ulteriora
610 965 746 996 coloniae
764 965 911 995 annectit
924 990 932 1003 ‚
952 965 992 995 ni)
1009 965 1160 996 hostibus
1178 966 1330 999 insessns.
1349 972 1403 1000 Ce-

75 1011 166 1043 rialis
181 1012 322 1043 turbidis
339 1013 435 1043 rebus
452 1013 636 1053 intrepidus
655 1015 686 1044 ct
702 1013 860 1051 fugientes
877 1022 975 1043 runnu
996 1014 1163 1044 relrnliens
1175 1038 1183 1052 ‚
1199 1014 1320 1046 intecto
1334 1025 1405 1047 cor-

76 1067 155 1098 pore
168 1063 338 1100 promptus
354 1060 439 1092 inter
453 1061 538 1100 tela,
555 1061 641 1092 felici
655 1060 839 1092 temeritate
854 1064 886 1091 et
904 1061 1079 1091 fortissimi
1097 1063 1255 1101 cujusque
1269 1071 1403 1095 accursu

78 1111 306 1148 recuperatum
324 1110 459 1149 pontem
477 1109 583 1140 electa
602 1116 701 1138 manu
720 1108 875 1138 firmavit.
900 1117 973 1138 mox
993 1109 1024 1138 in
1044 1110 1152 1139 castra
1178 1118 1329 1141 reversus
1348 1120 1403 1150 pa-

76 1156 179 1187 lantes
207 1156 376 1194 captarum
405 1155 492 1195 apud
525 1154 704 1186 Novesium
732 1158 943 1194 Bonnamque
971 1155 1133 1193 legionum
1159 1156 1345 1195 manipulos
1373 1159 1406 1188 et

77 1212 188 1235 rarum
202 1202 288 1242 apud
304 1202 395 1241 signa
412 1203 551 1234 militem
571 1211 608 1232 ac
623 1210 722 1241 prope
738 1201 978 1232 circumventas
993 1202 1120 1242 aquilas
1134 1202 1236 1233 videt.
1256 1203 1407 1236 incensus

76 1251 142 1290 ira,
164 1263 180 1278 «ι
201 1255 273 1282 Non
291 1251 443 1281 Flaccum
457 1273 465 1287 ‚
484 1249 610 1289 inquit,
630 1257 694 1279 nou
713 1248 869 1279 Voculam
889 1249 1046 1280 deseritis.
1067 1250 1153 1281 nulla
1174 1250 1226 1281 hic
1243 1250 1405 1292 proditio;

77 1311 97 1327 «ι
113 1308 219 1338 neque
235 1299 322 1330 aliud
340 1297 564 1329 excusandum
583 1296 685 1327 habeo
713 1304 811 1335 quam
829 1297 916 1335 quod
934 1306 993 1328 vos
1019 1297 1131 1328 Gallici
1146 1297 1275 1329 foederis
1289 1298 1407 1330 oblitos

80 1357 96 1372 ε(
115 1345 239 1377 redisse
254 1346 286 1376 in
302 1345 489 1376 memoriam
504 1344 642 1375 Romani
660 1343 852 1374 sacramenti
872 1346 993 1375 temere
1011 1344 1148 1375 credidi.
1167 1345 1406 1377 annumerabor

79 1404 95 1419 «
116 1393 272 1424 Numisiis
286 1396 317 1425 et
331 1391 498 1425 Herenniis
511 1392 535 1431 ¹,
552 1393 588 1422 ut
605 1400 718 1422 omnes
734 1392 827 1431 legati
842 1391 942 1422 vestri
957 1393 1013 1422 aut
1027 1391 1170 1422 militum
1186 1392 1337 1423 manibus
1351 1395 1407 1424 ant

80 1451 97 1465 α
114 1439 257 1472 hostium
278 1440 469 1472 ceciderint.
495 1438 557 1477 ite,
576 1440 727 1471 nuntiate
749 1439 950 1479 Vespasiano
965 1439 1039 1477 vel,
1065 1439 1150 1478 quod
1176 1441 1310 1479 propius
1334 1441 1383 1471 est
1397 1466 1406 1479 ,

79 1498 95 1513 α
114 1488 208 1518 Civili
233 1491 265 1519 et
289 1488 451 1526 Classico,
473 1487 623 1518 relictum
645 1496 663 1517 a
686 1486 779 1518 vobis
797 1486 828 1516 in
847 1488 913 1517 acie
937 1486 1066 1517 ducem.
1088 1487 1219 1518 venient
1243 1487 1383 1527 legiones
1397 1513 1405 1527 ,

80 1547 96 1561 α
113 1543 187 1574 quae
201 1544 307 1576 neque
322 1545 374 1567 me
389 1535 529 1566 inultum
545 1543 649 1573 neque
666 1543 725 1565 vos
742 1535 926 1574 impunitos
944 1534 1121 1572 patiantur.
1140 1547 1154 1560 »
1349 1532 1357 1536 “

118 1585 287 1615 LXXVIII.
313 1588 396 1614 Vera
411 1584 502 1613 eraut
515 1607 523 1622 ,
544 1585 577 1614 et
591 1592 609 1613 a
624 1582 770 1613 tribunis
787 1582 1018 1622 prwl'cetisque
1035 1580 1148 1611 eadem
1164 1581 1403 1621 ingerebantur.

77 1631 261 1664 consistunt
286 1641 342 1672 per
365 1631 516 1662 cohortes
534 1631 567 1661 et
590 1630 775 1669 manipulos
802 1639 810 1646 ·
836 1638 942 1669 neque
961 1628 1049 1659 enim
1073 1631 1200 1667 poterat
1219 1631 1401 1668 patescere¹

77 1678 167 1710 acies
184 1679 289 1710 essuso
315 1680 409 1711 hoste
431 1680 464 1710 et
486 1677 740 1718 impedientibus
762 1679 915 1712 tentoriis
939 1676 1142 1715 sarcinisque
1158 1700 1166 1714 ‚
1193 1685 1294 1715 quum
1322 1677 1408 1707 intra

77 1726 202 1756 vallum
229 1730 438 1766 pugnaretur.
460 1729 562 1757 Tutor
578 1728 610 1756 et
632 1726 797 1758 Classicus
825 1730 857 1758 et
880 1726 992 1758 Civssis
1006 1749 1015 1763 ‚
1041 1724 1112 1754 suis
1140 1723 1280 1763 quisque
1302 1724 1382 1754 locis
1397 1749 1406 1763 ,

77 1781 220 1814 pugnam
237 1773 384 1813 ciebant,
398 1772 504 1804 Gallos
514 1781 582 1812 pro
597 1772 761 1804 libertate
773 1797 781 1812 ,
798 1776 937 1804 Batavos
948 1780 1016 1811 pro
1031 1771 1155 1809 olm-ia,
1171 1774 1346 1801 Germanos
1361 1770 1407 1802 ad

75 1820 239 1861 proedam
262 1821 467 1861 instigantes
483 1821 516 1851 et
544 1820 662 1850 cuncta
677 1828 736 1859 pro
750 1820 899 1851 hostibus
915 1819 1007 1850 erant
1018 1842 1026 1857 ‚
1045 1817 1147 1848 donec
1162 1817 1243 1856 legio
1260 1819 1406 1850 unaetvi-

78 1869 200 1901 cesima
214 1870 398 1910 patentiore
411 1878 511 1908 quam
529 1872 646 1899 ceterae
660 1869 767 1909 spatio
782 1866 975 1906 conglobata
992 1864 1147 1896 sustinuit
1163 1866 1293 1895 ruentes
1305 1889 1313 1903 ‚
1333 1873 1408 1896 mox

77 1916 217 1958 impulit.
234 1926 295 1949 nec
309 1917 377 1948 sine
389 1925 449 1956 ope
463 1916 575 1948 divina
588 1916 722 1947 mutatis
736 1919 867 1956 repente
882 1911 998 1945 animis
1011 1913 1101 1952 terga
1114 1912 1253 1942 victores
1267 1915 1405 1945 vertere.

78 1966 142 2006 ipsi
158 1968 291 1999 territos
309 1976 344 1999 se
361 1965 546 1998 cohortium
562 1966 698 2005 aspectu
719 1963 866 1996 serebant
878 1988 887 2003 ,
907 1971 981 2003 quae
998 1960 1104 2002 primo
1122 1960 1244 2000 impetu
1264 1959 1408 1998 disjectae

77 2016 216 2049 summis
243 2024 360 2047 rursus
383 2016 469 2056 jugis
492 2011 773 2053 congregabantur
793 2022 830 2044 ac
852 2012 993 2052 speciem
1015 2009 1091 2040 novi
1114 2008 1228 2040 auxilii
1251 2007 1406 2038 fecerant.

78 2065 134 2098 sed
149 2064 278 2096 obstitit
292 2063 503 2094 vincentibus
517 2070 657 2103 pravum
672 2062 757 2093 inter
775 2062 864 2102 ipsos
879 2060 1043 2090 certamen
1060 2057 1181 2088 omisso
1198 2055 1292 2086 hoste
1307 2054 1408 2094 spolia

77 2112 300 2145 consectandi.
321 2112 455 2144 Cerialis
478 2113 515 2142 ut
533 2111 662 2142 incuria
684 2119 786 2151 prope
805 2117 875 2140 rem
898 2107 1014 2138 afflixit
1028 2131 1036 2145 ‚
1052 2106 1100 2137 ita
1116 2103 1298 2135 constantia
1315 2104 1408 2134 resti-

77 2162 163 2201 tuit;
181 2161 378 2201 secutusque
393 2160 559 2191 fortunam
575 2160 682 2191 castra
697 2158 845 2189 hostium
863 2156 978 2188 eodem
996 2155 1048 2186 die
1062 2153 1151 2193 capit
1168 2150 1405 2190 exscinditque.

121 2213 251 2242 LXXIX.
275 2213 342 2241 Nec
367 2207 401 2238 in
428 2208 561 2250 longum
580 2209 674 2249 quies
696 2204 794 2236 militi
810 2204 897 2236 data.
919 2203 1057 2236 orabant
1075 2201 1236 2232 auxilium
1258 2197 1403 2250 Agrippi-

79 2267 214 2297 nenses,
229 2257 475 2298 offerebantque
490 2266 625 2289 uxorem
640 2265 676 2288 ac
689 2264 837 2288 sororem
851 2252 963 2285 Civilis
976 2254 1007 2284 et
1020 2251 1118 2282 liliam
1132 2246 1263 2281 Classici
1273 2270 1282 2285 ‚
1298 2244 1408 2276 relicta

110 2365 237 2390 LXXVII.
257 2371 277 2389 l.
291 2367 362 2396 Quos
380 2367 501 2396 legiones
514 2367 658 2391 vinxerant
671 2367 699 2389 et
715 2364 884 2391 occiderant!
902 2368 926 2386 c.
940 2366 978 2390 aa,
994 2366 1035 2386 m⁰

111 2401 250 2425 LXXVIII.
269 2407 291 2425 ι.
306 2402 430 2426 Extendi.
