<?xml version="1.0" encoding="UTF-8"?>
<!DOCTYPE html PUBLIC "-//W3C//DTD XHTML 1.0 Transitional//EN"
    "http://www.w3.org/TR/xhtml1/DTD/xhtml1-transitional.dtd">
<html xmlns="http://www.w3.org/1999/xhtml" xml:lang="en" lang="en">
 <head>
  <title>
</title>
<meta http-equiv="Content-Type" content="text/html;charset=utf-8" />
  <meta name='ocr-system' content='tesseract 3.04.00' />
  <meta name='ocr-capabilities' content='ocr_page ocr_carea ocr_par ocr_line ocrx_word'/>
</head>
<body>
  <div class='ocr_page' id='page_1' title='image "./operaquaesupersu00taciuoft/operaquaesupersu00taciuoft_0116.png"; bbox 0 0 1539 2668; ppageno 0'>
   <div class='ocr_carea' id='block_1_1' title="bbox 103 156 1039 189">
    <p class='ocr_par' dir='ltr' id='par_1_1' title="bbox 103 156 1039 189">
     <span class='ocr_line' id='line_1_1' title="bbox 103 156 1039 189; baseline -0.004 0"><span class='ocrx_word' id='word_1_1' title='bbox 103 159 144 189; x_wconf 76' lang='lat'>84</span> <span class='ocrx_word' id='word_1_2' title='bbox 502 158 634 187; x_wconf 81' lang='lat' dir='ltr'>TACITI</span> <span class='ocrx_word' id='word_1_3' title='bbox 657 156 865 186; x_wconf 76' lang='lat' dir='ltr'>ANNALIUM</span> <span class='ocrx_word' id='word_1_4' title='bbox 888 156 958 184; x_wconf 91' lang='lat' dir='ltr'>LIB.</span> <span class='ocrx_word' id='word_1_5' title='bbox 983 157 1039 186; x_wconf 82' lang='lat'>111.</span> 
     </span>
    </p>
   </div>
   <div class='ocr_carea' id='block_1_2' title="bbox 86 231 1424 2192">
    <p class='ocr_par' dir='ltr' id='par_1_2' title="bbox 103 231 1424 638">
     <span class='ocr_line' id='line_1_2' title="bbox 107 231 1424 273; baseline 0.002 -10"><span class='ocrx_word' id='word_1_6' title='bbox 107 247 124 260; x_wconf 78' lang='grc' dir='ltr'>«ι</span> <span class='ocrx_word' id='word_1_7' title='bbox 138 233 201 264; x_wconf 90' lang='lat' dir='ltr'>lere</span> <span class='ocrx_word' id='word_1_8' title='bbox 217 257 225 272; x_wconf 93' lang='lat'>,</span> <span class='ocrx_word' id='word_1_9' title='bbox 239 241 344 273; x_wconf 84' lang='lat' dir='ltr'>neque</span> <span class='ocrx_word' id='word_1_10' title='bbox 359 232 508 273; x_wconf 84' lang='lat' dir='ltr'>proloqui</span> <span class='ocrx_word' id='word_1_11' title='bbox 526 231 712 272; x_wconf 81' lang='lat' dir='ltr'>expeditum</span> <span class='ocrx_word' id='word_1_12' title='bbox 728 255 736 270; x_wconf 92' lang='lat'>,</span> <span class='ocrx_word' id='word_1_13' title='bbox 754 231 829 271; x_wconf 88' lang='lat' dir='ltr'>quia</span> <span class='ocrx_word' id='word_1_14' title='bbox 845 240 909 263; x_wconf 90' lang='lat' dir='ltr'>non</span> <span class='ocrx_word' id='word_1_15' title='bbox 926 232 1028 263; x_wconf 84' lang='lat' dir='ltr'>aedilis</span> <span class='ocrx_word' id='word_1_16' title='bbox 1045 234 1100 262; x_wconf 85' lang='lat' dir='ltr'>aut</span> <span class='ocrx_word' id='word_1_17' title='bbox 1114 232 1262 272; x_wconf 80' lang='lat' dir='ltr'>praetoris</span> <span class='ocrx_word' id='word_1_18' title='bbox 1275 236 1330 264; x_wconf 86' lang='lat' dir='ltr'>aut</span> <span class='ocrx_word' id='word_1_19' title='bbox 1349 243 1424 266; x_wconf 90' lang='lat' dir='ltr'>con-</span> 
     </span>
     <span class='ocr_line' id='line_1_3' title="bbox 107 277 1419 321; baseline 0.002 -12"><span class='ocrx_word' id='word_1_20' title='bbox 107 292 123 305; x_wconf 69' lang='grc' dir='ltr'>ι(</span> <span class='ocrx_word' id='word_1_21' title='bbox 138 279 217 311; x_wconf 83' lang='lat' dir='ltr'>sutis</span> <span class='ocrx_word' id='word_1_22' title='bbox 231 282 336 320; x_wconf 81' lang='lat' dir='ltr'>partes</span> <span class='ocrx_word' id='word_1_23' title='bbox 351 280 505 311; x_wconf 80' lang='lat' dir='ltr'>sustineo.</span> <span class='ocrx_word' id='word_1_24' title='bbox 525 278 628 317; x_wconf 81' lang='lat' dir='ltr'>majus</span> <span class='ocrx_word' id='word_1_25' title='bbox 645 277 765 317; x_wconf 84' lang='lat' dir='ltr'>aliquid</span> <span class='ocrx_word' id='word_1_26' title='bbox 782 280 814 309; x_wconf 85' lang='lat' dir='ltr'>et</span> <span class='ocrx_word' id='word_1_27' title='bbox 838 279 995 310; x_wconf 82' lang='lat' dir='ltr'>excelsius</span> <span class='ocrx_word' id='word_1_28' title='bbox 1015 288 1032 309; x_wconf 86' lang='lat' dir='ltr'>a</span> <span class='ocrx_word' id='word_1_29' title='bbox 1048 279 1191 318; x_wconf 84' lang='lat' dir='ltr'>Principe</span> <span class='ocrx_word' id='word_1_30' title='bbox 1214 279 1419 321; x_wconf 82' lang='lat' dir='ltr'>postulatur;</span> 
     </span>
     <span class='ocr_line' id='line_1_4' title="bbox 106 325 1424 366; baseline 0 -8"><span class='ocrx_word' id='word_1_31' title='bbox 106 339 122 352; x_wconf 66' lang='grc' dir='ltr'>«ι</span> <span class='ocrx_word' id='word_1_32' title='bbox 138 329 171 357; x_wconf 80' lang='lat' dir='ltr'>et</span> <span class='ocrx_word' id='word_1_33' title='bbox 186 336 287 366; x_wconf 85' lang='lat' dir='ltr'>quum</span> <span class='ocrx_word' id='word_1_34' title='bbox 302 329 386 358; x_wconf 86' lang='lat' dir='ltr'>recte</span> <span class='ocrx_word' id='word_1_35' title='bbox 400 326 558 357; x_wconf 77' lang='lat' dir='ltr'>sactorum</span> <span class='ocrx_word' id='word_1_36' title='bbox 577 325 638 356; x_wconf 88' lang='lat' dir='ltr'>sibi</span> <span class='ocrx_word' id='word_1_37' title='bbox 651 325 787 364; x_wconf 87' lang='lat' dir='ltr'>quisque</span> <span class='ocrx_word' id='word_1_38' title='bbox 800 326 932 365; x_wconf 78' lang='lat' dir='ltr'><strong>gratiam</strong></span> <span class='ocrx_word' id='word_1_39' title='bbox 955 326 1083 356; x_wconf 85' lang='lat' dir='ltr'>trabant</span> <span class='ocrx_word' id='word_1_40' title='bbox 1095 349 1104 364; x_wconf 87' lang='lat'>,</span> <span class='ocrx_word' id='word_1_41' title='bbox 1129 326 1223 356; x_wconf 90' lang='lat' dir='ltr'>unius</span> <span class='ocrx_word' id='word_1_42' title='bbox 1239 325 1359 357; x_wconf 76' lang='lat' dir='ltr'>invidia</span> <span class='ocrx_word' id='word_1_43' title='bbox 1381 327 1424 358; x_wconf 87' lang='lat' dir='ltr'>ab</span> 
     </span>
     <span class='ocr_line' id='line_1_5' title="bbox 107 372 1421 413; baseline 0 -9"><span class='ocrx_word' id='word_1_44' title='bbox 107 386 123 399; x_wconf 72' lang='lat' dir='ltr'>et</span> <span class='ocrx_word' id='word_1_45' title='bbox 138 374 290 405; x_wconf 90' lang='lat' dir='ltr'>omnibus</span> <span class='ocrx_word' id='word_1_46' title='bbox 307 375 468 413; x_wconf 84' lang='lat' dir='ltr'>peccatur.</span> <span class='ocrx_word' id='word_1_47' title='bbox 486 373 569 412; x_wconf 82' lang='lat' dir='ltr'>Quid</span> <span class='ocrx_word' id='word_1_48' title='bbox 588 372 673 403; x_wconf 91' lang='lat' dir='ltr'>enim</span> <span class='ocrx_word' id='word_1_49' title='bbox 688 372 827 412; x_wconf 90' lang='lat' dir='ltr'>primum</span> <span class='ocrx_word' id='word_1_50' title='bbox 841 373 1009 412; x_wconf 83' lang='lat' dir='ltr'>prohibere</span> <span class='ocrx_word' id='word_1_51' title='bbox 1032 375 1063 404; x_wconf 86' lang='lat' dir='ltr'>et</span> <span class='ocrx_word' id='word_1_52' title='bbox 1076 373 1219 413; x_wconf 88' lang='lat' dir='ltr'>priscum</span> <span class='ocrx_word' id='word_1_53' title='bbox 1242 372 1282 403; x_wconf 87' lang='lat' dir='ltr'>ad</span> <span class='ocrx_word' id='word_1_54' title='bbox 1298 381 1421 404; x_wconf 88' lang='lat' dir='ltr'>morem</span> 
     </span>
     <span class='ocr_line' id='line_1_6' title="bbox 105 419 1420 460; baseline 0.001 -10"><span class='ocrx_word' id='word_1_55' title='bbox 105 431 122 445; x_wconf 89' lang='lat'>«</span> <span class='ocrx_word' id='word_1_56' title='bbox 138 420 280 452; x_wconf 76' lang='lat' dir='ltr'>recidere</span> <span class='ocrx_word' id='word_1_57' title='bbox 295 421 305 438; x_wconf 74' lang='lat'><strong>³</strong></span> <span class='ocrx_word' id='word_1_58' title='bbox 325 420 512 460; x_wconf 80' lang='lat' dir='ltr'>aggrediar?</span> <span class='ocrx_word' id='word_1_59' title='bbox 529 419 720 450; x_wconf 80' lang='lat' dir='ltr'>villarumne</span> <span class='ocrx_word' id='word_1_60' title='bbox 734 419 858 451; x_wconf 80' lang='lat' dir='ltr'>infinita</span> <span class='ocrx_word' id='word_1_61' title='bbox 870 421 974 459; x_wconf 84' lang='lat' dir='ltr'>spatia</span> <span class='ocrx_word' id='word_1_62' title='bbox 989 423 1001 451; x_wconf 71' lang='grc' dir='ltr'><em>Ρ</em></span> <span class='ocrx_word' id='word_1_63' title='bbox 1014 420 1206 451; x_wconf 77' lang='lat' dir='ltr'>familiarum</span> <span class='ocrx_word' id='word_1_64' title='bbox 1221 419 1232 437; x_wconf 78' lang='lat'><strong><em>⁴</em></strong></span> <span class='ocrx_word' id='word_1_65' title='bbox 1249 428 1420 452; x_wconf 87' lang='lat' dir='ltr'>numerum</span> 
     </span>
     <span class='ocr_line' id='line_1_7' title="bbox 105 466 1424 506; baseline 0.001 -8"><span class='ocrx_word' id='word_1_66' title='bbox 105 477 121 491; x_wconf 66' lang='grc' dir='ltr'>α</span> <span class='ocrx_word' id='word_1_67' title='bbox 136 468 168 498; x_wconf 87' lang='lat' dir='ltr'>et</span> <span class='ocrx_word' id='word_1_68' title='bbox 184 469 355 498; x_wconf 81' lang='lat' dir='ltr'>nationes?</span> <span class='ocrx_word' id='word_1_69' title='bbox 385 467 506 506; x_wconf 80' lang='lat' dir='ltr'>argenti</span> <span class='ocrx_word' id='word_1_70' title='bbox 531 469 563 497; x_wconf 80' lang='lat' dir='ltr'>ct</span> <span class='ocrx_word' id='word_1_71' title='bbox 579 466 646 497; x_wconf 85' lang='lat' dir='ltr'>auri</span> <span class='ocrx_word' id='word_1_72' title='bbox 673 466 824 506; x_wconf 84' lang='lat' dir='ltr'>pondus?</span> <span class='ocrx_word' id='word_1_73' title='bbox 851 467 924 497; x_wconf 79' lang='lat' dir='ltr'>aeris</span> <span class='ocrx_word' id='word_1_74' title='bbox 938 467 948 484; x_wconf 75' lang='lat'><strong>⁵</strong></span> <span class='ocrx_word' id='word_1_75' title='bbox 976 467 1223 506; x_wconf 84' lang='lat' dir='ltr'>tabularumque</span> <span class='ocrx_word' id='word_1_76' title='bbox 1243 466 1424 499; x_wconf 76' lang='lat' dir='ltr'>miracula?</span> 
     </span>
     <span class='ocr_line' id='line_1_8' title="bbox 104 513 1420 554; baseline 0 -10"><span class='ocrx_word' id='word_1_77' title='bbox 104 524 121 539; x_wconf 83' lang='lat'>«</span> <span class='ocrx_word' id='word_1_78' title='bbox 136 515 337 552; x_wconf 84' lang='lat' dir='ltr'>promiscuas</span> <span class='ocrx_word' id='word_1_79' title='bbox 350 514 430 545; x_wconf 86' lang='lat' dir='ltr'>viris</span> <span class='ocrx_word' id='word_1_80' title='bbox 444 515 475 544; x_wconf 87' lang='lat' dir='ltr'>et</span> <span class='ocrx_word' id='word_1_81' title='bbox 491 513 617 544; x_wconf 86' lang='lat' dir='ltr'>seminis</span> <span class='ocrx_word' id='word_1_82' title='bbox 633 513 781 544; x_wconf 59' lang='lat' dir='ltr'>vestesss?</span> <span class='ocrx_word' id='word_1_83' title='bbox 798 514 895 554; x_wconf 88' lang='lat' dir='ltr'>atque</span> <span class='ocrx_word' id='word_1_84' title='bbox 910 514 963 544; x_wconf 85' lang='lat' dir='ltr'>illa</span> <span class='ocrx_word' id='word_1_85' title='bbox 977 514 1166 544; x_wconf 79' lang='lat' dir='ltr'>feminarum</span> <span class='ocrx_word' id='word_1_86' title='bbox 1188 514 1325 553; x_wconf 83' lang='lat' dir='ltr'>propria,</span> <span class='ocrx_word' id='word_1_87' title='bbox 1348 515 1420 553; x_wconf 81' lang='lat' dir='ltr'>quis</span> 
     </span>
     <span class='ocr_line' id='line_1_9' title="bbox 103 559 1422 600; baseline 0.002 -10"><span class='ocrx_word' id='word_1_88' title='bbox 103 572 120 586; x_wconf 69' lang='grc' dir='ltr'><strong>α</strong></span> <span class='ocrx_word' id='word_1_89' title='bbox 135 559 279 600; x_wconf 83' lang='lat' dir='ltr'>lapidum</span> <span class='ocrx_word' id='word_1_90' title='bbox 296 570 393 592; x_wconf 85' lang='lat' dir='ltr'>causa</span> <span class='ocrx_word' id='word_1_91' title='bbox 407 560 552 600; x_wconf 78' lang='lat' dir='ltr'>pecuniae</span> <span class='ocrx_word' id='word_1_92' title='bbox 567 561 684 591; x_wconf 83' lang='lat' dir='ltr'>nostrae</span> <span class='ocrx_word' id='word_1_93' title='bbox 699 561 739 591; x_wconf 85' lang='lat' dir='ltr'>ad</span> <span class='ocrx_word' id='word_1_94' title='bbox 755 563 901 592; x_wconf 78' lang='lat' dir='ltr'>externas</span> <span class='ocrx_word' id='word_1_95' title='bbox 922 563 979 592; x_wconf 79' lang='lat' dir='ltr'>aut</span> <span class='ocrx_word' id='word_1_96' title='bbox 1001 561 1133 592; x_wconf 78' lang='lat' dir='ltr'>hostiles</span> <span class='ocrx_word' id='word_1_97' title='bbox 1154 562 1264 600; x_wconf 75' lang='lat' dir='ltr'>gentes</span> <span class='ocrx_word' id='word_1_98' title='bbox 1284 561 1422 592; x_wconf 80' lang='lat' dir='ltr'>transfe-</span> 
     </span>
     <span class='ocr_line' id='line_1_10' title="bbox 103 610 270 638; baseline 0.012 -2"><span class='ocrx_word' id='word_1_99' title='bbox 103 618 119 633; x_wconf 84' lang='lat'>«</span> <span class='ocrx_word' id='word_1_100' title='bbox 133 610 270 638; x_wconf 74' lang='lat' dir='ltr'>runtur?</span> 
     </span>
    </p>

    <p class='ocr_par' dir='ltr' id='par_1_3' title="bbox 90 653 1421 1957">
     <span class='ocr_line' id='line_1_11' title="bbox 143 653 1416 693; baseline 0.001 -10"><span class='ocrx_word' id='word_1_101' title='bbox 143 657 220 684; x_wconf 89' lang='lat' dir='ltr'>LIV.</span> <span class='ocrx_word' id='word_1_102' title='bbox 249 667 263 681; x_wconf 88' lang='lat'>«</span> <span class='ocrx_word' id='word_1_103' title='bbox 279 659 343 685; x_wconf 86' lang='lat' dir='ltr'>Nec</span> <span class='ocrx_word' id='word_1_104' title='bbox 357 654 468 693; x_wconf 77' lang='lat' dir='ltr'>ignoro</span> <span class='ocrx_word' id='word_1_105' title='bbox 483 653 515 684; x_wconf 92' lang='lat' dir='ltr'>in</span> <span class='ocrx_word' id='word_1_106' title='bbox 532 653 691 684; x_wconf 82' lang='lat' dir='ltr'>conviviis</span> <span class='ocrx_word' id='word_1_107' title='bbox 705 655 737 685; x_wconf 86' lang='lat' dir='ltr'>et</span> <span class='ocrx_word' id='word_1_108' title='bbox 749 654 876 685; x_wconf 86' lang='lat' dir='ltr'>circulis</span> <span class='ocrx_word' id='word_1_109' title='bbox 889 655 1026 685; x_wconf 81' lang='lat' dir='ltr'>incusari</span> <span class='ocrx_word' id='word_1_110' title='bbox 1040 654 1101 684; x_wconf 86' lang='lat' dir='ltr'>ista</span> <span class='ocrx_word' id='word_1_111' title='bbox 1115 655 1146 684; x_wconf 87' lang='lat' dir='ltr'>et</span> <span class='ocrx_word' id='word_1_112' title='bbox 1156 654 1289 685; x_wconf 89' lang='lat' dir='ltr'>modum</span> <span class='ocrx_word' id='word_1_113' title='bbox 1306 654 1394 693; x_wconf 88' lang='lat' dir='ltr'>posci</span> <span class='ocrx_word' id='word_1_114' title='bbox 1409 664 1416 683; x_wconf 94' lang='lat'>:</span> 
     </span>
     <span class='ocr_line' id='line_1_12' title="bbox 102 700 1421 741; baseline 0.001 -11"><span class='ocrx_word' id='word_1_115' title='bbox 102 711 119 725; x_wconf 65' lang='grc' dir='ltr'><em>α</em></span> <span class='ocrx_word' id='word_1_116' title='bbox 132 700 188 731; x_wconf 88' lang='lat' dir='ltr'>sed</span> <span class='ocrx_word' id='word_1_117' title='bbox 202 701 228 731; x_wconf 90' lang='lat' dir='ltr'>si</span> <span class='ocrx_word' id='word_1_118' title='bbox 243 701 314 741; x_wconf 88' lang='lat' dir='ltr'>quis</span> <span class='ocrx_word' id='word_1_119' title='bbox 328 702 429 740; x_wconf 80' lang='lat' dir='ltr'>legem</span> <span class='ocrx_word' id='word_1_120' title='bbox 444 701 583 740; x_wconf 80' lang='lat' dir='ltr'>sanciat,</span> <span class='ocrx_word' id='word_1_121' title='bbox 598 709 708 740; x_wconf 85' lang='lat' dir='ltr'>poenas</span> <span class='ocrx_word' id='word_1_122' title='bbox 720 701 852 740; x_wconf 85' lang='lat' dir='ltr'>indicat,</span> <span class='ocrx_word' id='word_1_123' title='bbox 869 702 967 732; x_wconf 85' lang='lat' dir='ltr'>iidem</span> <span class='ocrx_word' id='word_1_124' title='bbox 981 701 1023 732; x_wconf 89' lang='lat' dir='ltr'>illi</span> <span class='ocrx_word' id='word_1_125' title='bbox 1037 701 1199 731; x_wconf 78' lang='lat' dir='ltr'>civitatem</span> <span class='ocrx_word' id='word_1_126' title='bbox 1213 701 1305 737; x_wconf 82' lang='lat' dir='ltr'>verti,</span> <span class='ocrx_word' id='word_1_127' title='bbox 1320 700 1421 740; x_wconf 83' lang='lat' dir='ltr'>splen·</span> 
     </span>
     <span class='ocr_line' id='line_1_13' title="bbox 101 746 1416 787; baseline 0 -11"><span class='ocrx_word' id='word_1_128' title='bbox 101 757 117 771; x_wconf 89' lang='lat'>«</span> <span class='ocrx_word' id='word_1_129' title='bbox 134 746 267 778; x_wconf 87' lang='lat' dir='ltr'>dissimo</span> <span class='ocrx_word' id='word_1_130' title='bbox 281 748 396 787; x_wconf 88' lang='lat' dir='ltr'>cuique</span> <span class='ocrx_word' id='word_1_131' title='bbox 409 748 545 778; x_wconf 78' lang='lat' dir='ltr'>exitium</span> <span class='ocrx_word' id='word_1_132' title='bbox 559 748 676 787; x_wconf 79' lang='lat' dir='ltr'>parari,</span> <span class='ocrx_word' id='word_1_133' title='bbox 691 748 852 779; x_wconf 88' lang='lat' dir='ltr'>neminem</span> <span class='ocrx_word' id='word_1_134' title='bbox 866 748 1007 779; x_wconf 82' lang='lat' dir='ltr'>criminis</span> <span class='ocrx_word' id='word_1_135' title='bbox 1019 749 1181 787; x_wconf 83' lang='lat' dir='ltr'>expertem</span> <span class='ocrx_word' id='word_1_136' title='bbox 1195 747 1416 778; x_wconf 80' lang='lat' dir='ltr'>clamitabunt.</span> 
     </span>
     <span class='ocr_line' id='line_1_14' title="bbox 102 793 1420 834; baseline 0.001 -11"><span class='ocrx_word' id='word_1_137' title='bbox 102 805 117 818; x_wconf 91' lang='lat'>«</span> <span class='ocrx_word' id='word_1_138' title='bbox 133 794 223 833; x_wconf 85' lang='lat' dir='ltr'>atqui</span> <span class='ocrx_word' id='word_1_139' title='bbox 241 803 280 825; x_wconf 84' lang='lat' dir='ltr'>ne</span> <span class='ocrx_word' id='word_1_140' title='bbox 294 794 436 833; x_wconf 88' lang='lat' dir='ltr'>corporis</span> <span class='ocrx_word' id='word_1_141' title='bbox 454 793 584 834; x_wconf 87' lang='lat' dir='ltr'>quidem</span> <span class='ocrx_word' id='word_1_142' title='bbox 601 794 731 824; x_wconf 78' lang='lat' dir='ltr'>morbos</span> <span class='ocrx_word' id='word_1_143' title='bbox 747 796 873 825; x_wconf 87' lang='lat' dir='ltr'>veteres</span> <span class='ocrx_word' id='word_1_144' title='bbox 888 798 919 825; x_wconf 84' lang='lat' dir='ltr'>et</span> <span class='ocrx_word' id='word_1_145' title='bbox 936 794 990 825; x_wconf 88' lang='lat' dir='ltr'>diu</span> <span class='ocrx_word' id='word_1_146' title='bbox 1005 795 1118 825; x_wconf 87' lang='lat' dir='ltr'>auctos</span> <span class='ocrx_word' id='word_1_147' title='bbox 1134 794 1196 824; x_wconf 87' lang='lat' dir='ltr'>nisi</span> <span class='ocrx_word' id='word_1_148' title='bbox 1214 802 1269 833; x_wconf 90' lang='lat' dir='ltr'>per</span> <span class='ocrx_word' id='word_1_149' title='bbox 1293 793 1372 824; x_wconf 81' lang='lat' dir='ltr'>dura</span> <span class='ocrx_word' id='word_1_150' title='bbox 1386 794 1420 824; x_wconf 75' lang='lat' dir='ltr'>et</span> 
     </span>
     <span class='ocr_line' id='line_1_15' title="bbox 101 840 1419 881; baseline 0 -11"><span class='ocrx_word' id='word_1_151' title='bbox 101 852 117 866; x_wconf 88' lang='lat'>«</span> <span class='ocrx_word' id='word_1_152' title='bbox 132 849 245 880; x_wconf 87' lang='lat' dir='ltr'>aspera</span> <span class='ocrx_word' id='word_1_153' title='bbox 260 850 410 872; x_wconf 80' lang='lat' dir='ltr'>coerceas</span> <span class='ocrx_word' id='word_1_154' title='bbox 426 851 432 871; x_wconf 79' lang='lat'>2</span> <span class='ocrx_word' id='word_1_155' title='bbox 453 843 624 880; x_wconf 83' lang='lat' dir='ltr'>corruptus</span> <span class='ocrx_word' id='word_1_156' title='bbox 641 841 736 871; x_wconf 87' lang='lat' dir='ltr'>simul</span> <span class='ocrx_word' id='word_1_157' title='bbox 755 842 786 872; x_wconf 85' lang='lat' dir='ltr'>et</span> <span class='ocrx_word' id='word_1_158' title='bbox 800 843 980 881; x_wconf 86' lang='lat' dir='ltr'>corruptor,</span> <span class='ocrx_word' id='word_1_159' title='bbox 998 850 1080 881; x_wconf 75' lang='lat' dir='ltr'>aeger</span> <span class='ocrx_word' id='word_1_160' title='bbox 1097 843 1128 871; x_wconf 84' lang='lat' dir='ltr'>et</span> <span class='ocrx_word' id='word_1_161' title='bbox 1142 841 1277 879; x_wconf 75' lang='lat' dir='ltr'>flagrans</span> <span class='ocrx_word' id='word_1_162' title='bbox 1291 840 1419 870; x_wconf 82' lang='lat' dir='ltr'>animus</span> 
     </span>
     <span class='ocr_line' id='line_1_16' title="bbox 102 886 1415 928; baseline 0 -11"><span class='ocrx_word' id='word_1_163' title='bbox 102 901 117 914; x_wconf 68' lang='lat' dir='ltr'>v&lt;</span> <span class='ocrx_word' id='word_1_164' title='bbox 133 887 221 918; x_wconf 80' lang='lat' dir='ltr'>baud</span> <span class='ocrx_word' id='word_1_165' title='bbox 235 888 411 919; x_wconf 69' lang='lat' dir='ltr'>levioribus</span> <span class='ocrx_word' id='word_1_166' title='bbox 427 888 575 919; x_wconf 78' lang='lat' dir='ltr'>remediis</span> <span class='ocrx_word' id='word_1_167' title='bbox 595 888 839 927; x_wconf 76' lang='lat' dir='ltr'>restinguendus</span> <span class='ocrx_word' id='word_1_168' title='bbox 852 892 899 919; x_wconf 83' lang='lat' dir='ltr'>est</span> <span class='ocrx_word' id='word_1_169' title='bbox 915 897 1011 928; x_wconf 78' lang='lat' dir='ltr'>quani</span> <span class='ocrx_word' id='word_1_170' title='bbox 1034 888 1221 919; x_wconf 78' lang='lat' dir='ltr'>libidinibus</span> <span class='ocrx_word' id='word_1_171' title='bbox 1239 888 1246 904; x_wconf 90' lang='lat'>¹</span> <span class='ocrx_word' id='word_1_172' title='bbox 1267 886 1415 918; x_wconf 78' lang='lat' dir='ltr'>ardescit.</span> 
     </span>
     <span class='ocr_line' id='line_1_17' title="bbox 99 934 1417 975; baseline -0.001 -10"><span class='ocrx_word' id='word_1_173' title='bbox 99 946 115 960; x_wconf 65' lang='grc' dir='ltr'><strong>α</strong></span> <span class='ocrx_word' id='word_1_174' title='bbox 131 937 179 965; x_wconf 89' lang='lat' dir='ltr'>tot</span> <span class='ocrx_word' id='word_1_175' title='bbox 195 944 212 965; x_wconf 87' lang='lat' dir='ltr'>a</span> <span class='ocrx_word' id='word_1_176' title='bbox 226 935 401 974; x_wconf 86' lang='lat' dir='ltr'>majoribus</span> <span class='ocrx_word' id='word_1_177' title='bbox 415 937 548 974; x_wconf 75' lang='lat' dir='ltr'>repertae</span> <span class='ocrx_word' id='word_1_178' title='bbox 568 935 670 973; x_wconf 72' lang='lat' dir='ltr'>leges,</span> <span class='ocrx_word' id='word_1_179' title='bbox 688 937 736 966; x_wconf 81' lang='lat' dir='ltr'>tot</span> <span class='ocrx_word' id='word_1_180' title='bbox 749 944 828 975; x_wconf 87' lang='lat' dir='ltr'>quas</span> <span class='ocrx_word' id='word_1_181' title='bbox 844 936 940 966; x_wconf 82' lang='lat' dir='ltr'>divus</span> <span class='ocrx_word' id='word_1_182' title='bbox 961 937 1124 974; x_wconf 77' lang='lat' dir='ltr'>Augustus</span> <span class='ocrx_word' id='word_1_183' title='bbox 1141 935 1216 966; x_wconf 81' lang='lat' dir='ltr'>tulit</span> <span class='ocrx_word' id='word_1_184' title='bbox 1228 959 1236 974; x_wconf 88' lang='lat'>,</span> <span class='ocrx_word' id='word_1_185' title='bbox 1256 935 1320 965; x_wconf 73' lang='lat' dir='ltr'>illae</span> <span class='ocrx_word' id='word_1_186' title='bbox 1337 934 1417 965; x_wconf 87' lang='lat' dir='ltr'>obli·</span> 
     </span>
     <span class='ocr_line' id='line_1_18' title="bbox 99 981 1416 1022; baseline 0 -11"><span class='ocrx_word' id='word_1_187' title='bbox 99 995 115 1005; x_wconf 89' lang='lat'>«</span> <span class='ocrx_word' id='word_1_188' title='bbox 132 981 237 1021; x_wconf 82' lang='lat' dir='ltr'>vione,</span> <span class='ocrx_word' id='word_1_189' title='bbox 253 983 313 1020; x_wconf 80' lang='lat' dir='ltr'>hae,</span> <span class='ocrx_word' id='word_1_190' title='bbox 328 981 414 1022; x_wconf 84' lang='lat' dir='ltr'>quod</span> <span class='ocrx_word' id='word_1_191' title='bbox 429 981 615 1019; x_wconf 59' lang='lat' dir='ltr'>flagitiosius</span> <span class='ocrx_word' id='word_1_192' title='bbox 631 984 696 1021; x_wconf 84' lang='lat' dir='ltr'>est,</span> <span class='ocrx_word' id='word_1_193' title='bbox 725 984 911 1022; x_wconf 85' lang='lat' dir='ltr'>contemptu</span> <span class='ocrx_word' id='word_1_194' title='bbox 931 982 1058 1013; x_wconf 81' lang='lat' dir='ltr'>abolitoe</span> <span class='ocrx_word' id='word_1_195' title='bbox 1083 982 1274 1013; x_wconf 85' lang='lat' dir='ltr'>securiorem</span> <span class='ocrx_word' id='word_1_196' title='bbox 1302 982 1416 1011; x_wconf 83' lang='lat' dir='ltr'>luxum</span> 
     </span>
     <span class='ocr_line' id='line_1_19' title="bbox 99 1027 1415 1068; baseline -0.002 -9"><span class='ocrx_word' id='word_1_197' title='bbox 99 1041 116 1054; x_wconf 82' lang='lat'>«</span> <span class='ocrx_word' id='word_1_198' title='bbox 132 1028 245 1059; x_wconf 72' lang='lat' dir='ltr'>iecere.</span> <span class='ocrx_word' id='word_1_199' title='bbox 261 1038 335 1059; x_wconf 84' lang='lat' dir='ltr'>nam</span> <span class='ocrx_word' id='word_1_200' title='bbox 352 1029 379 1059; x_wconf 88' lang='lat' dir='ltr'>si</span> <span class='ocrx_word' id='word_1_201' title='bbox 393 1028 471 1059; x_wconf 82' lang='lat' dir='ltr'>velis</span> <span class='ocrx_word' id='word_1_202' title='bbox 486 1028 570 1067; x_wconf 81' lang='lat' dir='ltr'>quud</span> <span class='ocrx_word' id='word_1_203' title='bbox 591 1028 732 1059; x_wconf 88' lang='lat' dir='ltr'>nondum</span> <span class='ocrx_word' id='word_1_204' title='bbox 755 1029 894 1059; x_wconf 74' lang='lat' dir='ltr'>vetitum</span> <span class='ocrx_word' id='word_1_205' title='bbox 911 1030 970 1068; x_wconf 88' lang='lat' dir='ltr'>est,</span> <span class='ocrx_word' id='word_1_206' title='bbox 988 1029 1101 1060; x_wconf 84' lang='lat' dir='ltr'>timeas</span> <span class='ocrx_word' id='word_1_207' title='bbox 1115 1037 1154 1059; x_wconf 89' lang='lat' dir='ltr'>ue</span> <span class='ocrx_word' id='word_1_208' title='bbox 1168 1030 1274 1059; x_wconf 52' lang='lat' dir='ltr'>Vetere</span> <span class='ocrx_word' id='word_1_209' title='bbox 1288 1027 1299 1044; x_wconf 77' lang='lat'><strong>²</strong></span> <span class='ocrx_word' id='word_1_210' title='bbox 1317 1038 1323 1057; x_wconf 91' lang='lat'>:</span> <span class='ocrx_word' id='word_1_211' title='bbox 1343 1030 1374 1057; x_wconf 81' lang='lat' dir='ltr'>at</span> <span class='ocrx_word' id='word_1_212' title='bbox 1389 1027 1415 1057; x_wconf 85' lang='lat' dir='ltr'>si</span> 
     </span>
     <span class='ocr_line' id='line_1_20' title="bbox 100 1075 1416 1115; baseline -0.002 -10"><span class='ocrx_word' id='word_1_213' title='bbox 100 1088 116 1101; x_wconf 73' lang='grc' dir='ltr'>α</span> <span class='ocrx_word' id='word_1_214' title='bbox 129 1075 292 1114; x_wconf 83' lang='lat' dir='ltr'>prohibita</span> <span class='ocrx_word' id='word_1_215' title='bbox 306 1075 436 1115; x_wconf 88' lang='lat' dir='ltr'>impune</span> <span class='ocrx_word' id='word_1_216' title='bbox 456 1075 702 1112; x_wconf 76' lang='lat' dir='ltr'>transcenderis,</span> <span class='ocrx_word' id='word_1_217' title='bbox 719 1084 823 1114; x_wconf 80' lang='lat' dir='ltr'>neque</span> <span class='ocrx_word' id='word_1_218' title='bbox 838 1078 941 1106; x_wconf 79' lang='lat' dir='ltr'>metus</span> <span class='ocrx_word' id='word_1_219' title='bbox 958 1076 1040 1106; x_wconf 84' lang='lat' dir='ltr'>ultra</span> <span class='ocrx_word' id='word_1_220' title='bbox 1052 1084 1156 1114; x_wconf 84' lang='lat' dir='ltr'>neque</span> <span class='ocrx_word' id='word_1_221' title='bbox 1167 1075 1269 1114; x_wconf 81' lang='lat' dir='ltr'>pudor</span> <span class='ocrx_word' id='word_1_222' title='bbox 1285 1076 1342 1106; x_wconf 88' lang='lat' dir='ltr'>est.</span> <span class='ocrx_word' id='word_1_223' title='bbox 1359 1082 1416 1105; x_wconf 83' lang='lat' dir='ltr'>cur</span> 
     </span>
     <span class='ocr_line' id='line_1_21' title="bbox 100 1120 1415 1162; baseline -0.001 -10"><span class='ocrx_word' id='word_1_224' title='bbox 100 1133 115 1147; x_wconf 93' lang='lat'>«</span> <span class='ocrx_word' id='word_1_225' title='bbox 131 1130 205 1161; x_wconf 78' lang='lat' dir='ltr'>ergo</span> <span class='ocrx_word' id='word_1_226' title='bbox 222 1123 298 1153; x_wconf 90' lang='lat' dir='ltr'>olim</span> <span class='ocrx_word' id='word_1_227' title='bbox 319 1122 516 1162; x_wconf 75' lang='lat' dir='ltr'>parcimonia</span> <span class='ocrx_word' id='word_1_228' title='bbox 542 1121 706 1161; x_wconf 70' lang='lat' dir='ltr'>pollebat?</span> <span class='ocrx_word' id='word_1_229' title='bbox 722 1122 799 1160; x_wconf 84' lang='lat' dir='ltr'>quia</span> <span class='ocrx_word' id='word_1_230' title='bbox 826 1122 885 1152; x_wconf 87' lang='lat' dir='ltr'>sibi</span> <span class='ocrx_word' id='word_1_231' title='bbox 911 1122 1045 1161; x_wconf 79' lang='lat' dir='ltr'>quisque</span> <span class='ocrx_word' id='word_1_232' title='bbox 1068 1122 1291 1152; x_wconf 68' lang='lat' dir='ltr'>moderabatur</span> <span class='ocrx_word' id='word_1_233' title='bbox 1308 1145 1315 1160; x_wconf 82' lang='lat'>,</span> <span class='ocrx_word' id='word_1_234' title='bbox 1340 1120 1415 1160; x_wconf 80' lang='lat' dir='ltr'>quia</span> 
     </span>
     <span class='ocr_line' id='line_1_22' title="bbox 98 1167 1413 1206; baseline 0 -8"><span class='ocrx_word' id='word_1_235' title='bbox 98 1179 115 1193; x_wconf 84' lang='lat'>«</span> <span class='ocrx_word' id='word_1_236' title='bbox 130 1169 224 1200; x_wconf 88' lang='lat' dir='ltr'>unius</span> <span class='ocrx_word' id='word_1_237' title='bbox 240 1169 328 1199; x_wconf 87' lang='lat' dir='ltr'>urbis</span> <span class='ocrx_word' id='word_1_238' title='bbox 346 1168 430 1199; x_wconf 76' lang='lat' dir='ltr'>cives</span> <span class='ocrx_word' id='word_1_239' title='bbox 449 1177 576 1198; x_wconf 84' lang='lat' dir='ltr'>cramus</span> <span class='ocrx_word' id='word_1_240' title='bbox 593 1177 598 1197; x_wconf 93' lang='lat'>:</span> <span class='ocrx_word' id='word_1_241' title='bbox 623 1177 662 1198; x_wconf 89' lang='lat' dir='ltr'>nc</span> <span class='ocrx_word' id='word_1_242' title='bbox 681 1168 880 1198; x_wconf 82' lang='lat' dir='ltr'>irritamenta</span> <span class='ocrx_word' id='word_1_243' title='bbox 894 1168 1024 1206; x_wconf 79' lang='lat' dir='ltr'>quidem</span> <span class='ocrx_word' id='word_1_244' title='bbox 1043 1168 1153 1198; x_wconf 84' lang='lat' dir='ltr'>eadem</span> <span class='ocrx_word' id='word_1_245' title='bbox 1179 1167 1263 1198; x_wconf 86' lang='lat' dir='ltr'>intra</span> <span class='ocrx_word' id='word_1_246' title='bbox 1291 1167 1413 1198; x_wconf 81' lang='lat' dir='ltr'>ltaliam</span> 
     </span>
     <span class='ocr_line' id='line_1_23' title="bbox 98 1213 1415 1253; baseline 0.001 -10"><span class='ocrx_word' id='word_1_247' title='bbox 98 1216 384 1247; x_wconf 83' lang='lat' dir='ltr'>«dominantibus.</span> <span class='ocrx_word' id='word_1_248' title='bbox 411 1214 553 1245; x_wconf 79' lang='lat' dir='ltr'>externis</span> <span class='ocrx_word' id='word_1_249' title='bbox 574 1214 719 1244; x_wconf 75' lang='lat' dir='ltr'>victoriis</span> <span class='ocrx_word' id='word_1_250' title='bbox 746 1213 867 1253; x_wconf 85' lang='lat' dir='ltr'>aliena,</span> <span class='ocrx_word' id='word_1_251' title='bbox 893 1214 1041 1245; x_wconf 74' lang='lat' dir='ltr'>civilibus</span> <span class='ocrx_word' id='word_1_252' title='bbox 1058 1215 1153 1245; x_wconf 85' lang='lat' dir='ltr'>etiam</span> <span class='ocrx_word' id='word_1_253' title='bbox 1177 1216 1287 1246; x_wconf 86' lang='lat' dir='ltr'>nostra</span> <span class='ocrx_word' id='word_1_254' title='bbox 1305 1223 1415 1245; x_wconf 84' lang='lat' dir='ltr'>consu-</span> 
     </span>
     <span class='ocr_line' id='line_1_24' title="bbox 97 1260 1412 1301; baseline 0 -10"><span class='ocrx_word' id='word_1_255' title='bbox 97 1277 114 1291; x_wconf 85' lang='lat'>«</span> <span class='ocrx_word' id='word_1_256' title='bbox 129 1271 216 1294; x_wconf 86' lang='lat' dir='ltr'>mere</span> <span class='ocrx_word' id='word_1_257' title='bbox 230 1262 411 1293; x_wconf 86' lang='lat' dir='ltr'>didicimus.</span> <span class='ocrx_word' id='word_1_258' title='bbox 431 1261 630 1301; x_wconf 81' lang='lat' dir='ltr'>Quantulum</span> <span class='ocrx_word' id='word_1_259' title='bbox 646 1260 733 1291; x_wconf 85' lang='lat' dir='ltr'>istud</span> <span class='ocrx_word' id='word_1_260' title='bbox 749 1263 809 1300; x_wconf 81' lang='lat' dir='ltr'>est,</span> <span class='ocrx_word' id='word_1_261' title='bbox 825 1261 863 1292; x_wconf 86' lang='lat' dir='ltr'>de</span> <span class='ocrx_word' id='word_1_262' title='bbox 877 1270 941 1300; x_wconf 81' lang='lat' dir='ltr'>quo</span> <span class='ocrx_word' id='word_1_263' title='bbox 956 1261 1065 1291; x_wconf 76' lang='lat' dir='ltr'>aediles</span> <span class='ocrx_word' id='word_1_264' title='bbox 1082 1261 1272 1292; x_wconf 77' lang='lat' dir='ltr'>admonent!</span> <span class='ocrx_word' id='word_1_265' title='bbox 1296 1270 1389 1301; x_wconf 87' lang='lat' dir='ltr'>quam</span> <span class='ocrx_word' id='word_1_266' title='bbox 1403 1286 1412 1300; x_wconf 92' lang='lat'>,</span> 
     </span>
     <span class='ocr_line' id='line_1_25' title="bbox 96 1307 1412 1348; baseline 0.002 -11"><span class='ocrx_word' id='word_1_267' title='bbox 96 1322 113 1337; x_wconf 77' lang='grc' dir='ltr'>ιι</span> <span class='ocrx_word' id='word_1_268' title='bbox 129 1310 155 1340; x_wconf 90' lang='lat' dir='ltr'>si</span> <span class='ocrx_word' id='word_1_269' title='bbox 172 1311 278 1340; x_wconf 83' lang='lat' dir='ltr'>cetera</span> <span class='ocrx_word' id='word_1_270' title='bbox 294 1308 446 1348; x_wconf 77' lang='lat' dir='ltr'>respicias</span> <span class='ocrx_word' id='word_1_271' title='bbox 459 1333 468 1347; x_wconf 74' lang='grc'>,</span> <span class='ocrx_word' id='word_1_272' title='bbox 493 1308 523 1338; x_wconf 89' lang='lat' dir='ltr'>in</span> <span class='ocrx_word' id='word_1_273' title='bbox 542 1307 605 1338; x_wconf 58' lang='lat' dir='ltr'>levi</span> <span class='ocrx_word' id='word_1_274' title='bbox 629 1307 829 1338; x_wconf 74' lang='lat' dir='ltr'>babendum!</span> <span class='ocrx_word' id='word_1_275' title='bbox 853 1309 886 1338; x_wconf 85' lang='lat' dir='ltr'>at</span> <span class='ocrx_word' id='word_1_276' title='bbox 910 1308 1043 1338; x_wconf 80' lang='lat' dir='ltr'>Hercule</span> <span class='ocrx_word' id='word_1_277' title='bbox 1063 1317 1157 1338; x_wconf 88' lang='lat' dir='ltr'>nemo</span> <span class='ocrx_word' id='word_1_278' title='bbox 1185 1309 1279 1338; x_wconf 79' lang='lat' dir='ltr'>refert</span> <span class='ocrx_word' id='word_1_279' title='bbox 1296 1307 1306 1325; x_wconf 80' lang='lat'><strong>³</strong></span> <span class='ocrx_word' id='word_1_280' title='bbox 1327 1308 1412 1347; x_wconf 84' lang='lat' dir='ltr'>quod</span> 
     </span>
     <span class='ocr_line' id='line_1_26' title="bbox 95 1354 1412 1395; baseline -0.002 -8"><span class='ocrx_word' id='word_1_281' title='bbox 95 1369 113 1383; x_wconf 68' lang='grc' dir='ltr'><strong><em>κ</em></strong></span> <span class='ocrx_word' id='word_1_282' title='bbox 128 1357 218 1387; x_wconf 77' lang='lat' dir='ltr'>Italia</span> <span class='ocrx_word' id='word_1_283' title='bbox 231 1359 371 1387; x_wconf 78' lang='lat' dir='ltr'>externae</span> <span class='ocrx_word' id='word_1_284' title='bbox 385 1355 455 1395; x_wconf 90' lang='lat' dir='ltr'>opis</span> <span class='ocrx_word' id='word_1_285' title='bbox 466 1354 600 1393; x_wconf 77' lang='lat' dir='ltr'>indiget,</span> <span class='ocrx_word' id='word_1_286' title='bbox 619 1354 705 1393; x_wconf 83' lang='lat' dir='ltr'>quod</span> <span class='ocrx_word' id='word_1_287' title='bbox 721 1354 787 1384; x_wconf 65' lang='lat' dir='ltr'>vita</span> <span class='ocrx_word' id='word_1_288' title='bbox 798 1355 807 1371; x_wconf 67' lang='lat'>³·</span> <span class='ocrx_word' id='word_1_289' title='bbox 828 1355 936 1394; x_wconf 83' lang='lat' dir='ltr'>populi</span> <span class='ocrx_word' id='word_1_290' title='bbox 953 1354 1088 1384; x_wconf 82' lang='lat' dir='ltr'>Romani</span> <span class='ocrx_word' id='word_1_291' title='bbox 1103 1363 1159 1393; x_wconf 87' lang='lat' dir='ltr'>per</span> <span class='ocrx_word' id='word_1_292' title='bbox 1176 1355 1295 1385; x_wconf 84' lang='lat' dir='ltr'>incerta</span> <span class='ocrx_word' id='word_1_293' title='bbox 1314 1354 1412 1385; x_wconf 88' lang='lat' dir='ltr'>maris</span> 
     </span>
     <span class='ocr_line' id='line_1_27' title="bbox 94 1400 1412 1442; baseline -0.002 -8"><span class='ocrx_word' id='word_1_294' title='bbox 94 1415 111 1430; x_wconf 82' lang='lat'>«</span> <span class='ocrx_word' id='word_1_295' title='bbox 126 1406 157 1434; x_wconf 89' lang='lat' dir='ltr'>et</span> <span class='ocrx_word' id='word_1_296' title='bbox 169 1404 398 1442; x_wconf 83' lang='lat' dir='ltr'>tempestatum</span> <span class='ocrx_word' id='word_1_297' title='bbox 415 1401 557 1441; x_wconf 77' lang='lat' dir='ltr'>quotidie</span> <span class='ocrx_word' id='word_1_298' title='bbox 574 1400 729 1439; x_wconf 64' lang='lat' dir='ltr'>volvitur,</span> <span class='ocrx_word' id='word_1_299' title='bbox 744 1410 781 1431; x_wconf 84' lang='lat' dir='ltr'>ac</span> <span class='ocrx_word' id='word_1_300' title='bbox 796 1401 857 1431; x_wconf 88' lang='lat' dir='ltr'>nisi</span> <span class='ocrx_word' id='word_1_301' title='bbox 869 1401 1103 1441; x_wconf 77' lang='lat' dir='ltr'>provinciarum</span> <span class='ocrx_word' id='word_1_302' title='bbox 1120 1401 1220 1441; x_wconf 77' lang='lat' dir='ltr'>copiae</span> <span class='ocrx_word' id='word_1_303' title='bbox 1233 1403 1264 1432; x_wconf 88' lang='lat' dir='ltr'>et</span> <span class='ocrx_word' id='word_1_304' title='bbox 1274 1401 1412 1433; x_wconf 87' lang='lat' dir='ltr'>dominis</span> 
     </span>
     <span class='ocr_line' id='line_1_28' title="bbox 94 1447 1412 1488; baseline -0.001 -7"><span class='ocrx_word' id='word_1_305' title='bbox 94 1461 112 1476; x_wconf 88' lang='lat'>«</span> <span class='ocrx_word' id='word_1_306' title='bbox 126 1454 158 1481; x_wconf 85' lang='lat' dir='ltr'>et</span> <span class='ocrx_word' id='word_1_307' title='bbox 172 1449 311 1481; x_wconf 84' lang='lat' dir='ltr'>servitiis</span> <span class='ocrx_word' id='word_1_308' title='bbox 329 1451 360 1479; x_wconf 89' lang='lat' dir='ltr'>et</span> <span class='ocrx_word' id='word_1_309' title='bbox 376 1448 459 1487; x_wconf 75' lang='lat' dir='ltr'>agris</span> <span class='ocrx_word' id='word_1_310' title='bbox 472 1447 695 1485; x_wconf 71' lang='lat' dir='ltr'>subvenerint,</span> <span class='ocrx_word' id='word_1_311' title='bbox 719 1450 828 1478; x_wconf 87' lang='lat' dir='ltr'>nostra</span> <span class='ocrx_word' id='word_1_312' title='bbox 844 1457 903 1478; x_wconf 86' lang='lat' dir='ltr'>nos</span> <span class='ocrx_word' id='word_1_313' title='bbox 928 1448 1050 1479; x_wconf 87' lang='lat' dir='ltr'>scilicet</span> <span class='ocrx_word' id='word_1_314' title='bbox 1075 1456 1207 1479; x_wconf 79' lang='lat' dir='ltr'>nemora</span> <span class='ocrx_word' id='word_1_315' title='bbox 1230 1450 1412 1488; x_wconf 68' lang='lat' dir='ltr'>nosti-reque</span> 
     </span>
     <span class='ocr_line' id='line_1_29' title="bbox 93 1494 1410 1535; baseline -0.002 -7"><span class='ocrx_word' id='word_1_316' title='bbox 93 1510 110 1524; x_wconf 76' lang='grc' dir='ltr'>ιι</span> <span class='ocrx_word' id='word_1_317' title='bbox 126 1497 210 1528; x_wconf 82' lang='lat' dir='ltr'>villae</span> <span class='ocrx_word' id='word_1_318' title='bbox 226 1496 404 1527; x_wconf 87' lang='lat' dir='ltr'>tuebuntur</span> <span class='ocrx_word' id='word_1_319' title='bbox 417 1495 441 1525; x_wconf 85' lang='lat'>⁵.</span> <span class='ocrx_word' id='word_1_320' title='bbox 460 1498 549 1526; x_wconf 81' lang='lat' dir='ltr'>Hanc</span> <span class='ocrx_word' id='word_1_321' title='bbox 562 1518 571 1533; x_wconf 88' lang='lat'>‚</span> <span class='ocrx_word' id='word_1_322' title='bbox 587 1496 696 1525; x_wconf 85' lang='lat' dir='ltr'>Patres</span> <span class='ocrx_word' id='word_1_323' title='bbox 719 1494 889 1534; x_wconf 77' lang='lat' dir='ltr'>conscripti</span> <span class='ocrx_word' id='word_1_324' title='bbox 904 1519 912 1534; x_wconf 93' lang='lat'>‚</span> <span class='ocrx_word' id='word_1_325' title='bbox 941 1503 1051 1525; x_wconf 87' lang='lat' dir='ltr'>curam</span> <span class='ocrx_word' id='word_1_326' title='bbox 1077 1496 1213 1526; x_wconf 87' lang='lat' dir='ltr'>sustinet</span> <span class='ocrx_word' id='word_1_327' title='bbox 1238 1497 1410 1535; x_wconf 81' lang='lat' dir='ltr'>Princeps;</span> 
     </span>
     <span class='ocr_line' id='line_1_30' title="bbox 94 1541 1411 1581; baseline 0.001 -9"><span class='ocrx_word' id='word_1_328' title='bbox 94 1557 111 1572; x_wconf 68' lang='lat' dir='ltr'>a</span> <span class='ocrx_word' id='word_1_329' title='bbox 127 1544 197 1575; x_wconf 84' lang='lat' dir='ltr'>haec</span> <span class='ocrx_word' id='word_1_330' title='bbox 212 1543 333 1575; x_wconf 89' lang='lat' dir='ltr'>omissa</span> <span class='ocrx_word' id='word_1_331' title='bbox 355 1542 502 1574; x_wconf 76' lang='lat' dir='ltr'>funditus</span> <span class='ocrx_word' id='word_1_332' title='bbox 519 1541 751 1581; x_wconf 80' lang='lat' dir='ltr'>rempublicam</span> <span class='ocrx_word' id='word_1_333' title='bbox 774 1542 888 1572; x_wconf 73' lang='lat' dir='ltr'>trahet.</span> <span class='ocrx_word' id='word_1_334' title='bbox 918 1541 1051 1581; x_wconf 87' lang='lat' dir='ltr'>reliquis</span> <span class='ocrx_word' id='word_1_335' title='bbox 1075 1541 1158 1573; x_wconf 86' lang='lat' dir='ltr'>intra</span> <span class='ocrx_word' id='word_1_336' title='bbox 1179 1542 1322 1573; x_wconf 88' lang='lat' dir='ltr'>animum</span> <span class='ocrx_word' id='word_1_337' title='bbox 1348 1552 1411 1574; x_wconf 89' lang='lat' dir='ltr'>me-</span> 
     </span>
     <span class='ocr_line' id='line_1_31' title="bbox 92 1589 1410 1628; baseline -0.002 -5"><span class='ocrx_word' id='word_1_338' title='bbox 92 1605 110 1619; x_wconf 77' lang='lat'>«</span> <span class='ocrx_word' id='word_1_339' title='bbox 125 1591 266 1623; x_wconf 87' lang='lat' dir='ltr'>dendum</span> <span class='ocrx_word' id='word_1_340' title='bbox 283 1591 353 1621; x_wconf 83' lang='lat' dir='ltr'>est:</span> <span class='ocrx_word' id='word_1_341' title='bbox 371 1598 429 1621; x_wconf 93' lang='lat' dir='ltr'>nos</span> <span class='ocrx_word' id='word_1_342' title='bbox 458 1589 574 1628; x_wconf 88' lang='lat' dir='ltr'>pudor,</span> <span class='ocrx_word' id='word_1_343' title='bbox 595 1598 750 1628; x_wconf 80' lang='lat' dir='ltr'>pauperes</span> <span class='ocrx_word' id='word_1_344' title='bbox 770 1589 962 1626; x_wconf 81' lang='lat' dir='ltr'>necessitas,</span> <span class='ocrx_word' id='word_1_345' title='bbox 981 1589 1099 1620; x_wconf 79' lang='lat' dir='ltr'>divites</span> <span class='ocrx_word' id='word_1_346' title='bbox 1121 1589 1218 1620; x_wconf 88' lang='lat' dir='ltr'>satias</span> <span class='ocrx_word' id='word_1_347' title='bbox 1240 1589 1272 1620; x_wconf 88' lang='lat' dir='ltr'>in</span> <span class='ocrx_word' id='word_1_348' title='bbox 1296 1590 1410 1621; x_wconf 88' lang='lat' dir='ltr'>melius</span> 
     </span>
     <span class='ocr_line' id='line_1_32' title="bbox 93 1635 1407 1676; baseline -0.003 -6"><span class='ocrx_word' id='word_1_349' title='bbox 93 1651 110 1666; x_wconf 70' lang='grc' dir='ltr'>«ι</span> <span class='ocrx_word' id='word_1_350' title='bbox 125 1639 239 1670; x_wconf 88' lang='lat' dir='ltr'>mutet.</span> <span class='ocrx_word' id='word_1_351' title='bbox 253 1639 309 1668; x_wconf 89' lang='lat' dir='ltr'>aut</span> <span class='ocrx_word' id='word_1_352' title='bbox 325 1638 351 1667; x_wconf 91' lang='lat' dir='ltr'>si</span> <span class='ocrx_word' id='word_1_353' title='bbox 369 1636 440 1676; x_wconf 88' lang='lat' dir='ltr'>quis</span> <span class='ocrx_word' id='word_1_354' title='bbox 458 1644 497 1667; x_wconf 79' lang='lat' dir='ltr'>ex</span> <span class='ocrx_word' id='word_1_355' title='bbox 522 1635 762 1675; x_wconf 77' lang='lat' dir='ltr'>magistratibus</span> <span class='ocrx_word' id='word_1_356' title='bbox 780 1638 904 1666; x_wconf 80' lang='lat' dir='ltr'>tantam</span> <span class='ocrx_word' id='word_1_357' title='bbox 931 1636 1120 1667; x_wconf 80' lang='lat' dir='ltr'>industriam</span> <span class='ocrx_word' id='word_1_358' title='bbox 1145 1645 1182 1667; x_wconf 81' lang='lat' dir='ltr'>ac</span> <span class='ocrx_word' id='word_1_359' title='bbox 1205 1637 1407 1668; x_wconf 86' lang='lat' dir='ltr'>severitatem</span> 
     </span>
     <span class='ocr_line' id='line_1_33' title="bbox 91 1683 1410 1726; baseline 0.001 -13"><span class='ocrx_word' id='word_1_360' title='bbox 91 1699 108 1713; x_wconf 66' lang='lat' dir='ltr'>n</span> <span class='ocrx_word' id='word_1_361' title='bbox 124 1685 303 1726; x_wconf 85' lang='lat' dir='ltr'>pollicetur,</span> <span class='ocrx_word' id='word_1_362' title='bbox 314 1686 349 1714; x_wconf 91' lang='lat' dir='ltr'>ut</span> <span class='ocrx_word' id='word_1_363' title='bbox 362 1683 409 1714; x_wconf 90' lang='lat' dir='ltr'>ire</span> <span class='ocrx_word' id='word_1_364' title='bbox 421 1683 547 1713; x_wconf 78' lang='lat' dir='ltr'>obviam</span> <span class='ocrx_word' id='word_1_365' title='bbox 563 1684 670 1722; x_wconf 81' lang='lat' dir='ltr'>queat,</span> <span class='ocrx_word' id='word_1_366' title='bbox 680 1683 764 1713; x_wconf 80' lang='lat' dir='ltr'>hunc</span> <span class='ocrx_word' id='word_1_367' title='bbox 776 1685 806 1713; x_wconf 84' lang='lat' dir='ltr'>ct</span> <span class='ocrx_word' id='word_1_368' title='bbox 822 1683 917 1713; x_wconf 74' lang='lat' dir='ltr'>laudo</span> <span class='ocrx_word' id='word_1_369' title='bbox 928 1684 958 1713; x_wconf 82' lang='lat' dir='ltr'>ct</span> <span class='ocrx_word' id='word_1_370' title='bbox 967 1684 1131 1713; x_wconf 85' lang='lat' dir='ltr'>exonerari</span> <span class='ocrx_word' id='word_1_371' title='bbox 1141 1684 1153 1701; x_wconf 60' lang='grc' dir='ltr'>ὃ</span> <span class='ocrx_word' id='word_1_372' title='bbox 1169 1684 1314 1714; x_wconf 87' lang='lat' dir='ltr'>laborum</span> <span class='ocrx_word' id='word_1_373' title='bbox 1325 1692 1410 1714; x_wconf 90' lang='lat' dir='ltr'>meo-</span> 
     </span>
     <span class='ocr_line' id='line_1_34' title="bbox 91 1729 1409 1771; baseline 0.002 -12"><span class='ocrx_word' id='word_1_374' title='bbox 91 1745 108 1759; x_wconf 76' lang='lat'><em>«</em></span> <span class='ocrx_word' id='word_1_375' title='bbox 124 1741 195 1763; x_wconf 85' lang='lat' dir='ltr'>rum</span> <span class='ocrx_word' id='word_1_376' title='bbox 212 1733 335 1771; x_wconf 80' lang='lat' dir='ltr'>partem</span> <span class='ocrx_word' id='word_1_377' title='bbox 350 1731 451 1761; x_wconf 83' lang='lat' dir='ltr'>fateor</span> <span class='ocrx_word' id='word_1_378' title='bbox 467 1739 475 1760; x_wconf 94' lang='lat'><strong>:</strong></span> <span class='ocrx_word' id='word_1_379' title='bbox 493 1729 542 1760; x_wconf 88' lang='lat' dir='ltr'>sin</span> <span class='ocrx_word' id='word_1_380' title='bbox 558 1738 709 1760; x_wconf 81' lang='lat' dir='ltr'>accusare</span> <span class='ocrx_word' id='word_1_381' title='bbox 726 1729 804 1760; x_wconf 85' lang='lat' dir='ltr'>vitia</span> <span class='ocrx_word' id='word_1_382' title='bbox 820 1731 945 1767; x_wconf 85' lang='lat' dir='ltr'>volunt,</span> <span class='ocrx_word' id='word_1_383' title='bbox 961 1729 1047 1766; x_wconf 86' lang='lat' dir='ltr'>dein,</span> <span class='ocrx_word' id='word_1_384' title='bbox 1070 1739 1170 1769; x_wconf 79' lang='lat' dir='ltr'>quum</span> <span class='ocrx_word' id='word_1_385' title='bbox 1192 1730 1324 1769; x_wconf 77' lang='lat' dir='ltr'>gloriam</span> <span class='ocrx_word' id='word_1_386' title='bbox 1341 1730 1409 1769; x_wconf 85' lang='lat' dir='ltr'>ejus</span> 
     </span>
     <span class='ocr_line' id='line_1_35' title="bbox 91 1775 1408 1817; baseline -0.001 -8"><span class='ocrx_word' id='word_1_387' title='bbox 91 1789 109 1805; x_wconf 85' lang='lat'>«</span> <span class='ocrx_word' id='word_1_388' title='bbox 123 1779 169 1809; x_wconf 88' lang='lat' dir='ltr'>rei</span> <span class='ocrx_word' id='word_1_389' title='bbox 184 1778 291 1817; x_wconf 83' lang='lat' dir='ltr'>adepti</span> <span class='ocrx_word' id='word_1_390' title='bbox 304 1778 393 1816; x_wconf 82' lang='lat' dir='ltr'>sunt,</span> <span class='ocrx_word' id='word_1_391' title='bbox 408 1777 587 1807; x_wconf 86' lang='lat' dir='ltr'>simultates</span> <span class='ocrx_word' id='word_1_392' title='bbox 602 1776 725 1807; x_wconf 83' lang='lat' dir='ltr'>faciunt</span> <span class='ocrx_word' id='word_1_393' title='bbox 740 1775 748 1793; x_wconf 80' lang='lat'>⁷</span> <span class='ocrx_word' id='word_1_394' title='bbox 766 1785 804 1806; x_wconf 85' lang='lat' dir='ltr'>ac</span> <span class='ocrx_word' id='word_1_395' title='bbox 819 1777 897 1806; x_wconf 84' lang='lat' dir='ltr'>mihi</span> <span class='ocrx_word' id='word_1_396' title='bbox 922 1776 1126 1816; x_wconf 79' lang='lat' dir='ltr'>relinquunt3</span> <span class='ocrx_word' id='word_1_397' title='bbox 1144 1777 1275 1815; x_wconf 82' lang='lat' dir='ltr'>credite,</span> <span class='ocrx_word' id='word_1_398' title='bbox 1300 1781 1408 1808; x_wconf 80' lang='lat' dir='ltr'>Pau-es</span> 
     </span>
     <span class='ocr_line' id='line_1_36' title="bbox 91 1823 1408 1864; baseline 0.001 -10"><span class='ocrx_word' id='word_1_399' title='bbox 91 1838 107 1853; x_wconf 70' lang='grc' dir='ltr'>«ι</span> <span class='ocrx_word' id='word_1_400' title='bbox 123 1825 307 1864; x_wconf 74' lang='lat' dir='ltr'>conscripti,</span> <span class='ocrx_word' id='word_1_401' title='bbox 323 1833 373 1856; x_wconf 87' lang='lat' dir='ltr'>me</span> <span class='ocrx_word' id='word_1_402' title='bbox 390 1833 517 1864; x_wconf 82' lang='lat' dir='ltr'>quoque</span> <span class='ocrx_word' id='word_1_403' title='bbox 529 1833 593 1854; x_wconf 84' lang='lat' dir='ltr'>non</span> <span class='ocrx_word' id='word_1_404' title='bbox 609 1832 676 1854; x_wconf 88' lang='lat' dir='ltr'>esse</span> <span class='ocrx_word' id='word_1_405' title='bbox 690 1823 905 1853; x_wconf 79' lang='lat' dir='ltr'>offensionum</span> <span class='ocrx_word' id='word_1_406' title='bbox 920 1823 1050 1854; x_wconf 75' lang='lat' dir='ltr'>avidum</span> <span class='ocrx_word' id='word_1_407' title='bbox 1068 1833 1075 1853; x_wconf 87' lang='lat'><strong>:</strong></span> <span class='ocrx_word' id='word_1_408' title='bbox 1090 1832 1168 1863; x_wconf 81' lang='lat' dir='ltr'>quas</span> <span class='ocrx_word' id='word_1_409' title='bbox 1182 1833 1281 1863; x_wconf 90' lang='lat' dir='ltr'>quum</span> <span class='ocrx_word' id='word_1_410' title='bbox 1297 1833 1408 1863; x_wconf 82' lang='lat' dir='ltr'>graves</span> 
     </span>
     <span class='ocr_line' id='line_1_37' title="bbox 90 1870 1407 1912; baseline -0.001 -9"><span class='ocrx_word' id='word_1_411' title='bbox 90 1884 106 1899; x_wconf 92' lang='lat'>«</span> <span class='ocrx_word' id='word_1_412' title='bbox 123 1875 154 1903; x_wconf 87' lang='lat' dir='ltr'>et</span> <span class='ocrx_word' id='word_1_413' title='bbox 171 1873 358 1912; x_wconf 86' lang='lat' dir='ltr'>plerumque</span> <span class='ocrx_word' id='word_1_414' title='bbox 372 1871 499 1911; x_wconf 85' lang='lat' dir='ltr'>iniquas</span> <span class='ocrx_word' id='word_1_415' title='bbox 525 1880 582 1911; x_wconf 90' lang='lat' dir='ltr'>pro</span> <span class='ocrx_word' id='word_1_416' title='bbox 606 1870 768 1910; x_wconf 86' lang='lat' dir='ltr'>republica</span> <span class='ocrx_word' id='word_1_417' title='bbox 789 1870 980 1910; x_wconf 81' lang='lat' dir='ltr'>suscipiam,</span> <span class='ocrx_word' id='word_1_418' title='bbox 1003 1870 1113 1901; x_wconf 87' lang='lat' dir='ltr'>inanes</span> <span class='ocrx_word' id='word_1_419' title='bbox 1126 1872 1158 1901; x_wconf 87' lang='lat' dir='ltr'>et</span> <span class='ocrx_word' id='word_1_420' title='bbox 1178 1870 1282 1901; x_wconf 85' lang='lat' dir='ltr'>irritas</span> <span class='ocrx_word' id='word_1_421' title='bbox 1303 1879 1407 1911; x_wconf 89' lang='lat' dir='ltr'>neque</span> 
     </span>
     <span class='ocr_line' id='line_1_38' title="bbox 90 1917 899 1957; baseline -0.002 -8"><span class='ocrx_word' id='word_1_422' title='bbox 90 1932 106 1946; x_wconf 70' lang='grc' dir='ltr'>α</span> <span class='ocrx_word' id='word_1_423' title='bbox 122 1919 199 1949; x_wconf 90' lang='lat' dir='ltr'>mibi</span> <span class='ocrx_word' id='word_1_424' title='bbox 215 1921 271 1950; x_wconf 89' lang='lat' dir='ltr'>aut</span> <span class='ocrx_word' id='word_1_425' title='bbox 283 1918 376 1949; x_wconf 87' lang='lat' dir='ltr'>vobis</span> <span class='ocrx_word' id='word_1_426' title='bbox 392 1918 466 1949; x_wconf 87' lang='lat' dir='ltr'>usui</span> <span class='ocrx_word' id='word_1_427' title='bbox 482 1918 608 1949; x_wconf 76' lang='lat' dir='ltr'>futuras</span> <span class='ocrx_word' id='word_1_428' title='bbox 619 1918 690 1957; x_wconf 85' lang='lat' dir='ltr'>jure</span> <span class='ocrx_word' id='word_1_429' title='bbox 704 1917 866 1956; x_wconf 84' lang='lat' dir='ltr'>deprecor.</span> <span class='ocrx_word' id='word_1_430' title='bbox 884 1929 899 1943; x_wconf 64' lang='grc' dir='ltr'>ν</span> 
     </span>
    </p>

    <p class='ocr_par' dir='ltr' id='par_1_4' title="bbox 86 1963 1406 2192">
     <span class='ocr_line' id='line_1_39' title="bbox 131 1963 1406 2005; baseline -0.001 -9"><span class='ocrx_word' id='word_1_431' title='bbox 131 1970 193 1997; x_wconf 90' lang='lat' dir='ltr'>LV.</span> <span class='ocrx_word' id='word_1_432' title='bbox 217 1965 343 1997; x_wconf 84' lang='lat' dir='ltr'>Auditis</span> <span class='ocrx_word' id='word_1_433' title='bbox 371 1964 501 1996; x_wconf 77' lang='lat' dir='ltr'>Caesaris</span> <span class='ocrx_word' id='word_1_434' title='bbox 530 1965 644 1995; x_wconf 86' lang='lat' dir='ltr'>litteris</span> <span class='ocrx_word' id='word_1_435' title='bbox 669 1964 802 1994; x_wconf 84' lang='lat' dir='ltr'>remissa</span> <span class='ocrx_word' id='word_1_436' title='bbox 819 1963 827 1981; x_wconf 88' lang='lat'>¹</span> <span class='ocrx_word' id='word_1_437' title='bbox 853 1963 998 1995; x_wconf 79' lang='lat' dir='ltr'>aedilibus</span> <span class='ocrx_word' id='word_1_438' title='bbox 1029 1963 1102 1994; x_wconf 85' lang='lat' dir='ltr'>talis</span> <span class='ocrx_word' id='word_1_439' title='bbox 1125 1972 1219 2003; x_wconf 89' lang='lat' dir='ltr'>cura;</span> <span class='ocrx_word' id='word_1_440' title='bbox 1249 1964 1406 2005; x_wconf 84' lang='lat' dir='ltr'>luxusque</span> 
     </span>
     <span class='ocr_line' id='line_1_40' title="bbox 87 2010 1404 2051; baseline 0 -8"><span class='ocrx_word' id='word_1_441' title='bbox 87 2021 217 2050; x_wconf 79' lang='lat' dir='ltr'>mensae,</span> <span class='ocrx_word' id='word_1_442' title='bbox 232 2022 251 2043; x_wconf 87' lang='lat' dir='ltr'>a</span> <span class='ocrx_word' id='word_1_443' title='bbox 264 2013 326 2043; x_wconf 80' lang='lat' dir='ltr'>fine</span> <span class='ocrx_word' id='word_1_444' title='bbox 339 2012 459 2043; x_wconf 83' lang='lat' dir='ltr'>Actiaci</span> <span class='ocrx_word' id='word_1_445' title='bbox 472 2011 546 2043; x_wconf 91' lang='lat' dir='ltr'>belli</span> <span class='ocrx_word' id='word_1_446' title='bbox 563 2012 602 2042; x_wconf 75' lang='lat' dir='ltr'>ad</span> <span class='ocrx_word' id='word_1_447' title='bbox 619 2020 655 2042; x_wconf 86' lang='lat' dir='ltr'>ea</span> <span class='ocrx_word' id='word_1_448' title='bbox 671 2020 759 2041; x_wconf 80' lang='lat' dir='ltr'>arma</span> <span class='ocrx_word' id='word_1_449' title='bbox 772 2012 843 2050; x_wconf 82' lang='lat' dir='ltr'>quis</span> <span class='ocrx_word' id='word_1_450' title='bbox 856 2012 922 2041; x_wconf 73' lang='lat' dir='ltr'>Ser,</span> <span class='ocrx_word' id='word_1_451' title='bbox 938 2010 1036 2042; x_wconf 82' lang='lat' dir='ltr'>Galba</span> <span class='ocrx_word' id='word_1_452' title='bbox 1049 2019 1154 2041; x_wconf 90' lang='lat' dir='ltr'>rerum</span> <span class='ocrx_word' id='word_1_453' title='bbox 1168 2010 1301 2050; x_wconf 83' lang='lat' dir='ltr'>adeptus</span> <span class='ocrx_word' id='word_1_454' title='bbox 1316 2010 1327 2027; x_wconf 86' lang='lat'><em>²</em></span> <span class='ocrx_word' id='word_1_455' title='bbox 1343 2014 1404 2051; x_wconf 84' lang='lat' dir='ltr'>est,</span> 
     </span>
     <span class='ocr_line' id='line_1_41' title="bbox 86 2056 1404 2098; baseline -0.002 -9"><span class='ocrx_word' id='word_1_456' title='bbox 86 2067 143 2098; x_wconf 83' lang='lat' dir='ltr'>per</span> <span class='ocrx_word' id='word_1_457' title='bbox 157 2067 258 2089; x_wconf 87' lang='lat' dir='ltr'>annos</span> <span class='ocrx_word' id='word_1_458' title='bbox 274 2061 401 2089; x_wconf 88' lang='lat' dir='ltr'>centum</span> <span class='ocrx_word' id='word_1_459' title='bbox 419 2058 559 2098; x_wconf 81' lang='lat' dir='ltr'>profusis</span> <span class='ocrx_word' id='word_1_460' title='bbox 575 2058 758 2098; x_wconf 84' lang='lat' dir='ltr'>sumptibus</span> <span class='ocrx_word' id='word_1_461' title='bbox 776 2057 925 2095; x_wconf 84' lang='lat' dir='ltr'>exerciti,</span> <span class='ocrx_word' id='word_1_462' title='bbox 941 2057 1109 2096; x_wconf 86' lang='lat' dir='ltr'>paullatim</span> <span class='ocrx_word' id='word_1_463' title='bbox 1125 2056 1303 2087; x_wconf 85' lang='lat' dir='ltr'>exolevere.</span> <span class='ocrx_word' id='word_1_464' title='bbox 1325 2060 1404 2088; x_wconf 88' lang='lat' dir='ltr'>Cau-</span> 
     </span>
     <span class='ocr_line' id='line_1_42' title="bbox 87 2102 1404 2144; baseline 0.001 -10"><span class='ocrx_word' id='word_1_465' title='bbox 87 2112 140 2135; x_wconf 83' lang='lat' dir='ltr'>sas</span> <span class='ocrx_word' id='word_1_466' title='bbox 155 2106 223 2144; x_wconf 87' lang='lat' dir='ltr'>ejus</span> <span class='ocrx_word' id='word_1_467' title='bbox 240 2105 426 2136; x_wconf 85' lang='lat' dir='ltr'>mutationis</span> <span class='ocrx_word' id='word_1_468' title='bbox 440 2114 582 2144; x_wconf 85' lang='lat' dir='ltr'>quaerere</span> <span class='ocrx_word' id='word_1_469' title='bbox 598 2105 687 2135; x_wconf 85' lang='lat' dir='ltr'>libet.</span> <span class='ocrx_word' id='word_1_470' title='bbox 704 2104 786 2135; x_wconf 83' lang='lat' dir='ltr'>dites</span> <span class='ocrx_word' id='word_1_471' title='bbox 801 2104 879 2134; x_wconf 90' lang='lat' dir='ltr'>olim</span> <span class='ocrx_word' id='word_1_472' title='bbox 895 2103 1023 2134; x_wconf 78' lang='lat' dir='ltr'>familiae</span> <span class='ocrx_word' id='word_1_473' title='bbox 1038 2102 1196 2134; x_wconf 88' lang='lat' dir='ltr'>nobilium</span> <span class='ocrx_word' id='word_1_474' title='bbox 1210 2105 1266 2133; x_wconf 85' lang='lat' dir='ltr'>aut</span> <span class='ocrx_word' id='word_1_475' title='bbox 1279 2103 1404 2135; x_wconf 88' lang='lat' dir='ltr'>claritu-</span> 
     </span>
     <span class='ocr_line' id='line_1_43' title="bbox 87 2149 1402 2192; baseline -0.001 -10"><span class='ocrx_word' id='word_1_476' title='bbox 87 2151 162 2182; x_wconf 90' lang='lat' dir='ltr'>dine</span> <span class='ocrx_word' id='word_1_477' title='bbox 175 2151 316 2191; x_wconf 82' lang='lat' dir='ltr'>insignes</span> <span class='ocrx_word' id='word_1_478' title='bbox 327 2151 435 2182; x_wconf 88' lang='lat' dir='ltr'>studio</span> <span class='ocrx_word' id='word_1_479' title='bbox 449 2152 697 2192; x_wconf 66' lang='lat' dir='ltr'>magnificentiae</span> <span class='ocrx_word' id='word_1_480' title='bbox 710 2150 967 2191; x_wconf 80' lang='lat' dir='ltr'>prolabebantur.</span> <span class='ocrx_word' id='word_1_481' title='bbox 982 2158 1056 2180; x_wconf 85' lang='lat' dir='ltr'>nam</span> <span class='ocrx_word' id='word_1_482' title='bbox 1071 2150 1167 2180; x_wconf 85' lang='lat' dir='ltr'>etiam</span> <span class='ocrx_word' id='word_1_483' title='bbox 1182 2153 1249 2180; x_wconf 89' lang='lat' dir='ltr'>tum</span> <span class='ocrx_word' id='word_1_484' title='bbox 1264 2149 1402 2190; x_wconf 85' lang='lat' dir='ltr'>plebem,</span> 
     </span>
    </p>
   </div>
   <div class='ocr_carea' id='block_1_3' title="bbox 86 2234 1402 2372">
    <p class='ocr_par' dir='ltr' id='par_1_5' title="bbox 87 2234 1402 2301">
     <span class='ocr_line' id='line_1_44' title="bbox 87 2234 1402 2266; baseline -0.002 -5"><span class='ocrx_word' id='word_1_485' title='bbox 87 2243 140 2261; x_wconf 78' lang='lat'>—3.</span> <span class='ocrx_word' id='word_1_486' title='bbox 152 2238 348 2261; x_wconf 64' lang='lat' dir='ltr'>noscente—⁴.</span> <span class='ocrx_word' id='word_1_487' title='bbox 358 2238 514 2261; x_wconf 74' lang='lat' dir='ltr'>Servorum.</span> <span class='ocrx_word' id='word_1_488' title='bbox 530 2237 676 2266; x_wconf 70' lang='lat' dir='ltr'>Nationes,</span> <span class='ocrx_word' id='word_1_489' title='bbox 689 2236 761 2260; x_wconf 78' lang='lat' dir='ltr'>unde</span> <span class='ocrx_word' id='word_1_490' title='bbox 772 2236 809 2260; x_wconf 90' lang='lat' dir='ltr'>illi</span> <span class='ocrx_word' id='word_1_491' title='bbox 826 2235 943 2260; x_wconf 89' lang='lat' dir='ltr'>oriundt.</span> <span class='ocrx_word' id='word_1_492' title='bbox 955 2248 983 2252; x_wconf 82' lang='lat'>——</span> <span class='ocrx_word' id='word_1_493' title='bbox 993 2241 1015 2259; x_wconf 68' lang='grc' dir='ltr'>ὅ.</span> <span class='ocrx_word' id='word_1_494' title='bbox 1027 2235 1096 2258; x_wconf 80' lang='lat' dir='ltr'>vasa</span> <span class='ocrx_word' id='word_1_495' title='bbox 1109 2234 1251 2258; x_wconf 83' lang='lat' dir='ltr'>Corinthia.</span> <span class='ocrx_word' id='word_1_496' title='bbox 1263 2247 1291 2251; x_wconf 97' lang='lat'><strong>—</strong></span> <span class='ocrx_word' id='word_1_497' title='bbox 1301 2240 1322 2258; x_wconf 76' lang='lat' dir='ltr'>s.</span> <span class='ocrx_word' id='word_1_498' title='bbox 1333 2236 1402 2259; x_wconf 86' lang='lat' dir='ltr'>Seri-</span> 
     </span>
     <span class='ocr_line' id='line_1_45' title="bbox 87 2269 1271 2301; baseline -0.002 -7"><span class='ocrx_word' id='word_1_499' title='bbox 87 2276 143 2299; x_wconf 78' lang='lat' dir='ltr'>cas,</span> <span class='ocrx_word' id='word_1_500' title='bbox 154 2273 228 2299; x_wconf 60' lang='lat' dir='ltr'>(joaS,</span> <span class='ocrx_word' id='word_1_501' title='bbox 246 2272 423 2301; x_wconf 77' lang='lat' dir='ltr'>bombycinus</span> <span class='ocrx_word' id='word_1_502' title='bbox 433 2272 572 2301; x_wconf 62' lang='lat' dir='ltr'>stupendae</span> <span class='ocrx_word' id='word_1_503' title='bbox 582 2272 747 2297; x_wconf 65' lang='lat' dir='ltr'>subtilitatis,</span> <span class='ocrx_word' id='word_1_504' title='bbox 761 2271 857 2300; x_wconf 84' lang='lat' dir='ltr'>quibus</span> <span class='ocrx_word' id='word_1_505' title='bbox 866 2271 922 2299; x_wconf 83' lang='lat' dir='ltr'>jam</span> <span class='ocrx_word' id='word_1_506' title='bbox 933 2270 983 2294; x_wconf 83' lang='lat' dir='ltr'>virt</span> <span class='ocrx_word' id='word_1_507' title='bbox 993 2275 1099 2300; x_wconf 82' lang='lat' dir='ltr'>quoque</span> <span class='ocrx_word' id='word_1_508' title='bbox 1112 2269 1271 2293; x_wconf 62' lang='lat' dir='ltr'>utebantur.</span> 
     </span>
    </p>

    <p class='ocr_par' dir='ltr' id='par_1_6' title="bbox 86 2304 1399 2372">
     <span class='ocr_line' id='line_1_46' title="bbox 118 2304 1393 2336; baseline -0.004 -5"><span class='ocrx_word' id='word_1_509' title='bbox 118 2308 178 2331; x_wconf 78' lang='lat' dir='ltr'>le.</span> <span class='ocrx_word' id='word_1_510' title='bbox 193 2313 210 2331; x_wconf 88' lang='grc' dir='ltr'>ι.</span> <span class='ocrx_word' id='word_1_511' title='bbox 223 2309 306 2335; x_wconf 74' lang='lat' dir='ltr'>Quam</span> <span class='ocrx_word' id='word_1_512' title='bbox 319 2308 381 2331; x_wconf 86' lang='lat' dir='ltr'>sunt</span> <span class='ocrx_word' id='word_1_513' title='bbox 394 2307 519 2331; x_wconf 86' lang='lat' dir='ltr'>libidines</span> <span class='ocrx_word' id='word_1_514' title='bbox 530 2307 626 2336; x_wconf 81' lang='lat' dir='ltr'>quibus</span> <span class='ocrx_word' id='word_1_515' title='bbox 639 2307 764 2330; x_wconf 69' lang='lat' dir='ltr'>ardescit.</span> <span class='ocrx_word' id='word_1_516' title='bbox 776 2319 804 2323; x_wconf 95' lang='lat'>—</span> <span class='ocrx_word' id='word_1_517' title='bbox 814 2311 837 2329; x_wconf 75' lang='lat'>2.</span> <span class='ocrx_word' id='word_1_518' title='bbox 852 2306 941 2329; x_wconf 72' lang='lat' dir='ltr'>Vetur-</span> <span class='ocrx_word' id='word_1_519' title='bbox 960 2306 1001 2329; x_wconf 84' lang='lat' dir='ltr'>est.</span> <span class='ocrx_word' id='word_1_520' title='bbox 1015 2306 1123 2328; x_wconf 84' lang='lat' dir='ltr'>vetatur</span> <span class='ocrx_word' id='word_1_521' title='bbox 1139 2310 1173 2327; x_wconf 87' lang='lat' dir='ltr'>ne</span> <span class='ocrx_word' id='word_1_522' title='bbox 1194 2304 1257 2333; x_wconf 81' lang='lat' dir='ltr'>quid</span> <span class='ocrx_word' id='word_1_523' title='bbox 1274 2310 1362 2334; x_wconf 85' lang='lat' dir='ltr'>agam.</span> <span class='ocrx_word' id='word_1_524' title='bbox 1373 2318 1393 2322; x_wconf 92' lang='lat'>-—</span> 
     </span>
     <span class='ocr_line' id='line_1_47' title="bbox 86 2339 1399 2372; baseline -0.002 -7"><span class='ocrx_word' id='word_1_525' title='bbox 86 2347 109 2365; x_wconf 68' lang='lat'>:3-</span> <span class='ocrx_word' id='word_1_526' title='bbox 128 2344 170 2367; x_wconf 90' lang='lat' dir='ltr'>Sc.</span> <span class='ocrx_word' id='word_1_527' title='bbox 188 2343 221 2366; x_wconf 81' lang='lat' dir='ltr'>ad</span> <span class='ocrx_word' id='word_1_528' title='bbox 237 2344 369 2372; x_wconf 82' lang='lat' dir='ltr'>senatum,</span> <span class='ocrx_word' id='word_1_529' title='bbox 391 2344 421 2366; x_wconf 87' lang='lat' dir='ltr'>ut</span> <span class='ocrx_word' id='word_1_530' title='bbox 436 2343 468 2366; x_wconf 88' lang='lat' dir='ltr'>dc</span> <span class='ocrx_word' id='word_1_531' title='bbox 482 2348 513 2366; x_wconf 89' lang='lat' dir='ltr'>ea</span> <span class='ocrx_word' id='word_1_532' title='bbox 534 2348 564 2365; x_wconf 87' lang='lat' dir='ltr'>re</span> <span class='ocrx_word' id='word_1_533' title='bbox 581 2343 760 2365; x_wconf 80' lang='lat' dir='ltr'>consultetur.</span> <span class='ocrx_word' id='word_1_534' title='bbox 773 2354 802 2359; x_wconf 92' lang='lat'><em>-</em></span> <span class='ocrx_word' id='word_1_535' title='bbox 814 2347 837 2364; x_wconf 69' lang='lat'>⁴.</span> <span class='ocrx_word' id='word_1_536' title='bbox 856 2341 958 2364; x_wconf 74' lang='lat' dir='ltr'>Victus.</span> <span class='ocrx_word' id='word_1_537' title='bbox 974 2353 1002 2357; x_wconf 95' lang='lat'><em>-</em></span> <span class='ocrx_word' id='word_1_538' title='bbox 1013 2345 1035 2363; x_wconf 73' lang='lat'>5.</span> <span class='ocrx_word' id='word_1_539' title='bbox 1047 2339 1243 2363; x_wconf 84' lang='lat' dir='ltr'>Sustentabunt</span> <span class='ocrx_word' id='word_1_540' title='bbox 1256 2339 1399 2364; x_wconf 78' lang='lat' dir='ltr'>alimentis.</span> 
     </span>
    </p>
   </div>
   <div class='ocr_carea' id='block_1_4' title="bbox 87 2376 1398 2443">
    <p class='ocr_par' dir='ltr' id='par_1_7' title="bbox 87 2376 1398 2443">
     <span class='ocr_line' id='line_1_48' title="bbox 87 2376 974 2406; baseline -0.003 -5"><span class='ocrx_word' id='word_1_541' title='bbox 87 2390 117 2395; x_wconf 90' lang='lat'>—</span> <span class='ocrx_word' id='word_1_542' title='bbox 127 2383 152 2402; x_wconf 80' lang='lat'>6.</span> <span class='ocrx_word' id='word_1_543' title='bbox 166 2379 302 2402; x_wconf 81' lang='lat' dir='ltr'>Amoveri.</span> <span class='ocrx_word' id='word_1_544' title='bbox 315 2391 343 2395; x_wconf 90' lang='lat'>—-</span> <span class='ocrx_word' id='word_1_545' title='bbox 353 2383 374 2402; x_wconf 84' lang='grc'>7.</span> <span class='ocrx_word' id='word_1_546' title='bbox 389 2378 446 2401; x_wconf 83' lang='lat' dir='ltr'>iras</span> <span class='ocrx_word' id='word_1_547' title='bbox 458 2378 577 2401; x_wconf 80' lang='lat' dir='ltr'>excitant</span> <span class='ocrx_word' id='word_1_548' title='bbox 589 2383 681 2400; x_wconf 85' lang='lat' dir='ltr'>eorum</span> <span class='ocrx_word' id='word_1_549' title='bbox 693 2378 737 2406; x_wconf 86' lang='lat' dir='ltr'>qui</span> <span class='ocrx_word' id='word_1_550' title='bbox 749 2376 893 2401; x_wconf 84' lang='lat' dir='ltr'>coercendi</span> <span class='ocrx_word' id='word_1_551' title='bbox 903 2377 974 2399; x_wconf 72' lang='lat' dir='ltr'>sunt.</span> 
     </span>
     <span class='ocr_line' id='line_1_49' title="bbox 116 2409 1398 2443; baseline -0.004 -5"><span class='ocrx_word' id='word_1_552' title='bbox 116 2414 169 2438; x_wconf 73' lang='lat' dir='ltr'>LV.</span> <span class='ocrx_word' id='word_1_553' title='bbox 193 2418 213 2437; x_wconf 75' lang='grc' dir='ltr'>ι.</span> <span class='ocrx_word' id='word_1_554' title='bbox 224 2414 349 2443; x_wconf 81' lang='lat' dir='ltr'>Dempta.</span> <span class='ocrx_word' id='word_1_555' title='bbox 360 2426 388 2430; x_wconf 98' lang='lat'>—</span> <span class='ocrx_word' id='word_1_556' title='bbox 398 2417 422 2438; x_wconf 77' lang='lat'>2.</span> <span class='ocrx_word' id='word_1_557' title='bbox 434 2413 549 2438; x_wconf 80' lang='lat' dir='ltr'>Potitus.</span> <span class='ocrx_word' id='word_1_558' title='bbox 560 2412 603 2437; x_wconf 82' lang='lat' dir='ltr'>Sic</span> <span class='ocrx_word' id='word_1_559' title='bbox 619 2413 663 2441; x_wconf 81' lang='lat' dir='ltr'>Vl,</span> <span class='ocrx_word' id='word_1_560' title='bbox 677 2411 926 2442; x_wconf 69' lang='lat' dir='ltr'>⁴5,d01.·zinationis</span> <span class='ocrx_word' id='word_1_561' title='bbox 939 2410 1157 2440; x_wconf 75' lang='lat' dir='ltr'>adipisceretur.</span> <span class='ocrx_word' id='word_1_562' title='bbox 1169 2410 1210 2435; x_wconf 84' lang='lat' dir='ltr'>Ab</span> <span class='ocrx_word' id='word_1_563' title='bbox 1224 2416 1247 2434; x_wconf 88' lang='lat' dir='ltr'>a.</span> <span class='ocrx_word' id='word_1_564' title='bbox 1261 2410 1292 2435; x_wconf 88' lang='lat' dir='ltr'>U.</span> <span class='ocrx_word' id='word_1_565' title='bbox 1312 2414 1356 2434; x_wconf 72' lang='lat'>722</span> <span class='ocrx_word' id='word_1_566' title='bbox 1365 2409 1398 2433; x_wconf 81' lang='lat' dir='ltr'>ad</span> 
     </span>
    </p>
   </div>
   <div class='ocr_carea' id='block_1_5' title="bbox 1517 2061 1539 2668">
    <p class='ocr_par' dir='ltr' id='par_1_8' title="bbox 1517 2061 1539 2668">
     <span class='ocr_line' id='line_1_50' title="bbox 1517 2061 1539 2668; baseline 0 0"><span class='ocrx_word' id='word_1_567' title='bbox 1517 2061 1539 2668; x_wconf 95' lang='lat' dir='ltr'> </span> 
     </span>
    </p>
   </div>
  </div>
 </body>
</html>
