1539 2668
581 155 632 182 DE
656 154 917 181 ORATORIBUS.
1345 155 1407 186 483

92 230 177 262 soliti
192 229 268 267 sint,
289 236 459 268 persequar
476 236 564 259 nunc
583 226 828 258 exercitationes
842 234 964 257 eorum.
979 234 1173 266 quamquam
1192 226 1268 267 ipsis
1288 229 1409 261 artibus

91 277 175 308 inest
190 275 342 307 excitatio
356 299 364 314 ,
382 283 441 306 nec
455 274 626 314 quisquam
642 274 806 313 percipere
820 275 869 305 tot
887 273 1064 304 reconditas
1081 276 1136 304 aut
1155 275 1221 304 tam
1236 275 1342 307 varias
1359 286 1409 308 res

91 325 217 365 potest,
240 322 301 352 nisi
321 324 356 352 ut
375 321 521 352 scientiae
546 321 712 353 meditatio
726 319 752 358 ²,
777 320 979 351 meditationi
1006 320 1140 350 facultas
1155 345 1162 359 ,
1190 321 1336 353 facultati
1359 324 1408 355 vis

91 370 284 409 eloquentiae
307 367 488 399 accedebat.
513 377 569 407 per
585 378 656 408 quae
675 369 837 407 colligitur
850 367 861 385 ³
880 367 1014 398 eandem
1031 375 1101 398 esse
1118 367 1272 398 rationem
1290 371 1323 399 et
1339 378 1407 409 per-

90 416 229 456 cipiendi
247 424 319 455 quae.
335 415 476 454 proferas
492 417 524 446 et
540 417 721 454 proferendi
738 424 810 455 qnae
827 414 1018 454 perceperis.
1034 413 1086 444 sed
1108 413 1134 444 si
1154 414 1207 444 cui
1222 414 1411 447 obscuriora

93 465 161 494 haec
177 463 327 494 videntur
349 463 439 502 isque
460 462 629 493 scientiam
648 463 688 494 ab
711 461 941 494 exercitatione
961 461 1110 500 separat,
1131 460 1211 491 illud
1234 464 1320 493 certe
1337 471 1411 493 con-

91 511 186 542 cedet
197 533 206 548 ,
224 510 418 540 instructum
433 509 464 539 et
477 508 606 548 plenum
622 510 670 541 liis
686 509 808 541 artibus
826 508 970 539 animum
987 507 1080 546 longe
1096 507 1287 547 paratiorem
1303 510 1342 540 ad
1358 519 1412 542 eas

92 556 337 588 exercitationes
353 556 547 594 venturum,
563 565 636 595 quae
652 556 790 596 propriae
810 558 974 585 oratorum
992 553 1152 585 videntur.

133 606 267 634 XXXIV.
283 606 381 641 «Ergo
392 601 477 641 apud
494 603 629 641 majores
647 605 776 634 nostros
790 601 916 641 juvenis
933 601 1000 639 ille,
1017 600 1071 640 qui
1089 601 1158 631 foro
1172 605 1203 632 et
1218 601 1411 642 eloquentiae

91 649 275 688 parabatur,
298 649 443 679 imbutus
460 648 526 686 Jam
543 648 722 680 domestica
738 648 909 687 disciplina
920 671 928 686 ‚
954 647 1092 678 refertus
1108 647 1252 678 honestis
1275 649 1390 681 studiis
1402 674 1412 690 ‚

92 695 312 727 deducebatur
326 704 344 726 a
359 697 448 735 patre
463 694 513 725 vel
531 704 550 726 a
566 696 755 736 propinquis
771 694 899 725 adeum
913 696 1073 724 oratorem
1087 718 1095 733 ‚
1113 695 1165 734 qui
1183 695 1362 736 principem
1379 697 1412 728 in

94 742 224 773 civitate
248 742 356 772 locum
378 741 555 773 obtinebat.
582 744 666 774 hunc
689 742 824 779 sectari,
847 741 935 771 hunc
952 740 1122 780 prosequi,
1140 741 1239 779 hujus
1261 743 1414 774 omnihus

95 789 309 820 dictionibus¹
331 789 503 828 interesse,
522 790 588 821 sive
604 791 636 820 in
657 790 786 829 jiidiciis
802 789 869 819 sive
891 788 924 817 in
942 787 1167 824 concionibus,
1185 790 1412 831 assuescebat,

92 837 138 868 ita
163 837 201 866 ut
223 836 447 867 altercationes
475 836 629 876 quoque²
657 837 821 875 exciperet
845 836 877 865 et
898 834 1010 873 jurgiis
1034 834 1222 875 interesset,
1246 837 1346 876 utque
1366 837 1413 868 sic

94 882 249 922 dixerim,
266 891 407 922 pugnare
420 883 452 913 in
469 884 582 923 proelio
599 883 746 914 disceret.
767 890 900 921 magnus
918 889 957 911 ex
977 880 1038 911 hoc
1058 889 1135 911 usus
1147 906 1154 920 ,
1175 883 1314 914 multum
1335 893 1412 915 con-

92 930 238 967 stantiae,
263 929 436 968 plurimum
457 929 570 968 iudicii
587 929 759 968 juvenibus
779 928 888 959 statim
913 927 1138 966 contingebat,
1161 928 1194 958 in
1218 930 1323 960 media
1343 931 1413 962 luce

93 976 298 1007 studentibus
316 978 414 1016 atque
432 977 516 1008 inter
538 977 608 1017 ipsa
627 976 813 1007 discrimina
827 999 835 1014 ‚
857 974 911 1005 ubi
926 983 1020 1004 nemo
1035 975 1167 1014 impune
1181 976 1277 1007 stulte
1291 977 1413 1017 aliquid

95 1024 151 1052 aut
169 1023 328 1053 contrarie
346 1023 426 1054 dicit
439 1047 447 1063 ‚
471 1024 647 1063 quominus
660 1025 692 1054 et
703 1023 802 1062 judex
817 1024 947 1061 respuat
963 1023 994 1052 et
1008 1021 1209 1052 adversarius
1223 1024 1412 1066 exprobret,

92 1069 155 1107 ipsi
175 1068 312 1108 denique
326 1070 473 1101 advocati
487 1070 498 1087 ³
520 1073 742 1111 aspernentur.
761 1069 859 1108 igitur
874 1076 949 1098 vera
969 1067 1077 1098 statim
1093 1070 1126 1098 et
1145 1068 1334 1110 incorrupta
1351 1072 1413 1103 elo-

94 1115 225 1153 quentia
247 1116 490 1155 imbuebantur3
520 1120 552 1148 et
578 1125 772 1157 quamquam
797 1124 897 1146 unum
923 1117 1144 1154 sequerentur,
1171 1117 1278 1147 tamen
1303 1127 1415 1150 omnes

94 1161 238 1199 ejusdem
255 1163 359 1193 aetatis
385 1166 536 1202 patronos
558 1164 590 1194 in
611 1164 758 1204 plurimis
779 1165 811 1193 et
833 1161 940 1192 causis
963 1164 995 1192 et
1013 1161 1141 1201 judiciis
1161 1165 1412 1205 cognoscebant3

94 1206 317 1248 habebantque
330 1209 430 1248 ipsius
446 1211 557 1249 populi
574 1209 868 1241 diversissimarum
883 1209 1010 1239 aurium
1025 1209 1151 1247 copiam
1163 1233 1172 1247 ,
1189 1218 1226 1239 ex
1245 1219 1308 1250 qua
1322 1212 1415 1244 facile

95 1255 371 1296 deprehenderent
386 1256 463 1296 quid
477 1257 508 1287 in
521 1266 651 1296 quoque
662 1257 712 1288 vel
729 1256 920 1297 probaretur
931 1256 982 1286 vel
998 1255 1193 1295 displiceret.
1211 1256 1254 1287 ita
1269 1267 1325 1288 nec
1340 1268 1416 1298 prae-

94 1305 205 1342 ceptor
220 1303 352 1341 deerat,
378 1304 519 1342 optimus
537 1304 666 1343 quidem
686 1305 717 1334 ct
740 1303 969 1341 electissimus,
988 1302 1044 1341 qui
1068 1302 1180 1333 faciem
1199 1303 1413 1346 eloquentiae,

93 1358 158 1380 non
174 1349 346 1388 imaginem
358 1349 368 1367 4
385 1352 575 1389 praestaret,
590 1360 651 1381 nec
665 1349 838 1381 adversarii
855 1351 887 1380 et
901 1349 1010 1379 {emuli
1024 1373 1032 1387 ‚
1053 1349 1135 1380 ferro
1152 1374 1160 1388 ,
1179 1360 1241 1380 non
1258 1351 1391 1384 rudibus
1402 1354 1413 1372 ⁵

95 1396 288 1426 dimicantes
304 1405 312 1426 :
330 1396 386 1426 sed
400 1397 598 1427 auditorium
619 1406 744 1437 semper
764 1405 886 1426 novum
901 1419 909 1433 ‚
926 1404 1053 1435 semper
1072 1396 1203 1435 plenum
1215 1422 1223 1436 ‚
1242 1407 1279 1428 ex
1297 1399 1416 1431 invidis

95 1446 127 1474 et
143 1442 341 1481 faventibus,
356 1444 393 1473 ut
405 1452 464 1474 nec
478 1444 617 1474 breviter
631 1444 717 1474 dicta
731 1443 1010 1474 dissimularentur
1022 1442 1048 1473 ⁶.
1065 1443 1153 1474 scitis
1167 1445 1252 1475 enim
1267 1455 1414 1485 magnam

93 1489 180 1520 illam
196 1491 227 1519 et
243 1489 431 1520 duraturam
450 1491 644 1530 eloquentiae
670 1490 789 1521 famam
809 1498 872 1519 non
890 1489 1000 1520 minus
1015 1489 1048 1519 in
1070 1489 1228 1522 diversis⁷
1258 1492 1416 1523 subselliis

94 1538 198 1578 parari
218 1546 315 1578 quam
337 1539 420 1577 suis;
444 1539 519 1570 inde
542 1540 736 1579 quinimmo
753 1539 954 1570 coustantius
974 1547 1122 1577 surgere,
1138 1539 1183 1570 ibi
1203 1540 1329 1571 fidelius
1347 1550 1415 1572 cor-

93 1585 247 1616 roborari.
272 1587 368 1624 atque
388 1586 494 1617 hercle
517 1587 578 1617 sub
602 1586 761 1625 ejusmodi
782 1585 1034 1625 praeceptoribus
1052 1586 1183 1624 juvenis
1205 1587 1275 1626 ille,
1293 1587 1332 1619 de
1352 1598 1415 1628 quo

93 1632 257 1671 loquimur
269 1654 277 1669 ,
293 1634 459 1663 oratorum
476 1633 676 1673 discipulus,
700 1633 759 1663 fori
782 1632 933 1670 auditor,
951 1634 1092 1663 sectator
1106 1633 1302 1672 judiciorum
1316 1659 1325 1673 ‚
1345 1644 1414 1666 eru·

93 1677 179 1708 ditus
192 1679 225 1708 et
237 1679 436 1709 assuefactus
449 1679 561 1710 alienis
574 1679 817 1719 experimentis,
833 1679 884 1709 cui
900 1678 1045 1718 quotidie
1059 1679 1205 1711 audienti
1220 1684 1306 1711 notre
1321 1681 1415 1722 leges,

94 1732 160 1754 non
184 1723 262 1754 novi
285 1724 432 1763 judicum
456 1726 586 1764 vultus,
618 1727 768 1765 frequens
792 1726 823 1755 in
847 1725 949 1755 oculis
973 1727 1176 1757 consuetudo
1200 1728 1414 1768 concionum,

94 1778 178 1810 saepe
196 1771 332 1810 cognitae
352 1772 466 1811 populi
490 1781 582 1803 aures
595 1795 603 1809 ,
625 1772 692 1803 sive
711 1772 949 1802 accusationem
969 1777 1154 1811 susceperat
1174 1774 1243 1804 sive
1260 1774 1414 1807 defensio-

94 1826 185 1856 nem,
205 1818 293 1848 solus
308 1819 417 1849 statim
438 1823 469 1850 et
484 1828 567 1850 unus
583 1819 777 1858 cuicumque
792 1827 897 1849 causae
912 1827 969 1857 par
985 1822 1063 1850 erat.
1079 1820 1296 1851 nonodecimo
1310 1823 1416 1853 aetatis

93 1872 180 1895 anno
194 1865 310 1896 Lucius
323 1869 455 1896 Crassus
469 1866 579 1897 Caium
594 1865 772 1896 Carbonem
786 1889 794 1905 ‚
811 1865 1068 1904 unoetvigesimo
1082 1870 1188 1897 Caesar
1202 1867 1412 1908 Dolabellam,

93 1911 194 1942 altero
207 1913 240 1942 et
254 1912 406 1951 vigesimo
421 1913 548 1943 Asinius
563 1912 662 1943 Pollio
676 1913 787 1943 Caium
802 1915 967 1951 Catonem,
982 1922 1044 1944 non
1062 1913 1199 1944 multum
1219 1917 1315 1946 aetate
1328 1919 1414 1947 ante-

93 1957 209 1989 cedens
223 1958 340 1989 Calvus
352 1959 515 1990 Vatinium
528 1960 565 1991 iis
578 1959 779 1991 orationibus
792 1959 931 1991 insecuti
945 1961 1022 1991 sunt
1032 1960 1057 1999 ⁸,
1073 1969 1152 1999 quas
1168 1961 1325 2001 hodieque
1340 1971 1413 1993 cum

93 2004 303 2035 admiratione
316 2004 462 2044 legimus.

93 2084 119 2088 —
129 2068 288 2106 ιΜελέτη,
304 2073 502 2097 exercitatio.—
513 2081 537 2098 5.
556 2075 747 2099 concludendo
761 2075 886 2098 efficitur.

121 2108 240 2131 XXXIV.
257 2113 277 2131 i.
291 2108 510 2132 Orationibus.—
521 2114 541 2132 2⁴
557 2110 767 2139 DisputationcS,
782 2110 890 2139 quando
903 2110 930 2132 in
941 2110 1037 2133 senatu
1050 2110 1094 2134 vel
1105 2111 1207 2140 ,iudicio
1221 2112 1414 2142 interrogando

93 2143 122 2166 et
142 2142 329 2171 respondendo
351 2144 488 2167 orationes
510 2145 536 2167 in
553 2145 690 2175 dialogum
712 2145 825 2173 abeunt,
840 2150 1034 2174 nonnunquam
1048 2146 1075 2169 in
1092 2146 1276 2176 jamim—5.
1296 2148 1412 2177 Antiquo

93 2181 174 2200 sensu
188 2184 195 2200 :
212 2178 290 2201 amici
306 2179 432 2207 potentes
445 2179 490 2208 qui
501 2185 549 2208 per
565 2181 735 2209 praesentiam
748 2186 822 2203 suam
838 2180 943 2203 clientis
957 2185 1063 2204 causam
1079 2181 1270 2210 adiuvant—4.
1289 2182 1413 2206 Formam

93 2212 243 2235 naturalem
260 2213 287 2236 in
300 2213 417 2242 judiciis,
432 2219 486 2237 non
500 2214 589 2238 fictam
604 2215 807 2238 similitudinem
819 2215 847 2238 in
860 2215 1000 2239 rhetorum
1013 2216 1189 2240 scholis—5.
1204 2216 1302 2240 Gladiis
1317 2217 1413 2247 ligneis

94 2246 192 2275 quibus
208 2248 272 2270 ante
285 2253 412 2271 verorum
427 2254 502 2272 usum
521 2250 622 2273 tirones
638 2250 848 2274 exercebantur.
865 2251 958 2274 Cicero
971 2251 1006 2274 de
1017 2252 1072 2279 opt.
1086 2257 1147 2281 qen.
1162 2253 1250 2275 oratt.
1268 2257 1292 2276 c.
1303 2257 1325 2281 o,
1340 2253 1354 2282 ξ
1367 2258 1411 2277 ¹⁷:

93 2281 249 2305 «isocrates
263 2283 357 2306 nonin
370 2283 428 2306 acie
442 2286 565 2308 versatur
581 2286 609 2308 et
622 2284 695 2308 ferro
707 2291 712 2307 :
727 2286 801 2314 quasi
817 2285 938 2309 rudibus
952 2285 1009 2315 ejus
1026 2286 1110 2310 eludit
1123 2288 1218 2310 oratio.
1231 2297 1246 2307 n
1257 2300 1283 2303 —
1293 2293 1316 2311 a.
1331 2288 1364 2312 Ut
1376 2293 1412 2311 ne

94 2320 124 2338 ea
142 2315 247 2344 quidem
269 2317 356 2346 dicta,
372 2324 430 2347 quae
444 2319 478 2342 ob
491 2319 652 2343 brevitatem
674 2320 895 2349 praetervolatura
909 2320 991 2344 fuisse
1013 2321 1179 2350 viderentur,
1193 2321 1412 2351 relinquerentur

93 2349 306 2378 injudicata—7.
325 2353 503 2378 Adversarum
517 2355 702 2384 partium—8.
721 2356 759 2378 De
774 2355 813 2378 tiis
827 2356 914 2379 causis
927 2355 1052 2380 omnibus
1067 2356 1171 2385 singula
1185 2356 1284 2381 diserte
1298 2362 1410 2381 narran-

96 2387 141 2409 tur
155 2386 183 2409 in
195 2386 373 2416 Fraymeutis
391 2389 546 2414 oratorum
562 2391 658 2419 saepius
672 2393 837 2415 memoratis.
