1539 2668
476 162 516 190 A„
536 162 575 191 U.
599 162 635 191 C.
660 162 731 192 822.
756 163 852 192 A.¹C.
875 161 926 191 69.
1302 164 1361 194 367

47 236 167 268 coetum
182 233 387 266 incendisset
405 243 441 266 se
464 243 557 266 reum
584 235 712 266 Atticus
729 235 908 274 obtulerat,
925 241 1028 274 eaque
1051 234 1274 275 concesium,
1293 238 1364 271 sive

47 284 159 323 aptum
175 282 311 321 tempori
325 281 528 313 mendacium
543 281 605 312 suit
616 303 628 321 ,
647 280 800 314 ‘invidiam
816 282 1006 321 crimenque
1020 281 1191 321 agnovisse
1207 286 1274 316 eta
1290 294 1365 325 par-

48 330 133 363 tibus
148 328 269 360 Vitellii
286 328 437 359 amolitus
452 329 626 360 videbatur

90 380 220 408 LXXVI.
249 375 361 407 iisdem
375 375 488 406 diebus
500 379 534 406 L.
550 374 696 407 vitellius
708 375 823 416 positis
833 375 919 416 apud
931 374 1100 408 Feroniam
1113 376 1228 409 castris
1242 378 1370 410 excidio

49 424 231 456 Terracinae
248 423 438 455 imminebat
451 446 461 462 ,
479 422 599 454 clausis
622 423 685 454 illic
703 422 932 462 gladiatoribus
950 422 1190 463 remigibusque
1201 447 1210 462 ,
1227 425 1283 465 qui
1306 435 1372 458 non

50 470 293 512 egredimoenia
310 478 413 509 neque
435 469 613 510 periculum
639 470 671 501 in
689 471 800 510 aperto
820 469 992 501 audebant.
1012 472 1166 510 praeerat,
1190 474 1225 502 ut
1245 481 1344 512 supra
1361 474 1368 491 ¹

53 520 326 556 memoravimus,
350 519 498 550 Julianus
519 519 769 558 gladiatoribus,
795 519 986 560 Apollinaris
1018 520 1215 560 remigibus,
1241 522 1374 555 lascivia

52 567 261 606 socordiaque
281 565 494 604 gladiatorum
512 566 612 606 magis
629 575 727 606 quam
744 566 864 598 ducum
882 566 1014 598 simileS.
1037 576 1102 598 non
1121 567 1243 607 vigilias
1261 578 1372 610 agere,

53 623 116 646 non
135 615 241 647 intuta
257 614 412 644 inoenium
430 614 558 645 tii-mare
575 623 582 645 :
600 616 698 646 noctu
715 613 831 653 dieque
847 613 926 645 fluxi
943 615 975 646 et
992 623 1119 646 amoena
1135 614 1283 648 littorum
1303 626 1374 657 per-

52 664 205 693 sonantes
219 685 227 699 ,
247 661 277 690 in
297 660 513 691 ministerium
532 661 626 692 luxus
640 660 790 700 dispersis
803 660 962 692 militibus
973 685 982 700 ,
999 661 1039 692 de
1053 661 1137 693 bello
1152 664 1281 694 tantum
1294 664 1377 696 inter

55 708 206 740 convivia
218 707 444 746 loquebantur.
457 711 578 738 Paucos
589 709 664 739 ante
671 707 741 739 dies
749 707 938 739 discesserat
952 708 1086 748 Apinius
1097 709 1172 739 Tiro
1181 708 1192 726 ²
1200 731 1208 746 ‚
1217 709 1378 750 donisque

56 764 93 788 ac
109 755 254 796 pecuniis
271 753 384 784 acerbe
402 762 458 794 per
473 754 648 794 municipia
665 754 896 795 conquirendis
913 755 984 794 plus
997 755 1128 787 invidiae
1143 764 1240 795 quam
1256 757 1381 789 virium

56 802 203 842 partibus
220 801 370 832 addebat.

98 852 247 881 Lxxvll.
272 847 404 879 Interim
430 846 469 877 ad
494 851 529 879 L.
547 847 711 879 Vitellium
733 856 847 879 servus
869 848 1010 888 Verginii
1036 848 1197 888 Capitonis
1220 851 1382 890 perfugit,

59 896 283 938 pollicitusque
295 919 304 933 ,
317 896 346 926 si
359 893 564 934 praesidium
583 896 753 934 acciperet
764 919 771 933 ,
789 902 937 926 vacuam
958 903 1072 926 arcem
1081 894 1214 934 sattim
1232 898 1381 930 traditu-

59 951 156 983 rum,
175 944 277 974 multa
294 944 389 972 nocte
402 941 551 973 cobortes
565 941 733 982 expeditas
747 942 885 973 summis
903 942 1064 973 montium
1077 942 1160 981 jugis
1173 951 1270 983 super
1285 947 1384 984 caput

61 990 201 1022 hostium
227 990 322 1020 sistit.
348 988 424 1020 inde
446 988 537 1020 miles
557 989 597 1020 ad
621 988 743 1020 caedem
765 989 868 1028 magis
888 997 988 1029 quam
1008 988 1047 1019 ad
1067 998 1207 1029 pugnam
1228 990 1382 1024 decurrit.

61 1039 211 1070 sternunt
229 1037 369 1068 inermos
385 1038 441 1066 aut
458 1045 547 1067 arma
566 1036 749 1076 capientes,
767 1038 800 1067 et
816 1036 972 1075 quosdam
989 1044 1104 1067 somno
1123 1037 1249 1068 excitos
1260 1061 1268 1076 ,
1283 1047 1386 1077 quum

62 1084 203 1116 tenebris
213 1107 222 1122 ,
241 1092 359 1124 pavore
370 1107 379 1119 ‚
393 1083 499 1114 sonitu
513 1083 685 1122 tubarum,
701 1082 842 1114 clamore
857 1083 965 1114 hostili
981 1083 1200 1115 turbarentur.
1217 1085 1311 1123 pauci
1323 1085 1386 1124 gia-

63 1130 225 1162 diatorum
245 1130 428 1161 resistentes
445 1138 549 1169 neque
570 1129 665 1161 inulti
683 1130 838 1161 cecidere.
861 1130 959 1161 ceteri
976 1130 1015 1161 ad
1041 1139 1140 1162 naves
1159 1131 1313 1170 ruebant,
1332 1132 1387 1164 ubi

65 1180 182 1210 cuncta
210 1178 279 1218 pari
308 1177 478 1207 tormidine
507 1176 760 1216 implicabantur
772 1200 781 1216 ‚
811 1177 982 1217 permixtis
1009 1177 1161 1216 paganis,
1192 1187 1273 1218 quos
1299 1181 1387 1212 nullo

65 1225 252 1257 discrimine
266 1225 426 1255 Vitelliani
443 1224 662 1255 trucidabant.
679 1232 733 1255 sex
754 1224 935 1255 Liburnicae
952 1224 1035 1254 inter
1049 1224 1191 1263 primum
1210 1227 1386 1260 tumultum

65 1281 213 1311 evasere,
230 1273 262 1303 in
284 1274 354 1311 quis
377 1272 546 1310 praet'ectus
568 1271 677 1302 classis
691 1270 903 1311 Aponium-is,
921 1270 1054 1310 reliquae
1078 1271 1110 1301 in
1130 1270 1237 1303 littore
1257 1277 1384 1314 captae,

66 1320 122 1351 aut
143 1320 244 1350 nimio
262 1318 421 1349 ruentium
440 1327 538 1349 onere
554 1327 678 1358 pressas
699 1327 787 1349 mare
810 1318 928 1349 hausit.
951 1317 1096 1349 Julianus
1114 1317 1155 1349 ad
1170 1322 1203 1349 L.
1223 1320 1387 1355 Vitellium

67 1366 243 1407 perductus
261 1369 292 1396 et
305 1364 491 1396 verberibus
506 1365 644 1396 soedatus
657 1365 689 1395 in
709 1374 763 1396 ore
783 1364 852 1403 eJus
869 1364 1045 1404 jugulatur.
1071 1365 1158 1396 ruere
1179 1366 1234 1405 qui
1253 1375 1388 1401 uxorem

67 1417 103 1445 L.
127 1412 245 1444 Vitellii
266 1413 421 1443 Triariam
443 1412 661 1450 incesserent,
682 1413 849 1451 tamquam
866 1411 982 1451 qladio
1000 1411 1149 1443 militari
1165 1414 1277 1445 cincta
1296 1416 1388 1446 inter

69 1461 203 1493 luctum
218 1459 402 1500 cladesque
414 1461 624 1499 expuwiatoe
640 1461 837 1491 Terracinae
850 1458 994 1499 superbe
1007 1467 1163 1499 soeveque
1176 1462 1306 1500 eqisset.
1323 1462 1390 1502 ipse

68 1506 231 1540 laureain¹
262 1509 358 1545 gestae
382 1515 530 1546 prospere
547 1507 591 1537 rei
613 1506 651 1537 ad
675 1507 805 1537 fratrem
824 1506 933 1544 misit,
952 1508 1179 1545 percunctatus
1198 1509 1318 1539 statim
1340 1517 1391 1541 re-

69 1554 165 1597 yredt
186 1562 221 1585 se
243 1562 287 1585 an
306 1552 551 1592 perdomandae
570 1554 770 1593 Campamae
794 1554 950 1584 insistere
969 1552 1117 1592 juberet.
1141 1554 1225 1592 quod
1251 1555 1392 1587 satutare

70 1614 135 1638 non
148 1603 245 1635 modo
260 1602 404 1642 partibus
420 1603 605 1643 Vespasiani
616 1626 624 1641 ,
642 1603 696 1635 sed
714 1602 897 1643 reipublicae
913 1602 982 1633 fuit.
1002 1611 1076 1633 nam
1090 1602 1118 1634 si
1132 1611 1241 1634 recens
1255 1604 1392 1637 victoria

70 1651 164 1683 miles
178 1653 211 1682 et
231 1658 328 1690 super
348 1650 475 1681 insitam
490 1650 704 1690 pervicaciam
721 1650 874 1682 secundis
891 1650 981 1681 ferox
998 1653 1132 1692 Romam
1151 1651 1390 1693 contendisset,

72 1697 273 1736 haud-parva
294 1697 376 1727 mole
395 1699 553 1728 certatum
568 1706 628 1728 nec
648 1698 716 1728 sine
735 1697 834 1729 exitio
854 1696 949 1728 Urbis
970 1697 1061 1728 soret.
1078 1697 1197 1738 quippe
1216 1701 1248 1728 L.
1263 1698 1392 1731 Vitellio

72 1744 222 1784 quamvis
240 1743 350 1773 infami
369 1744 471 1774 inerat
485 1744 660 1783 industria3
682 1753 743 1776 nec
764 1744 956 1784 virtutibus,
976 1743 1119 1785 utboni,
1138 1744 1194 1777 sed
1210 1754 1275 1786 quo
1293 1747 1391 1779 modo

74 1791 230 1831 pessimus
246 1791 382 1830 quisque
393 1814 401 1827 ,
418 1790 506 1821 vitiis
519 1790 657 1822 valebat.

116 1839 276 1869 LXXVIiI.
304 1840 385 1866 Dum
408 1836 477 1867 haec
495 1836 527 1867 in
551 1836 695 1876 partibus
717 1835 835 1867 Vitellii
859 1836 1032 1876 geruntur,
1057 1836 1219 1876 digressus
1244 1837 1388 1869 Narnia¹

74 1883 260 1924 Vespasiani
276 1883 438 1914 exercitus
456 1883 552 1915 festos
565 1883 694 1914 Saturni
711 1882 778 1914 dies
792 1881 929 1913 Ocriculi
944 1891 1000 1922 per
1015 1882 1119 1913 otium
1131 1883 1279 1923 agitabat.
1295 1893 1394 1916 causa

74 1932 141 1964 tam
157 1939 265 1971 pravae
280 1939 395 1968 morae,
414 1933 448 1961 ut
464 1930 649 1961 Mucianum
662 1929 896 1970 opperirentur.
920 1937 977 1960 nec
991 1928 1122 1960 defuere
1135 1930 1190 1969 qui
1217 1931 1392 1963 Antonium

73 1977 310 2019 suspicionibus
320 1980 499 2016 arguerent,
515 1980 679 2017 tamquam
693 1976 770 2008 dolo
783 1977 1003 2008 cunctantem
1011 1977 1092 2016 post
1100 1978 1249 2008 secretas
1266 1978 1394 2010 Vitellii

75 2025 236 2066 epistolas
250 2049 258 2063 ,
277 2024 400 2065 quibus
417 2024 638 2056 consulatum
653 2026 686 2056 et
699 2023 852 2055 nubilem
868 2021 989 2061 filiam
1011 2024 1045 2054 et
1061 2022 1195 2054 dotales
1214 2032 1292 2064 opes
1312 2033 1391 2064 pre.

77 2073 164 2103 tium
176 2071 384 2112 proditionis
397 2071 580 2110 offerebat.
599 2071 650 2102 alii
662 2070 750 2110 ficta
767 2070 839 2101 haec
856 2071 889 2101 ec
908 2071 944 2101 in
962 2070 1115 2109 qratiam
1133 2070 1291 2101 Muciani
1307 2079 1392 2102 com·

73 2120 196 2157 posita.
222 2118 353 2158 quidam
377 2131 392 2145 «
406 2118 551 2149 omnium
572 2117 605 2149 id
625 2117 744 2148 ducum
770 2115 942 2148 consitium
964 2115 1084 2156 fuisse,
1110 2119 1273 2148 ostentare
1288 2118 1395 2158 potins

76 2177 95 2193 ιι
113 2164 190 2196 Urbi
204 2164 322 2196 bellum
339 2174 435 2205 quam
452 2166 579 2203 inferre,
593 2164 722 2205 quando
739 2162 942 2195 validissimae
955 2162 1104 2195 cohortes
1117 2172 1135 2195 a
1150 2163 1278 2194 Vitellio
1291 2164 1396 2195 desci-

81 2223 97 2238 «
115 2211 255 2251 vissent,
269 2215 301 2244 et
313 2212 446 2244 abscisis
458 2213 607 2245 omnibus
625 2211 782 2253 praesidiis
796 2219 946 2244 cessurus
970 2210 1105 2251 imperio
1130 2209 1310 2243 videbatur.
1337 2209 1396 2242 sed

77 2309 219 2368 affin
238 2311 333 2341 *meap-
346 2317 385 2336 εν.
403 2312 529 2338 ramma
544 2313 596 2337 «in
608 2313 697 2337 «ertio
716 2311 777 2336 erat
785 2312 915 2337 miniario
934 2310 1397 2338 n-rerroecauaa-anavimis

173 2350 194 2372 ⁵,
205 2350 276 2368 eam.

107 2379 234 2440 ὲξζὲῧί
249 2387 268 2404 ¹.
284 2382 396 2440 [pi-tactas
410 2383 552 2413 laureatas,
568 2384 601 2408 de
615 2383 711 2414 quibus
728 2383 838 2412 exponit
851 2382 951 2408 Plinius
962 2382 1115 2409 Htw-wat.
1124 2381 1187 2411 XV,
1196 2386 1239 2410 vso,
1253 2381 1269 2411 ρ
1282 2385 1343 2405 uz-

238 2421 277 2439 .¹.
311 2423 319 2440 1
341 2435 347 2441 .
359 2423 382 2442 c.
396 2423 436 2442 es.
