1539 2668
148 151 195 182 74
536 153 670 183 TACITI
693 154 900 184 ANNALIUM
922 154 993 185 LIB.
1018 154 1075 184 111.

195 229 305 259 XXIV.
331 227 506 258 Illustrium
521 228 676 259 domuum
694 227 830 259 adversa
844 227 973 268 (etenim
991 228 1075 259 haud
1094 228 1233 259 multum
1250 228 1381 260 distanti
1396 231 1474 260 tem-

153 283 234 314 pore
255 275 419 315 Calpurnii
449 276 617 314 Pisonem,
646 275 760 306 AEmilii
788 275 938 316 Lepidam
961 275 1148 315 amiserant)
1171 275 1285 307 solatio
1305 276 1416 307 affecit
1436 279 1463 306 D

152 322 281 353 Silanus
297 322 400 353 Juniae
413 322 543 353 familiae
559 321 717 354 redditus.
739 331 850 354 casum
869 322 938 362 eJus
964 323 1076 363 paucis
1093 324 1236 363 repetam
1251 323 1275 352 ¹.
1299 326 1341 354 Ut
1367 321 1469 353 valida

149 367 229 399 divo
240 370 383 408 Augusto
397 369 429 400 in
445 368 674 409 rempublicam
689 369 817 401 fortuna
829 369 856 410 ²,
870 369 916 402 ita
930 370 1017 401 domi
1034 371 1233 410 improspera
1243 368 1304 400 fuit
1315 368 1357 400 ob
1370 369 1462 408 impu

149 414 298 448 dicitiam
315 416 387 447 filiae
405 425 442 447 ac
456 416 574 456 neptis,
589 425 670 456 quas
684 416 768 448 Urbe
782 417 905 457 depulit
931 416 1157 457 adulterosque
1172 425 1284 448 earum
1301 420 1405 447 morte
1419 423 1459 446 au

153 464 228 503 suga
246 463 386 503 punivit.
417 472 491 494 nam
508 463 637 504 culpam
654 464 738 495 inter
754 465 840 496 viros
854 473 891 495 ac
907 465 1042 495 feminas
1060 465 1224 503 vulgatam
1240 463 1329 503 gravi
1343 462 1473 494 nomine

151 510 318 542 loesarum
336 511 543 551 relz'yionum
567 519 606 542 ac
623 512 762 543 violatae
778 512 969 552 majestatis
983 511 1173 552 appellando
1189 510 1391 542 clementiam
1407 517 1472 540 ma-

148 558 258 598 jorum
273 566 412 597 suasque
430 558 497 597 ipse
510 557 594 597 leges
606 558 837 598 egrediebatur.
862 558 919 590 sed
936 559 1072 589 aliorum
1097 558 1222 597 exitus,
1245 557 1341 588 simul
1367 558 1474 587 cetera

148 606 238 638 illius
253 605 357 636 aetatis
372 605 558 636 memorabo
568 629 577 645 ,
595 604 621 636 si
637 605 761 637 effectis
772 605 805 637 in
824 615 899 646 quae
919 605 1003 636 tendi
1019 605 1044 645 ³,
1058 605 1166 645 plures
1178 604 1219 636 ad
1231 612 1325 635 curas
1340 603 1350 621 ⁴
1370 603 1472 634 vitam

148 652 344 693 produxero.
371 655 408 684 D.
424 652 561 691 Silanus,
579 652 613 683 in
635 653 724 690 nepti
750 653 887 691 Augusti
912 653 1050 692 adulter,
1075 660 1273 692 quamquam
1298 660 1364 681 non
1388 650 1474 681 ultra

148 700 231 731 foret
258 699 409 730 saevitum
435 708 533 739 quarn
561 701 596 730 ut
618 699 763 731 amicitia
788 699 920 731 Caesaris
946 700 1168 740 prohiberetur
1181 698 1208 738 ⁴,
1234 697 1383 729 exsilium
1412 696 1472 727 sibi

148 746 362 777 demonstrari
380 746 556 785 intellexit,
576 756 636 778 nec
652 746 713 777 nisi
727 747 853 778 Tiberio
870 747 1074 786 imperitante
1090 745 1254 786 deprecari
1272 746 1419 775 senatum
1434 751 1471 774 ac

148 794 330 833 Principem
346 802 444 825 ausus
459 794 525 832 est,
539 797 581 824 M.
599 793 697 825 Silani
710 794 815 825 fratris
837 794 993 834 potentia,
1010 793 1066 833 qui
1082 802 1138 833 por
1154 792 1312 831 insignem
1326 791 1471 823 nobilita-

149 846 215 873 tem
238 844 270 872 et
283 840 497 880 eloquentiam
511 841 724 881 praecellebat.
740 841 795 872 sed
810 840 957 872 Tiberius
971 844 1072 880 grates
1085 840 1191 879 agenti
1207 839 1312 871 silano
1324 838 1471 870 Patribus

151 898 258 920 coram
279 888 462 928 respondit,
488 897 552 920 «se
580 897 710 928 quoque
737 888 841 920 laetari
870 888 954 928 quod
979 889 1076 919 frater
1097 888 1166 928 ejus
1184 896 1201 918 e
1220 886 1473 927 peregrinatione

154 950 166 963 :‹
186 935 360 975 longinqua
391 936 595 973 revertisset3
618 935 717 975 idque
729 935 802 975 jure
829 935 972 973 licitum,
997 935 1073 975 quia
1087 935 1158 975 lnon
1175 932 1471 972 senatusconsulto,

151 998 165 1010 «ι
185 992 249 1014 non
268 983 334 1022 lege
348 982 458 1022 pulsus
473 982 566 1014 foret.
583 981 642 1013 sibi
660 984 769 1014 tamen
783 982 938 1014 adversus
954 991 1028 1013 eum
1042 982 1180 1022 integras
1201 980 1343 1022 parentis
1358 980 1407 1011 sui
1422 980 1471 1011 of·

153 1046 167 1058 ιι
187 1030 366 1069 sensiones,
385 1038 491 1070 neque
507 1029 613 1060 reditu
637 1029 736 1061 Silani
752 1029 907 1060 dissoluta
927 1037 1001 1069 quae
1015 1031 1175 1069 Augustus
1197 1027 1360 1060 voluisset.
1376 1040 1390 1055 »
1411 1026 1474 1058 suit

148 1079 285 1120 posthac
301 1076 334 1107 in
351 1076 431 1107 urbe
449 1085 554 1116 neque
567 1077 704 1108 honores
716 1076 852 1116 adeptus
868 1077 925 1107 est.

188 1129 281 1157 XXV.
306 1123 454 1155 Relatum
471 1123 586 1155 deinde
602 1123 642 1154 de
655 1123 855 1162 moderanda
865 1123 962 1163 Papia
977 1127 1114 1163 Poppaea
1132 1124 1158 1162 ¹,
1173 1130 1271 1162 quam
1287 1122 1394 1153 senior
1407 1125 1472 1154 Au-

147 1175 260 1214 gustus
276 1172 350 1211 post
366 1172 384 1202 J
389 1170 471 1201 ulias
487 1170 670 1209 rogationes
687 1168 699 1187 ²
716 1169 887 1201 incitandis
903 1169 1051 1200 caelibum
1067 1170 1172 1209 poenis
1185 1171 1218 1200 et
1235 1168 1379 1208 augendo
1394 1177 1474 1200 aera-

145 1221 196 1252 rio
208 1219 220 1237 ³
236 1219 407 1249 sanxerat:
427 1225 486 1247 nec
499 1216 570 1247 ideo
586 1216 735 1256 conjugia
751 1218 782 1247 et
798 1215 1005 1247 educationes
1019 1216 1156 1247 liberum
1174 1214 1472 1256 frequentabantur,

146 1265 323 1308 praevalida
335 1264 345 1282 '⁴
371 1263 522 1295 orbitate.
547 1265 690 1295 ceterum
708 1262 881 1294 multitudo
894 1263 1143 1303 periclitantium
1157 1262 1309 1303 gliscebat
1321 1262 1349 1303 ⁵,
1370 1272 1472 1303 quum

149 1313 253 1345 omnis
270 1312 388 1343 domus
403 1310 582 1342 delatorum
598 1310 919 1350 interpretationibus
930 1310 942 1328 ⁶
957 1310 1212 1349 subverte-retum
1228 1310 1327 1350 utque
1339 1310 1474 1344 antehac

147 1360 297 1400 flagitiis,
314 1360 360 1389 ita
372 1360 452 1389 tune
463 1358 585 1397 legibus
597 1357 812 1388 laborabatur.
828 1366 865 1388 ea
878 1367 927 1389 res
942 1358 1096 1389 admonet
1107 1359 1145 1389 ut
1161 1358 1201 1389 de
1217 1357 1380 1398 principiis
1392 1359 1474 1398 juris

146 1411 180 1440 et
194 1407 312 1447 quibus
328 1404 432 1436 modis
445 1404 485 1435 ad
503 1405 586 1435 hanc
598 1403 839 1435 multitudinem
857 1403 1015 1435 infinitam
1028 1413 1065 1435 ac
1080 1404 1270 1436 varietatem
1285 1404 1392 1444 legum
1404 1414 1474 1446 per—

145 1455 281 1486 ventum
302 1452 364 1491 sit,
379 1452 474 1482 altius
491 1451 654 1482 disseram.

188 1503 296 1533 XXVI.
320 1498 535 1529 Vetustissimi
549 1498 752 1538 mortalium,
771 1497 859 1528 nulla
875 1497 980 1529 adhuc
994 1498 1237 1537 malalibidine‚
1261 1497 1329 1529 sine
1341 1498 1472 1539 probro,

148 1548 280 1586 scelere,
294 1555 396 1586 eoque
411 1545 480 1576 sine
496 1553 590 1585 poena
605 1546 661 1576 aut
674 1543 921 1576 coercitionibus
939 1545 1075 1585 agebant
1092 1554 1100 1575 ε
1117 1553 1222 1585 neque
1236 1545 1376 1585 praemiis
1391 1554 1473 1586 opus

147 1595 233 1633 erat,
249 1601 351 1634 quum
368 1592 501 1623 honesta
517 1594 632 1631 suopte
645 1590 771 1630 ingenio
787 1593 995 1631 peterentur3
1013 1594 1045 1623 et
1057 1592 1111 1622 ubi
1127 1592 1205 1622 nihil
1221 1593 1334 1623 contra
1348 1600 1471 1623 morem

147 1642 323 1682 cuperent,
343 1639 423 1670 nibil
441 1647 497 1679 per
513 1641 636 1669 metum
652 1637 857 1669 vetabantur.
884 1642 917 1668 at
939 1642 1108 1679 postquam
1134 1638 1209 1669 exui
1231 1638 1418 1679 aequalitas,
1439 1641 1472 1671 et

146 1698 206 1731 pro
223 1687 381 1719 modestia
394 1695 431 1716 ac
446 1685 570 1726 pudore
581 1684 716 1716 ambitio
729 1686 762 1716 et
777 1684 827 1716 vis
839 1684 1025 1724 incedebat,
1037 1693 1213 1725 provenere
1222 1684 1470 1726 dominationes,

147 1735 332 1774 multosque
344 1733 430 1773 apud
448 1732 585 1773 populos
597 1734 755 1763 aeternum
771 1740 926 1763 mansere.
941 1732 1074 1772 quidam
1087 1732 1196 1763 statim
1209 1755 1218 1771 ,
1231 1734 1288 1762 aut
1299 1734 1470 1772 postquam

147 1790 257 1821 regum
274 1781 447 1820 pertaesum
458 1803 467 1819 ,
486 1779 571 1818 leges
585 1779 779 1810 maluerunt.
797 1778 848 1810 hae
863 1778 985 1819 primo,
1002 1778 1136 1810 rudibus
1152 1778 1319 1809 hominum
1333 1779 1448 1811 animis
1460 1805 1470 1820 ,

148 1828 310 1868 simplices
326 1828 438 1866 erant3
460 1826 669 1865 maximeque
696 1825 781 1856 fama
806 1825 981 1857 celebravit
1007 1825 1230 1864 Cretensium,
1253 1833 1333 1865 quas
1348 1826 1468 1868 Minos,

145 1879 394 1917 Spartanorum,
408 1882 488 1913 quas
503 1876 686 1912 Lycurgus3
706 1881 745 1903 ac
770 1881 848 1904 mox
867 1872 1113 1904 Atheniensibus
1135 1872 1336 1912 quaesitiores
1353 1873 1420 1913 jam
1437 1874 1470 1905 et

146 1924 253 1964 plures
274 1921 347 1953 Solo
365 1920 561 1961 perscripsit.
578 1919 672 1951 nobis
690 1919 868 1960 Romulus,
889 1920 927 1951 ut
947 1918 1093 1960 libitum,
1112 1919 1369 1960 imperitaverat5
1393 1919 1469 1951 dein

174 2018 272 2042 XXIV.
291 2021 312 2040 ι.
331 2015 371 2040 Ab
386 2015 465 2039 initio
483 2014 649 2038 narrabo.-
663 2020 687 2038 α.
708 2014 825 2038 Fortuna
843 2019 897 2044 qua
915 2014 1044 2038 utebatur
1062 2014 1091 2038 tn
1109 2013 1192 2038 rebus
1213 2013 1248 2037 ad
1270 2014 1468 2043 rempublicam

146 2052 342 2083 spectantibus.
356 2064 383 2068 —
397 2056 419 2074 s.
439 2051 490 2074 Pro
508 2050 632 2074 tetendi:
648 2050 680 2073 iis
699 2050 726 2073 in
743 2055 802 2078 quae
815 2049 933 2073 animum
950 2048 1063 2072 intendi.
1075 2060 1105 2066 ·—-
1121 2053 1141 2072 4.
1159 2048 1244 2072 Curoe
1257 2054 1326 2077 saepe
1340 2048 1468 2074 dicuutur

147 2089 246 2116 scripta
258 2086 379 2110 studiose
390 2085 539 2114 elaborata,
552 2086 584 2109 ut
595 2086 695 2109 Graecis
708 2081 842 2120 μελέται.
857 2096 886 2101 -
896 2089 920 2108 ε.
936 2084 987 2113 Qui
998 2084 1078 2107 domo
1092 2089 1139 2106 sua
1153 2083 1178 2106 ei
1190 2083 1378 2107 interdixerat.

176 2123 257 2147 XXV.
275 2127 293 2145 ι.
307 2122 349 2145 Se.
358 2120 427 2149 lege,
438 2126 497 2148 quae
507 2120 620 2150 Augusti
631 2120 707 2149 jussu
720 2127 746 2144 a.
760 2120 790 2144 U.
801 2125 846 2144 762
858 2119 963 2143 sancita
974 2125 989 2142 a
1003 2118 1159 2142 consulibus
1170 2118 1322 2146 subrogatis
1333 2118 1369 2142 M.
1384 2120 1466 2149 Papio

146 2159 252 2185 Mutilo,
269 2157 299 2185 Q.
315 2156 427 2184 Poppaeo
443 2155 572 2183 secundo,
588 2156 660 2179 dicta
673 2156 708 2179 de
718 2154 895 2179 maritandis
908 2153 1068 2181 ordinibus,
1082 2159 1126 2177 res
1133 2153 1167 2177 ad
1179 2153 1350 2177 matrimonia
1364 2154 1391 2177 et
1407 2160 1467 2179 san-

147 2196 271 2219 ctitatem
288 2196 391 2214 morum
406 2190 587 2218 conjugalium
601 2192 759 2219 spectantes
771 2189 950 2213 saluberrime
969 2189 1146 2212 constituens.
1157 2199 1187 2205 —
1201 2192 1226 2211 2.
1249 2188 1345 2217 Legem
1367 2188 1465 2214 sunam

146 2231 212 2254 item
229 2229 265 2252 cle
275 2224 450 2250 maritandis
464 2224 615 2248 ordinibus
626 2231 652 2249 a.
666 2226 697 2250 U.
708 2230 752 2249 73⁷
763 2225 854 2253 latam;
864 2223 1008 2253 aliquoties
1020 2223 1160 2250 renovata,
1173 2222 1209 2246 ob
1220 2222 1272 2246 hoc
1283 2224 1310 2246 et
1323 2223 1464 2249 titulorum

146 2265 337 2288 distinctorum
350 2260 456 2289 copiam
469 2265 538 2288 saepe
551 2259 649 2289 plurali
663 2266 776 2284 numero
792 2260 871 2283 dicta.
884 2272 913 2276 —
925 2264 948 2282 3.
966 2259 1032 2282 Vide
1045 2264 1070 2283 c.
1085 2262 1123 2282 28.
1138 2270 1168 2275 -
1180 2262 1201 2281 a.
1212 2258 1253 2281 Ob
1270 2263 1357 2281 mores
1380 2259 1462 2284 disso-

146 2299 218 2323 lutos
230 2298 309 2323 Urbis
323 2296 350 2320 et
363 2294 544 2323 heredipetaS,
561 2294 607 2323 qui
626 2295 709 2319 orbos
733 2295 806 2319 omni
824 2294 913 2318 studio
926 2293 1062 2318 colebant.
1072 2299 1134 2317 -5.
1150 2293 1316 2322 Augebatur.
1331 2298 1392 2316 -ε-
1406 2295 1464 2318 Non

147 2333 327 2358 delationibus
343 2330 508 2359 simpliciter,
518 2330 549 2352 ut
562 2330 590 2353 in
606 2329 684 2358 culpa
707 2336 763 2354 non
780 2329 929 2357 manifesta,
954 2328 1002 2352 sed
1024 2327 1325 2357 interpretationibus,
1346 2328 1407 2356 quia
1432 2333 1465 2351 ex

143 2371 228 2399 statu,
242 2366 408 2396 conditione,
428 2364 671 2390 consuetudinibus
687 2365 826 2390 hominum
840 2363 971 2388 elicienda
993 2365 1053 2388 erat
1065 2363 1145 2394 culpa
1158 2360 1373 2393 interpretando.
1387 2358 1464 2383 Cont-

143 2410 167 2428 c.
185 2409 221 2428 28.
