1539 2668
147 228 210 262 1⁴10
518 224 650 254 TACITI
674 223 931 253 HSTORIARUM
956 221 1030 251 Llss.
1054 221 1094 250 V.

149 310 240 333 sacra
252 311 260 339 ;
279 308 407 330 rursum
421 307 573 330 concessa
585 297 671 338 apud
686 297 759 328 illos
771 305 845 336 quae
858 295 950 327 nobis
964 295 1085 326 incesta
1100 293 1122 325 ¹.
1138 293 1276 334 effigiem
1289 292 1439 324 animalis
1450 293 1476 330 ²,

151 357 216 388 quo
236 348 441 378 monstrante
458 354 603 377 errorem
619 344 775 383 sitimque
790 343 1002 383 depulerant,
1021 341 1176 382 penetrali
1194 349 1378 378 sacravere,
1395 347 1478 369 caeso

150 397 254 427 ariete
272 394 364 425 velut
380 393 414 423 in
432 392 667 424 contumeliam
683 390 875 422 Hammonis
892 390 916 419 ³.
938 389 997 420 bos
1013 396 1144 428 quoque
1158 388 1364 425 immolatur,
1382 395 1477 425 quem

150 441 294 482 AEgyptii
321 440 403 480 Apin
430 440 553 470 colunt.
582 447 640 470 sue
667 438 831 469 abstinent
856 437 1012 469 memoria
1035 435 1136 467 cladis
1160 444 1223 474 qua
1247 434 1332 474 ipsos
1354 432 1479 464 scabies.

149 489 316 529 quondam
330 487 539 526 turpaverat,
558 486 609 516 cui
628 484 659 515 id
678 484 797 516 animal
814 483 1023 515 obnoxium⁴.
1043 484 1171 522 longam
1184 482 1262 512 olim
1277 481 1396 512 samem
1416 488 1481 509 cre-

150 536 216 567 bris
244 536 354 566 adliue
376 533 509 572 jejuniis
535 533 705 572 satentur;
732 535 765 564 et
792 534 959 572 raptarum
986 532 1112 570 frugum
1134 531 1360 569 argumentum
1384 525 1479 567 panis

150 583 306 614 Judaicus
321 581 411 611 nullo
428 580 587 610 sei-mento
605 579 774 611 retinetur.
793 592 808 606 «ι
819 578 958 618 septimo
972 578 1024 608 die
1039 577 1140 608 otium
1155 576 1313 616 placuisse
1325 587 1340 600 n
1357 574 1477 607 serunt,

152 643 167 658 a
187 630 264 670 quia
282 629 309 660 is
328 628 425 659 linem
442 627 590 658 laborum
612 627 766 665 tulerit-‘¹3
786 626 858 657 dein
877 625 1059 657 blandiente
1075 624 1189 655 inertia
1205 622 1378 662 septimum
1397 627 1475 659 quo-

153 690 169 705 «
188 686 251 717 que
266 683 387 707 annum
405 674 542 713 ignaviae
560 674 674 704 datum
687 673 713 704 θ.
729 688 743 699 »
762 673 814 704 alii
835 673 1016 703 «honorem
1030 679 1105 702 eum
1121 672 1257 702 Saturno
1275 667 1385 700 haberi
1396 691 1404 705 ,
1420 673 1477 696 seu

153 737 170 753 «
188 722 349 765 principia
374 720 540 759 religionis
564 719 768 750 tradentibus
791 719 887 750 Idaeis
902 743 910 758 ,
938 727 1020 758 quos
1045 726 1120 748 cuni
1150 719 1287 747 Saturno
1313 715 1421 754 pulsos
1445 713 1477 743 et

154 785 171 800 «
188 770 374 803 conditores
390 767 493 806 gentis
515 766 703 806 accepimus
720 766 746 805 ⁷,
764 775 820 797 seu
838 766 923 806 quod
941 775 957 796 e
980 768 1103 805 septem
1119 763 1288 799 sideribus,
1306 763 1377 801 quis
1393 767 1478 790 mor-

153 830 171 846 «
189 818 269 849 tales
289 818 456 855 reguntur,
481 813 641 844 altissimo
660 813 737 844 orbe
754 816 786 843 et
804 812 968 851 praecipua
988 812 1133 852 potentia
1150 810 1239 841 stella
1256 808 1385 840 Saturni
1399 807 1479 838 fera-

155 878 172 894 «
188 868 241 896 tur
259 873 266 894 :
282 872 320 894 ac
337 862 485 902 pleraque
502 860 684 891 coelestium
701 859 768 890 vim
788 868 880 890 suam
894 861 926 891 et
941 867 1073 890 cursum
1085 857 1241 898 septimos
1255 865 1311 896 per
1324 861 1478 886 numeros

155 925 172 941 n
190 918 374 943 commeare
387 909 412 938 ⁸.
431 921 446 934 n

194 963 233 990 V.
250 958 288 989 Hi
308 957 390 987 ritus
407 962 539 994 quoquo
556 953 654 984 modo
672 952 797 983 inducti
814 953 1010 993 antiquitate
1025 951 1252 984 defenduntur.
1267 950 1373 980 cetera
1389 945 1482 978 insti-

152 1008 225 1040 tuta
250 1004 378 1036 sinistra
404 1001 485 1032 freda
502 1000 664 1040 pravitate
679 1000 820 1031 valuere.
848 1009 920 1030 nam
945 999 1105 1040 pessimus
1120 999 1259 1038 quisque
1275 996 1391 1037 spretis
1409 996 1479 1027 reli-

154 1053 302 1094 gionil‘as
318 1049 432 1090 patriis
447 1048 453 1065 ¹
476 1047 598 1078 tributa
613 1048 645 1077 et
666 1046 768 1085 stipes
784 1047 859 1077 illuc
882 1046 1057 1086 gerebant3
1073 1046 1160 1077 unde
1176 1046 1280 1076 auctae
1293 1044 1479 1075 Judaeorum

154 1109 224 1139 res,
241 1102 273 1130 et
295 1098 371 1138 quia
392 1094 475 1135 apud
500 1094 587 1133 ipsos
608 1093 685 1124 lides
707 1093 891 1131 obstinata,
917 1092 1137 1123 misericordia
1158 1092 1192 1122 in
1212 1092 1365 1131 promptu
1379 1089 1405 1129 ²,
1423 1089 1480 1120 sed

153 1148 311 1179 adversus
327 1151 439 1175 omnes
455 1141 535 1171 alios
552 1140 666 1170 hostile
683 1139 793 1170 odium
808 1139 831 1168 ³.
855 1140 993 1179 separati
1011 1139 1113 1179 epulis
1124 1163 1133 1178 ,
1153 1137 1286 1169 discreti
1301 1136 1459 1168 cubilibus
1470 1160 1480 1176 ,

154 1191 390 1235 projectissima.
410 1189 449 1220 ad
472 1187 641 1218 libidinem
665 1195 742 1225 gens
755 1210 763 1224 ,
781 1186 960 1217 alienarum
978 1186 1130 1217 convictu
1145 1185 1324 1224 abstinent;
1344 1184 1429 1215 inter
1446 1192 1481 1215 se

153 1240 236 1273 nihil
250 1239 407 1270 illicitum.
425 1233 657 1265 circumcidere
674 1233 826 1272 genitalia
842 1233 1024 1272 instituere,
1038 1235 1075 1263 ut
1090 1233 1277 1263 diversitate
1292 1232 1479 1262 noscantur.

154 1285 349 1327 transgressi
375 1284 408 1314 in
434 1289 559 1312 morem
583 1289 695 1311 eorum
714 1280 800 1312 idem
825 1282 1006 1321 usurpant,
1034 1288 1093 1311 nec
1117 1280 1290 1320 quicquam
1315 1278 1404 1319 prius
1423 1277 1481 1308 im-

153 1336 302 1367 buuntur
319 1340 416 1372 quain
432 1330 640 1359 contemnere
654 1328 768 1367 deos⁴,
782 1337 900 1359 exuere
915 1328 1053 1368 patriam
1067 1350 1075 1366 ‚
1090 1329 1238 1367 parentes
1250 1351 1258 1366 ,
1275 1325 1405 1364 liberos,
1421 1325 1483 1355 fra-

153 1385 219 1415 tres
238 1381 314 1412 vilia
338 1378 466 1409 habere.
485 1375 640 1415 augendae
660 1377 769 1406 tamen
788 1375 991 1406 multitudini
1012 1375 1206 1406 consulitur.
1228 1382 1301 1404 nam
1321 1375 1353 1404 et
1368 1379 1483 1403 necare

154 1435 352 1470 quemquam
369 1434 408 1456 ex
427 1424 551 1464 agnatis
564 1423 574 1440 ⁵
593 1424 697 1463 netas,
714 1423 903 1462 animasque
922 1423 1034 1462 proelio
1051 1424 1108 1453 aut
1124 1420 1289 1461 suppliciis
1302 1421 1481 1461 perempto-

154 1484 227 1508 rum
239 1475 251 1493 ὃ
278 1476 415 1506 aeternas
438 1473 566 1511 putant.
594 1469 670 1501 hinc
689 1469 865 1510 generandi
896 1479 987 1500 amor
1018 1470 1050 1501 et
1075 1469 1233 1500 moriendi
1263 1469 1479 1507 contemptus.

154 1530 290 1563 corpora
305 1518 463 1552 condere⁷
485 1527 583 1558 quam
600 1526 744 1549 cremare
760 1527 777 1549 e
797 1526 888 1548 more
903 1518 1067 1557 AEgypti03
1086 1517 1264 1556 eademque
1279 1524 1356 1547 cura
1369 1515 1379 1532 ³
1400 1516 1431 1545 et
1443 1514 1484 1545 de

183 1603 228 1627 IV.
247 1608 266 1625 i.
281 1600 361 1624 Verbi
376 1605 464 1627 eausa,
480 1598 568 1628 patrui
584 1598 685 1627 nuptia}
698 1603 757 1621 cum
774 1597 865 1621 fratris
879 1597 940 1620 filia.
952 1609 981 1614 —
991 1602 1013 1620 2.
1026 1597 1116 1626 Asini,
1129 1596 1174 1625 qui
1194 1602 1208 1619 a
1220 1596 1332 1626 paganis
1349 1595 1440 1619 multis
1454 1595 1486 1618 ut

153 1637 188 1662 ab
201 1637 301 1661 Jutlaeis
316 1635 405 1659 cultus
417 1633 586 1657 credebatur.
608 1633 714 1656 Retutat
730 1632 865 1661 Joseplius
880 1632 987 1656 Contra
1002 1632 1141 1660 Apionem
1157 1631 1188 1658 ll,
1204 1636 1281 1654 7.—5.
1296 1631 1350 1654 imo
1364 1631 1485 1660 cogitan-

154 1675 219 1697 dum
234 1673 267 1695 de
282 1672 366 1694 ariete
381 1671 408 1692 et
420 1669 490 1692 bove
508 1668 700 1697 piacularibus,
714 1668 741 1690 in
756 1668 866 1691 Levitie.
882 1668 948 1694 XVI,
964 1673 977 1690 r»
991 1673 1063 1696 seqq.
1079 1671 1137 1689 —4.
1157 1667 1227 1694 Imo,
1243 1667 1273 1689 ut
1286 1667 1408 1694 constat,
1424 1665 1485 1695 lege

154 1708 189 1731 ob
204 1706 387 1730 valetudinem
403 1704 467 1727 lata.
484 1704 629 1732 Sequentia
643 1708 671 1726 re
686 1704 742 1731 ipsa
759 1704 935 1725 consentiunt
949 1702 1005 1726 [ere
1020 1708 1082 1725 cuni
1099 1702 1188 1725 Sacris
1203 1702 1325 1729 Litteris,
1340 1702 1387 1724 sed
1401 1702 1485 1724 ratio-

154 1749 203 1766 nes
217 1742 289 1765 falsae
304 1740 386 1764 rebus
402 1739 563 1762 subduntur.
576 1752 602 1754 —
613 1744 634 1761 5
654 1739 750 1761 Veram
768 1739 901 1761 rationem
923 1737 983 1760 vide
996 1738 1090 1761 Genes.
1106 1738 1144 1766 11,
1160 1742 1185 1765 Ως
1206 1736 1317 1760 Levitic.
1335 1736 1439 1763 XXIII.
1457 1741 1481 1759 5.

156 1775 386 1801 Contundithune
397 1775 505 1797 Tacitus
519 1780 581 1796 cum
598 1775 702 1802 septeni
717 1773 811 1796 diebus
823 1771 875 1804 τῆς
891 1767 1116 1807 σκηνοπηγίας,
1135 1772 1220 1794 Levit.
1235 1771 1332 1799 XXIII,
1350 1775 1378 1793 42
1392 1776 1486 1800 seq.-

153 1819 177 1837 6.
196 1814 233 1836 De
246 1812 364 1839 septimo
379 1815 456 1832 anno
471 1810 525 1831 Deo
541 1810 703 1832 consecrato
722 1808 781 1831 vide
795 1808 880 1831 Levit.
895 1808 980 1836 XXV,
999 1813 1012 1831 ⁴
1025 1814 1099 1836 seqq.
1111 1820 1136 1823 —
1149 1812 1171 1830 7.
1185 1805 1257 1830 Cont-
1273 1811 1296 1829 c.
1309 1811 1330 1828 2·
1342 1818 1370 1821 -—
1381 1811 1404 1828 8.
1418 1806 1484 1829 Ver-

154 1850 219 1873 huin
233 1846 289 1869 solo
306 1844 475 1868 substantivo
490 1849 609 1867 cursum
624 1845 715 1872 aptum
730 1849 735 1865 2
753 1842 881 1871 pleraque
895 1842 984 1866 sidera
1002 1843 1055 1865 vim
1070 1848 1145 1865 suam
1159 1841 1322 1871 (ostendere)
1336 1841 1364 1864 et
1377 1845 1484 1864 cursum

156 1883 292 1908 conficere
312 1886 360 1910 per
373 1885 502 1903 numeros
516 1879 701 1908 septenarios:
715 1879 760 1907 qui
775 1879 873 1902 Graecis
892 1882 970 1900 sacer
991 1878 1111 1906 habitus,
1135 1877 1283 1906 praesertim
1301 1877 1363 1906 post
1385 1876 1485 1906 Pytha-

176 1924 261 1943 oram.

156 1926 173 1950 g
187 1955 215 1977 V.
232 1958 251 1976 ι.
267 1951 397 1975 Nimirum
409 1949 496 1979 patria
509 1950 641 1978 religione
655 1949 770 1978 abjecta,
784 1949 938 1972 Judaeorum
951 1947 1052 1972 cultum
1068 1947 1214 1978 amplexus.
1225 1947 1285 1971 Non
1299 1946 1386 1970 solum
1400 1944 1485 1971 Judaei

155 1989 216 2018 ipsi,
229 1988 285 2017 jam
303 1988 359 2009 tum
375 1991 423 2014 per
436 1990 529 2008 omnes
544 1986 632 2007 terras
646 1985 725 2014 vagi,
747 1985 794 2007 sed
814 1985 976 2013 transgressi
991 1984 1072 2007 etiam
1093 1984 1120 2007 in
1134 1989 1227 2007 eorum
1243 1983 1322 2011 rium,
1342 1982 1485 2011 pecuniam

155 2024 303 2054 quotannis
326 2020 494 2049 Iliersolyma
516 2020 669 2043 mittebant.
693 2021 731 2043 De
754 2026 807 2049 qua
830 2026 859 2043 rc
880 2020 935 2048 jam
955 2020 1049 2043 Cicero
1071 2020 1097 2043 ln
1120 2019 1195 2043 Orat.
1214 2024 1267 2047 pro
1281 2017 1382 2042 Flacco
1399 2023 1422 2041 c.
1436 2022 1483 2041 28:

159 2061 255 2092 Quum
278 2062 386 2080 autumn
405 2055 575 2079 Judoeorum
597 2057 710 2079 nomine
731 2055 885 2085 quotannc's
906 2061 941 2078 ez·
961 2055 1050 2079 Italia
1073 2055 1101 2078 et
1121 2060 1157 2078 ez·
1178 2053 1307 2077 omnibus
1323 2053 1485 2081 provinciis

157 2093 359 2121 Hierosolyma
377 2092 532 2120 exportare
553 2091 660 2119 liceret,
676 2091 795 2114 Flaccus
812 2092 972 2119 (propraetor
986 2090 1063 2119 Asiae)
1076 2090 1176 2113 sanxit
1189 2090 1288 2117 edicto,
1305 2093 1341 2111 ne
1358 2093 1393 2111 ez·
1415 2088 1485 2112 Asia

158 2127 311 2159 exportari
334 2127 441 2150 liceret.
464 2126 647 2154 Imperatores
672 2127 764 2149 autem
788 2125 983 2149 confirmarunt
1006 2131 1084 2148 usum
1108 2131 1123 2148 a
1146 2125 1275 2148 Cicerone
1297 2123 1484 2146 memoratum.

158 2165 246 2188 Certis
260 2163 428 2190 argumentis
442 2161 580 2190 colligitur
595 2160 732 2184 habitasse
749 2161 819 2184 ultra
833 2165 957 2189 4,000,000
970 2160 1076 2184 Judaeos
1089 2162 1175 2184 terras
1191 2159 1391 2188 peregrinas.—
1402 2163 1424 2180 ει.
1442 2158 1484 2182 Sc.

158 2200 288 2223 adversus
301 2203 371 2224 suns,
387 2197 459 2226 quod
474 2202 506 2220 ex
520 2197 652 2225 oppositis
665 2196 871 2225 intelligitur.-——
880 2201 901 2219 5.
917 2195 993 2225 Quod
1006 2195 1069 2218 hinc
1081 2196 1162 2219 etiam
1176 2194 1335 2218 Christianis
1347 2192 1485 2221 obiectum

159 2235 275 2259 vidimus
290 2233 395 2257 Annal.
408 2232 470 2259 XV,
490 2236 529 2255 ⁴4.
543 2244 571 2248 —
587 2236 607 2254 4,
630 2232 751 2261 paganos
772 2231 889 2260 quidem.
904 2230 995 2254 lmbzci
1010 2230 1123 2260 aliquid
1142 2235 1231 2259 graeca
1245 2230 1271 2253 et
1291 2230 1397 2259 poetica
1411 2231 1485 2252 stru-

160 2271 235 2294 ctura
251 2275 307 2298 pro,
322 2268 407 2291 imbui
418 2267 543 2296 (institui)
557 2267 646 2296 aliqua
659 2272 700 2290 re.
714 2279 741 2283 -
753 2272 773 2290 5.
789 2266 896 2296 Aquam*
920 2266 972 2289 lioc
987 2266 1047 2289 loeo
1059 2283 1065 2293 ,
1087 2266 1118 2288 ut
1137 2266 1229 2288 Germ.
1250 2270 1275 2288 c.
1296 2269 1336 2293 ¹9,
1357 2266 1421 2290 sunt
1440 2264 1486 2293 qui

163 2305 223 2333 post
236 2303 361 2327 lautitiam
377 2303 567 2331 constitutam,
584 2302 629 2325 uni
648 2301 728 2325 heres
738 2302 795 2331 jam
809 2302 862 2329 est,
881 2301 979 2325 deinde
993 2301 1148 2324 nascuntur.
1163 2300 1311 2329 Utrobique
1329 2300 1432 2323 dictum
1452 2298 1485 2322 ad

165 2339 339 2362 Romanorum
355 2343 442 2361 mores
452 2337 625 2366 respiciendo
638 2338 683 2366 qui
697 2343 764 2366 quos
778 2337 878 2361 tollere
892 2336 1022 2360 nolebant
1033 2335 1149 2360 infantes
1166 2335 1255 2364 aliqua
1267 2335 1372 2359 ratione
1386 2335 1484 2364 perde-

163 2371 292 2394 hant-u.
306 2374 361 2396 Nou
377 2374 421 2396 tias
434 2374 528 2402 solum,
543 2373 588 2397 sed
607 2378 706 2397 omnes.
723 2374 757 2396 At
776 2372 887 2396 fortasse
901 2372 934 2396 de
947 2371 1077 2395 felicitate
1091 2372 1193 2400 majore
1207 2376 1299 2394 eorum
1317 2370 1422 2398 cogitat
1440 2370 1485 2399 qui

165 2405 234 2428 mala
246 2408 316 2436 passi
330 2407 432 2429 suuL—
445 2414 465 2432 7.
483 2410 525 2433 Sc.
544 2409 615 2432 terra
629 2409 719 2437 pot-ius
731 2413 825 2437 quam.
841 2407 927 2431 Verba
946 2413 960 2430 e
976 2412 1054 2430 more
1070 2407 1131 2435 AE'q.
1146 2406 1179 2429 ad
1197 2406 1318 2430 condere
1331 2406 1482 2434 pertinent.

167 2456 192 2460 —
205 2448 225 2466 a.
241 2443 279 2464 sc.
295 2447 351 2470 quar
372 2444 508 2473 ›Egyptiis¹
541 2445 574 2468 (le
596 2445 736 2468 servandis
753 2446 811 2468 arte
829 2442 987 2473 corporibus
1003 2444 1184 2467 mortuorum.
1209 2442 1344 2466 crematio
1360 2441 1480 2465 Mosaico
