1539 2668
104 180 163 210 474
559 178 592 205 C.
617 177 802 206 cottn'ELii
826 180 958 208 TACITI

102 257 165 297 jam
190 253 359 291 omnibus,
385 261 487 292 quum
513 252 570 282 vix
593 252 626 283 in
648 251 787 283 corona⁷
816 252 986 293 quisquam
1007 253 1133 285 assistat
1158 253 1236 293 quin
1260 252 1425 285 elementis

103 302 281 333 studiorum
296 324 304 338 ,
323 300 382 331 etsi
402 309 465 330 non
483 300 661 331 instructus
674 322 682 337 ‚
695 301 728 330 at
743 301 830 330 certe
844 299 989 331 imbutus
999 300 1009 318 ⁸
1030 300 1089 338 sit,
1107 308 1200 330 novis
1214 301 1246 331 et
1258 300 1427 339 exquisitis

103 348 298 388 eloquentiae
313 347 480 378 itineribus
494 356 576 386 opus
589 350 635 377 est
649 371 657 385 ‚
673 356 728 385 per
743 355 817 386 quae
833 350 942 379 orator
957 347 1120 378 fastidium
1135 347 1260 378 aurium
1274 346 1425 386 effugiat,

104 397 215 436 utique
228 395 314 434 apud
328 394 514 433 eosjudices
528 393 583 433 qui
599 393 631 423 vi
645 395 677 424 et
690 395 860 434 potestate,
875 403 939 425 non
951 395 1022 433 jure
1035 398 1067 425 et
1081 394 1202 433 legibus
1214 395 1426 433 cognoscunt,

102 448 134 476 et
145 452 203 474 nec
220 442 380 482 accipiunt
389 444 547 480 tempora⁷
562 441 616 472 sed
635 441 850 480 constituunt,
865 451 920 473 nec
937 441 1189 481 exspectandum
1206 441 1340 472 habent9
1357 449 1426 471 ora-

102 493 205 522 torem
220 513 228 528 ,
253 489 331 520 dum
354 489 398 519 illi
418 488 515 519 libeat
537 488 576 518 de
598 488 667 528 ipso
688 489 819 527 negotio
834 489 960 527 dicere,
978 489 1034 520 sed
1049 497 1134 529 saepe
1148 488 1233 520 ultro
1254 488 1430 520 admonent

102 540 198 578 atque
215 537 278 568 alio
295 535 580 574 transgredientem
598 539 748 566 revocant
762 538 794 566 et
809 535 960 567 festinare
977 545 1010 566 se
1026 537 1198 567 testantur.

143 590 207 617 XX.
232 598 246 611 u
262 584 342 623 Quis
362 591 447 613 nunc
465 582 546 613 feret
563 586 724 613 oratorem
739 582 779 613 de
794 583 982 614 infirmitate
996 583 1190 613 valetudinis
1203 591 1270 613 suae
1290 581 1428 622 praesan-

101 636 189 667 tem?
202 632 309 672 qualia
327 632 403 660 sunt
426 630 490 660 fere
514 629 669 670 principia
689 630 830 661 Corvini.
853 630 927 670 quis
947 630 1092 669 quinque
1111 630 1141 660 in
1156 634 1287 660 Verrem
1308 627 1424 660 libros¹

103 678 320 720 exspectabit?
338 677 409 717 quis
426 676 466 707 de
480 676 669 716 exceptione
686 680 717 708 et
737 677 876 708 formula
893 677 1090 717 perpetietur
1104 676 1156 707 illa
1171 676 1328 707 immensa
1341 675 1352 693 ²
1372 683 1429 705 vo-

105 728 226 760 lumina
247 733 319 765 quae
343 733 400 763 pro
420 727 528 754 Marco
545 724 649 754 Tullio
671 726 727 755 aut
752 724 831 755 Aulo
855 724 980 755 Caecina
1004 723 1160 762 legimus?
1179 723 1349 763 praecurrit
1370 721 1432 752 hoe

103 779 247 813 tempore
262 772 358 812 iudex
375 771 533 802 dicentem
546 796 553 810 ‚
569 773 601 801 et
617 771 678 802 nisi
696 773 752 802 aut
766 780 863 802 cursu
879 773 1143 810 argumentorum
1162 772 1218 801 aut
1236 769 1344 801 colore
1359 777 1431 800 sen-

103 822 277 854 tentiarum
301 820 357 849 aut
374 818 481 849 nitore
505 822 536 849 et
553 818 642 849 cultu
661 818 919 858 descriptionum
939 818 1096 849 invitatus
1120 820 1152 849 et
1171 818 1342 857 corruptus
1358 820 1428 855 est,

102 872 267 901 aversatur
287 866 457 896 dicentem.
482 866 596 905 vulgus
611 875 741 906 quoque
758 866 978 897 assistentium
999 869 1030 896 et
1051 864 1184 896 affluens
1208 865 1239 895 ct
1254 873 1356 903 vagus
1371 873 1428 895 au-

102 916 187 947 ditor
216 913 357 944 assuevit
378 913 444 951 jam
473 912 600 951 exigere
630 913 776 944 laetitiam
803 916 833 943 et
858 912 1131 952 pulchritudinem
1156 911 1311 942 orationis
1335 920 1342 941 :
1372 919 1432 942 nec

104 963 203 1000 inagis
219 961 338 1001 perfert
354 960 387 990 in
398 959 528 999 judiciis
541 960 666 990 tristem
682 962 714 990 et
728 959 888 999 impexam
904 959 1131 999 antiquitatem
1148 968 1244 998 quam
1262 959 1287 989 si
1305 958 1375 998 quis
1398 956 1430 987 in

105 1019 202 1043 scena
221 1007 323 1039 Roscii
342 1010 398 1037 aut
413 1007 585 1046 Turpionis
599 1007 738 1037 Ambivii
753 1007 763 1023 ³
783 1007 963 1046 exprimere
979 1009 1086 1046 gestus
1102 1006 1189 1037 velit.
1205 1009 1274 1036 Jam
1291 1014 1367 1036 vero
1380 1004 1430 1044 ju·

106 1067 200 1090 venes
214 1058 245 1087 et
261 1056 292 1086 in
306 1056 374 1094 ipsa
388 1054 571 1085 studiorum
588 1054 704 1083 incude
720 1054 811 1093 positi
830 1055 852 1092 ³,
866 1054 919 1093 qui
938 1054 1102 1093 profectus
1116 1053 1165 1083 sui
1179 1061 1276 1085 causa
1289 1053 1433 1083 oratores

104 1106 281 1140 sectantur,
299 1110 362 1132 non
383 1101 487 1131 solum
503 1101 615 1131 audire
628 1125 636 1139 ‚
656 1101 709 1131 seii
727 1101 824 1131 eiiam
842 1101 958 1130 referre
976 1100 1108 1130 deinum
1124 1099 1244 1139 aliquid
1260 1100 1384 1130 illustre
1400 1101 1432 1130 et

105 1153 237 1191 dignum
254 1148 409 1180 memoria
427 1148 554 1185 voluni;
573 1147 766 1187 traduntqut¹
783 1148 921 1177 invicem
933 1147 943 1164 ‘⁵
959 1156 995 1177 ac
1010 1156 1095 1186 saepe
1108 1147 1141 1177 in
1158 1147 1298 1177 colonias
1312 1156 1349 1177 ae
1363 1155 1433 1186 pro-

105 1198 228 1229 vincias
255 1205 328 1228 suas
351 1194 521 1233 scribunt,
553 1194 621 1225 sive
650 1203 763 1225 sensns
779 1195 790 1211 ὓ
818 1194 935 1234 aliquis
963 1197 1076 1233 arguta
1102 1195 1135 1225 et
1159 1193 1249 1224 brevi
1274 1194 1433 1226 sententia

104 1245 248 1283 effulsit,
272 1243 340 1274 sive
363 1242 456 1273 loeus
483 1241 647 1280 exquisito
673 1243 705 1273 et
730 1242 860 1281 poetico
880 1242 968 1272 cultu
993 1241 1121 1272 enituit.
1147 1241 1286 1280 exigitur
1306 1240 1372 1280 jam
1393 1240 1434 1272 ab

104 1294 231 1325 oratore
246 1291 341 1322 etiam
364 1289 513 1330 poeticus
527 1289 644 1327 (iecor,
662 1298 725 1319 non
741 1289 819 1320 Attii
838 1291 894 1319 aut
910 1288 1061 1320 Pacuvii⁷
1082 1292 1213 1319 veterno
1226 1289 1431 1328 inquinatus,

105 1341 161 1372 sed
176 1348 215 1370 ex
230 1337 353 1370 Horatii
367 1339 399 1368 et
414 1336 536 1375 Virgilii
551 1337 714 1367 ethcani
730 1336 871 1367 sacrario
885 1337 1037 1376 prolatus.
1056 1340 1177 1367 Horum
1192 1335 1289 1375 igitur
1301 1334 1432 1366 auribus

105 1389 138 1420 et
160 1385 290 1425 iudiciis
314 1384 542 1424 obtemperans
565 1386 752 1414 nostrorum
771 1385 937 1414 oratorum
961 1386 1040 1414 aetas
1062 1383 1227 1423 pulchrior
1243 1384 1274 1414 et
1291 1382 1434 1413 ornatior

104 1434 240 1467 exstitit.
260 1441 365 1471 neque
383 1431 455 1462 ideo
478 1431 583 1462 minus
598 1431 743 1462 efficaces
758 1432 835 1462 sunt
853 1431 1015 1462 orationes
1033 1433 1168 1469 nostrae,
1190 1430 1266 1471 quia
1283 1430 1324 1461 ad
1340 1438 1433 1460 aures

103 1480 319 1519 judicantium
341 1488 415 1509 cum
437 1479 604 1517 voluptate
622 1478 826 1518 perveniunt.
847 1478 923 1518 quid
940 1478 1047 1516 euim,
1072 1478 1097 1509 si
1119 1477 1296 1508 inlirmiora
1317 1477 1432 1507 horum

105 1532 289 1567 temporum
307 1526 425 1565 templa
444 1525 572 1564 credas,
600 1525 678 1565 quia
698 1535 760 1556 non
781 1525 854 1555 rudi
877 1527 1035 1556 caemcnto
1051 1526 1083 1555 et
1107 1524 1299 1556 informibus
1319 1523 1433 1563 tegulis

105 1576 329 1611 exstruuntur,
348 1574 403 1604 sed
421 1582 582 1603 marmore
600 1573 703 1603 nitent
719 1575 750 1602 et
766 1580 844 1602 auro
860 1572 1026 1602 radiantur
1038 1571 1049 1589 ⁸
1061 1574 1074 1601 Ξ)

148 1625 227 1652 ΧΧΙ.
255 1620 435 1660 «Equidem
450 1620 553 1650 fateor
573 1619 664 1650 vohis
678 1619 877 1658 simpliciter,
895 1628 947 1649 me
967 1619 997 1649 in
1012 1617 1207 1657 quibusdam
1222 1618 1430 1657 antiquorum

106 1668 161 1699 vix
179 1669 290 1706 risum,
304 1668 337 1698 in
351 1666 546 1707 quibusdam
559 1668 666 1697 autem
680 1666 734 1696 vix
750 1674 902 1696 somnum
919 1667 1037 1696 tenere.
1052 1673 1111 1696 nec
1128 1674 1230 1696 unum
1244 1665 1283 1696 de
1299 1665 1431 1705 populo,

109 1801 203 1823 auctor
238 1790 494 1831 Ἀπολλοδωρείου
517 1790 674 1832 αἱρέσεως.
687 1802 748 1820 —7.
768 1794 946 1825 Manuscrr.‚'
966 1796 1132 1820 cortina.-—
1150 1801 1173 1819 a.
1196 1795 1316 1819 Adverte
1337 1795 1432 1821 distin-

108 1837 226 1860 ctionem
239 1832 383 1855 verborum
402 1831 509 1854 instrui
527 1833 554 1854 ct
569 1830 722 1855 imbml—a.
737 1833 906 1856 Existimant.

136 1871 194 1894 xx.
211 1873 228 1891 ι.
246 1867 376 1890 Nimirum
390 1867 504 1889 actionis
517 1867 652 1894 secundae,
666 1872 725 1896 quae
737 1866 838 1895 scripta
853 1866 968 1892 tantum,
982 1870 1037 1888 non
1050 1865 1121 1889 dicia
1138 1866 1195 1889 fuit.
1208 1879 1236 1883 —
1246 1871 1267 1889 2.
1283 1867 1432 1897 Immensa,

106 1906 200 1934 utpote
218 1903 287 1926 lecta
313 1901 382 1924 iinud
394 1902 530 1930 jucunda:
551 1902 650 1930 quippe
664 1907 722 1930 quae
737 1902 889 1928 versantur,
913 1900 1036 1923 oratione
1059 1900 1184 1930 (perdita)
1204 1907 1260 1930 pro
1282 1901 1389 1931 Tullio,
1406 1903 1432 1926 in

106 1938 264 1968 exponenda
281 1937 393 1960 formula
409 1936 546 1960 interdicti
559 1943 573 1959 a
588 1937 698 1960 Lucullo
711 1936 861 1965 {impositu
882 1936 1006 1959 oratione
1019 1941 1072 1964 pro
1089 1935 1215 1964 Caecina,
1233 1936 1260 1959 in
1282 1938 1433 1962 enarrando

105 1973 249 1999 interdu-to
265 1972 298 1995 ‹Ie
315 1972 355 1999 υἱῪ
376 1971 535 1995 hominibus
554 1972 684 1995 armatis.
706 1970 879 1999 exceptione
898 1971 1055 2000 interposita
1071 1970 1223 1994 elidebatur
1238 1970 1281 1994 vel
1300 1972 1372 1995 acuo
1389 1973 1432 1996 vel

103 2009 298 2039 judiciuin—5.
312 2007 429 2030 Roscius
445 2007 538 2030 histrio
554 2013 586 2030 ex
600 2007 731 2031 Cicerone
742 2007 823 2036 atque
837 2006 906 2030 adeo
921 2006 1066 2036 proverbio
1082 2007 1147 2029 satis
1161 2007 1250 2030 notus.
1265 2006 1357 2030 Paullo
1369 2009 1433 2031 ante

103 2045 177 2068 iilum
191 2044 279 2066 clarus
293 2044 349 2066 erat
366 2042 510 2066 Ambivms
529 2043 650 2072 Turpio,
666 2043 711 2072 qui
730 2042 756 2066 in
769 2043 941 2066 Terentianis
953 2041 1091 2066 comoediis
1108 2042 1206 2071 primas
1220 2042 1309 2071 partes
1322 2042 1433 2072 agebat.

107 2080 167 2102 i’ost
186 2080 294 2102 actores
308 2078 368 2101 illos
389 2079 553 2106 severiores,
570 2079 710 2102 mimorum
725 2079 817 2108 gestus
834 2077 1006 2102 invaluerunt
1019 2079 1047 2101 et
1063 2078 1120 2106 jam
1140 2077 1221 2100 unice
1239 2077 1393 2106 placebant.
1404 2091 1433 2094 —

107 2118 127 2136 i.
143 2115 261 2137 ¹iuvenes
275 2114 303 2137 et
315 2113 511 2136 adolescentes
529 2114 562 2137 Ui
576 2114 601 2136 in
618 2113 721 2137 incude
738 2113 845 2137 metalla
866 2113 899 2136 ad
913 2114 1012 2142 justam
1033 2113 1147 2136 formam
1161 2112 1336 2141 rediguntur,
1354 2114 1392 2137 ita
1405 2115 1433 2138 in

104 2149 204 2172 senous
216 2154 361 2178 puerorum
379 2149 405 2173 ct
419 2148 633 2173 adolescentium
649 2148 725 2172 rudia
740 2149 857 2179 ingenia.
872 2149 941 2172 Hinc
960 2149 1120 2178 metaphora
1131 2147 1231 2171 Graecis
1245 2147 1334 2176 paullo
1349 2148 1434 2173 usita-

105 2185 172 2208 tiore
186 2184 305 2208 scnolam
320 2185 399 2207 vocat
412 2183 576 2208 studiorum
591 2185 783 2208 mmmmm—5.
798 2186 895 2208 Secum
910 2185 1025 2208 invicem
1037 2183 1304 2207 communicant.—e.
1317 2190 1330 2204 ι(
1341 2183 1433 2208 Mente

106 2221 238 2249 concepta
258 2224 356 2243 sensus
378 2225 521 2246 vocamuS;
544 2219 644 2243 lumina
659 2222 764 2248 autem,
783 2221 916 2249 praecipue
930 2220 957 2243 iu
977 2219 1104 2243 clausulis
1122 2219 1222 2247 posita,
1241 2218 1432 2243 sententias.»

106 2255 259 2284 Quintilian.
276 2268 300 2272 —-
311 2260 332 2279 7.
349 2256 474 2278 Veterum
493 2257 634 2283 poctarum
648 2257 824 2284 tragicorum,
840 2261 953 2284 quorum
969 2255 1042 2284 prior
1055 2254 1122 2277 obiit
1134 2259 1157 2277 a.
1173 2253 1201 2276 U.
1212 2257 1264 2281 667,
1279 2252 1349 2277 alter
1361 2259 1385 2277 a·
1399 2255 1430 2279 U.

105 2293 189 2314 82⁴.—
200 2295 220 2313 a.
238 2291 378 2313 Sententia
391 2296 397 2312 :
414 2299 428 2310 u
441 2291 597 2319 Quanquam
613 2293 712 2315 nosti-:e
725 2292 810 2315 aetatis
823 2292 944 2314 oratores
961 2291 1046 2314 laetius
1059 2288 1166 2312 dicendi
1183 2293 1268 2317 genus
1281 2291 1433 2318 sequuntur

105 2330 193 2354 eoque
206 2331 219 2348 a
234 2325 371 2349 veteribus
385 2325 485 2349 diversi
499 2328 570 2354 sunt,
583 2328 674 2350 tamen
689 2328 810 2350 veterum
826 2326 930 2349 illorum
943 2325 1063 2355 gravitas
1076 2330 1130 2348 non
1144 2324 1263 2352 evanuit,
1278 2324 1317 2348 uti
1330 2324 1432 2354 templa

105 2361 268 2388 recentiora,
283 2360 515 2389 magnificentiora
529 2362 586 2389 illa,
599 2362 693 2386 eadem
708 2361 837 2386 firmitate
850 2362 1007 2386 constructa
1022 2360 1098 2387 sunt,
1113 2364 1166 2388 qua
1180 2359 1300 2388 priorum
1313 2359 1391 2384 rudia
1404 2360 1434 2385 et

105 2395 242 2420 informia.
255 2403 269 2415 »ν
