1539 2668
516 108 552 136 A.
576 108 613 137 U.
636 105 674 136 G.
700 107 772 137 801.
797 108 834 137 A.
858 108 893 138 C.
916 107 969 137 48.
1348 110 1408 142 157

83 186 178 220 senia
190 182 387 224 sublegere2.
404 183 541 222 iaetaque
553 182 623 212 haec
645 181 679 212 in
696 181 927 222 rempublicam
943 182 1056 213 munia
1081 183 1184 215 multo
1203 184 1320 224 gaudio
1336 194 1412 217 cen-

83 233 164 264 soris
180 232 191 249 ³
209 232 384 263 inibantur.
402 231 541 261 famosos
554 228 680 269 probris
695 238 838 268 quonam
851 229 949 260 modo
961 232 1074 261 senatu
1085 230 1257 271 depelleret
1270 232 1385 264 anxius
1400 257 1410 273 ‚

83 280 195 311 mitem
209 282 241 311 et
263 278 396 310 recens⁴
427 280 585 317 repertam
599 300 608 312 ‚
626 284 724 315 qnam
740 284 780 306 ex
797 276 970 308 severitate
990 278 1093 317 prisca
1105 303 1114 317 ‚
1137 279 1295 310 rationem
1321 279 1412 310 adhi-

84 327 167 365 buit,
179 325 350 364 monendo,
369 337 383 351 «ι
395 333 505 356 secum
516 324 654 363 quisque
667 323 709 354 de
722 331 756 354 se
767 324 975 364 consultaret,
990 327 1177 366 peteretque
1186 326 1240 365 jus
1252 326 1412 358 exeundi*>

87 386 103 401 κ
117 374 249 405 ordinis.
268 372 391 403 facilem
412 372 480 411 ejus
497 371 542 402 rei
567 371 695 402 veniam
712 380 718 400 :
737 372 770 401 et
796 374 902 402 motos
921 374 1034 404 senatu
1055 375 1293 413 excusatosque
1315 374 1414 406 simul

87 434 103 449 (ι
117 421 376 461 propositurum,
402 420 437 450 ut
457 418 617 458 judicium
640 426 809 449 censorum
828 427 865 449 ac
884 419 988 459 pudor
1004 421 1118 460 sponte
1141 421 1325 452 cedentium
1341 430 1411 461 per-

87 482 103 496 «
117 469 211 499 mixti
226 466 435 507 ignominiam
452 465 626 496 mollirent.
644 479 658 492 u
675 465 723 496 Ol)
747 475 784 496 ea
806 466 979 506 Vipstanus
997 468 1108 500 consul
1125 468 1235 499 retulit
1249 493 1258 508 ,
1270 470 1413 508 patrem

84 517 224 549 senatus
241 513 493 554 appellandum
513 522 581 544 csse
603 513 793 545 Claudium
810 524 821 545 :
844 516 968 554 quippe
979 517 1219 555 promiscuum
1231 515 1243 533 ⁶
1264 517 1416 555 patris

81 571 138 604 pa
150 564 250 594 trice
265 563 523 600 coqnomentwn
532 570 544 596 ;
560 569 648 592 nova
660 563 697 591 in
713 561 963 600 rempublicam
978 565 1104 594 merita
1120 571 1189 594 non
1200 564 1344 595 usitatis
1360 571 1413 594 vo-

84 610 217 642 cabulis
233 608 450 640 honoranda.
469 608 524 639 sed
541 608 609 648 ipse
625 608 773 639 cohibuit
791 610 958 641 consulem
976 613 1013 641 ut
1028 611 1168 642 nimium
1185 612 1413 642 assentantem.

85 656 291 696 condiditque
308 656 465 695 lustrum,
481 664 546 696 quo
563 664 659 686 censa
674 658 751 686 sunt
773 656 895 687 civium
918 660 1042 689 LVIIII.
1063 661 1238 689 LXXXIIII.
1264 661 1371 689 LXXII
1388 657 1414 688 ⁷.

86 702 177 743 isque
190 702 237 734 illi
250 703 323 733 tinis
343 703 480 734 inscitiae
497 712 571 742 erga
594 702 730 733 domum
753 711 846 733 suam
863 703 925 735 fuit
943 714 950 734 :
968 704 1054 735 haud
1078 706 1180 737 multo
1203 706 1275 745 post
1296 704 1417 745 flagitia

86 751 197 782 uxoris
210 759 341 781 noscere
354 760 391 781 ac
405 750 519 790 punire
533 750 679 789 adactus,
695 751 730 781 ut
744 750 859 782 deinde
872 750 1054 783 ardesceret
1069 753 1102 783 in
1118 753 1249 793 nuptias
1261 753 1413 783 incestas.

126 801 233 829 XXVI.
258 801 328 828 Jam
345 797 512 828 Messalina
528 796 568 827 ad
584 806 668 828 nova
683 797 800 837 flagitia
824 798 1022 838 profluebat,
1041 808 1142 839 quum
1163 800 1326 840 abrumpi
1347 799 1417 831 dis-

86 845 342 877 simulationem
356 845 452 876 etiam
467 844 574 883 Silius,
591 845 660 875 sive
676 846 764 876 fatali
781 846 933 876 vecordia
945 870 954 885 ‚
973 855 1013 877 an
1031 846 1270 878 imminentium
1296 848 1419 887 perien-

85 892 190 923 lorum
208 892 386 923 remedium
404 893 474 932 ipsa
489 892 631 931 pericula
648 894 748 931 ratus,
768 892 901 931 urgebat
920 903 926 923 ε
948 906 963 920 (ι
981 893 1104 934 quippe
1120 903 1184 925 non
1207 904 1244 925 eo
1262 897 1394 925 ventum
1409 917 1418 932 ‚

89 952 105 967 ι(
119 942 155 970 ut
169 941 331 970 senectam
348 939 506 978 Principis
523 939 726 979 opperiretur
745 940 766 971 ¹.
786 940 972 971 insontibus
986 940 1118 971 innoxia
1134 942 1280 981 consilia,
1295 941 1420 981 flagitiis

88 998 104 1013 «ι
119 986 296 1017 manifestis
312 986 493 1017 subsidium
510 986 550 1017 ab
572 987 706 1018 andacia
726 987 900 1027 petendum
918 998 924 1018 z
946 987 1056 1019 adesse
1079 989 1224 1020 conscios
1242 989 1330 1029 paria
1351 998 1419 1020 me-

90 1046 106 1061 «
119 1036 258 1065 tuentes.
279 1043 313 1065 se
331 1033 490 1073 caelibem,
508 1034 636 1072 orbum,
658 1034 780 1075 nuptiis
796 1037 826 1066 rt
843 1035 1029 1076 adoptando
1046 1036 1228 1067 Britannico
1244 1041 1391 1076 paratum
1411 1045 1420 1066 :

89 1095 105 1108 ιι
120 1090 305 1112 mansuram
323 1080 457 1112 eandem
476 1081 655 1112 Messalinae
676 1083 857 1119 potentiam
874 1083 984 1114 addita
1000 1084 1174 1114 securitate
1187 1108 1195 1122 ‚
1214 1084 1241 1114 si
1262 1084 1421 1123 praeveni-

91 1140 106 1155 «
121 1129 193 1159 rent
209 1127 377 1158 claudium
391 1152 398 1165 ‚
417 1130 453 1159 nt
470 1128 597 1159 insidiis
614 1128 781 1160 incautum
798 1153 806 1167 ‚
825 1131 869 1160 ita
892 1130 948 1160 irae
970 1139 1154 1170 properum.
1172 1143 1188 1157 η
1211 1130 1354 1170 segniter
1371 1130 1421 1160 11ae

88 1184 186 1206 voces
209 1176 366 1214 acceptae,
391 1184 455 1205 non
475 1184 583 1205 amore
610 1175 641 1205 in
670 1177 824 1206 maritum
839 1201 847 1215 ‚
866 1177 921 1207 sed
951 1186 991 1208 ne
1013 1177 1108 1208 Silius
1133 1186 1260 1208 summa
1287 1177 1423 1217 adeptus

89 1225 253 1262 sperneret
267 1222 445 1252 adulteram
459 1246 468 1261 ‚
487 1222 654 1262 scelusque
671 1223 753 1253 intcr
771 1224 925 1264 ancipitia
941 1224 1113 1264 probatum
1127 1249 1135 1263 ,
1154 1225 1238 1256 veris
1252 1233 1328 1255 mox
1348 1233 1422 1264 pre-

89 1270 143 1302 tiis
159 1269 345 1300 aestimaret.
363 1278 481 1300 nomen
499 1272 606 1301 tamen
625 1271 821 1300 matrimonii
842 1271 1031 1311 concupivit
1044 1271 1086 1302 ob
1102 1272 1360 1311 magnitudinem
1377 1271 1426 1301 in·

90 1316 209 1355 famiae,
229 1316 321 1355 cujus
339 1316 422 1355 apud
441 1316 591 1356 prodigos
607 1316 617 1333 ²
634 1317 808 1347 novissima
823 1318 973 1357 voluptas
988 1319 1049 1349 est.
1067 1327 1126 1349 nec
1139 1319 1221 1349 ultra
1234 1320 1426 1358 exspectato

91 1372 189 1404 quam
206 1363 283 1393 dum
300 1363 448 1393 sacrificii
468 1363 569 1402 gratia
583 1363 736 1394 Claudius
750 1364 760 1381 ³
781 1364 902 1395 Ostiam
929 1364 1207 1405 proficisceretur,
1227 1367 1346 1397 cuncta
1366 1374 1423 1396 nu·

90 1411 232 1450 ptiarum
250 1410 393 1441 solennia
411 1410 562 1441 celebrat.

133 1461 254 1488 xxvii.
283 1457 372 1488 Hand
391 1466 464 1488 sum
479 1458 607 1494 ignarus
625 1457 808 1488 fabulosum
825 1458 934 1489 visum
952 1459 990 1489 iri
1007 1460 1133 1490 tantum
1147 1460 1221 1491 ullis
1237 1460 1425 1491 mortalium

93 1504 274 1536 securitatis
292 1505 388 1535 l‘nisse
403 1505 434 1535 in
452 1505 583 1535 civitate
597 1505 745 1535 omnium
761 1514 859 1544 gnara
876 1509 908 1537 et
925 1506 1003 1537 nihil
1019 1507 1173 1538 reticente
1186 1531 1193 1545 ,
1215 1507 1333 1538 nedum
1348 1516 1427 1538 con-

93 1553 195 1584 sulem
212 1552 415 1591 designatum
433 1561 507 1583 cum
527 1561 627 1583 uxore
645 1553 802 1593 Principis
817 1578 824 1591 ‚
844 1553 998 1593 praedicta
1015 1554 1066 1585 die
1079 1579 1088 1593 ,
1103 1554 1254 1585 adhibitis
1265 1556 1320 1595 qui
1343 1555 1425 1586 obsi·

92 1602 237 1638 gnarent,
253 1599 341 1630 velut
355 1598 637 1638 suscipiendorum
651 1599 826 1630 liberorum
841 1609 939 1631 causa
952 1601 975 1640 ¹,
994 1602 1197 1640 convenisse,
1223 1604 1321 1642 atque
1338 1602 1426 1633 illam

94 1646 219 1677 audisse
234 1646 245 1663 '-‘
267 1647 434 1686 auspicum
457 1647 573 1685 verba,
601 1647 726 1677 subisse
738 1647 768 1685 ³,
793 1647 990 1679 sacrificasse
1006 1649 1092 1688 apud
1116 1649 1207 1687 de0s3
1226 1649 1427 1681 discubitum

94 1695 182 1726 inteo
207 1694 383 1732 convivas3
414 1694 576 1725 licentiam
605 1695 816 1733 conjugalem.
841 1694 903 1725 Sed
933 1695 1012 1726 niliil
1036 1696 1253 1735 compositum
1279 1696 1428 1727 miraculi

95 1750 190 1774 causa
204 1741 226 1780 ⁴,
244 1750 357 1772 verum
374 1741 484 1772 andita
500 1742 682 1781 scriptaque
699 1741 881 1773 senioribus
899 1742 1036 1773 tradam.

137 1792 274 1820 XXVIII.
300 1789 400 1827 Igitur
428 1789 543 1819 domus
561 1788 714 1828 Principis
744 1788 964 1827 inliorruerat3
991 1789 1196 1830 maximeque
1222 1799 1302 1830 quos
1331 1798 1429 1830 penes

96 1836 241 1876 potentia
255 1837 306 1875 et,
324 1836 350 1866 si
373 1844 423 1866 res
439 1837 622 1874 verterent,
643 1835 782 1866 t'ormido
797 1858 805 1874 ‚
829 1845 893 1866 non
913 1837 981 1876 jam
1001 1837 1134 1868 secretis
1156 1838 1327 1878 colloquiis
1343 1861 1352 1877 ‚
1371 1835 1429 1868 sed

104 1959 131 1963 —-
146 1951 168 1968 5.
180 1944 254 1968 Cant,
268 1949 290 1967 c.
306 1949 341 1967 ir..
354 1956 380 1959 —
393 1947 415 1966 4,
432 1943 471 1966 Ab
488 1944 618 1972 Augusto.
634 1943 736 1966 Deinde
751 1943 845 1973 supple
858 1944 968 1972 potius.
985 1957 1013 1960 —-
1025 1950 1047 1969 5.
1058 1945 1168 1969 Tacitus
1179 1946 1259 1969 exire
1271 1951 1332 1970 cum
1346 1951 1431 1971 accu-

100 1981 188 2004 sativo
206 1981 295 2003 struit.
309 1984 371 2002 -6,
395 1980 459 2002 Cum
480 1979 538 2001 aliis
563 1979 783 2007 Imperatoribus,
805 1980 832 2002 ct
854 1980 1011 2008 reipublicae
1042 1980 1261 2009 quibusdam.—
1276 1987 1298 2005 7.
1326 1983 1355 2006 Id
1379 1985 1429 2014 est,

101 2016 290 2046 quinqmtyz'es
308 2016 402 2038 novies
413 2015 552 2043 (centena)
564 2015 708 2042 occorstntcc
722 2015 862 2043 quanam·
875 2015 981 2043 millia,
996 2017 1181 2044 septuaymta
1191 2016 1257 2044 duo,
1267 2022 1400 2046 s‚98⁴,o72.

131 2051 226 2074 XXII.
241 2056 263 2073 I.
281 2051 314 2074 Ut
332 2051 447 2073 mortem
466 2049 597 2077 Principis
612 2055 643 2072 cx
667 2050 809 2078 decrepita
831 2051 974 2073 senectute
998 2053 1160 2080 exspectare
1175 2054 1267 2079 posset
1280 2054 1328 2076 aut
1340 2053 1430 2078 venet.

101 2086 225 2110 Claudius
234 2088 289 2109 tum
298 2085 397 2114 agebat
406 2091 505 2108 annum
515 2090 610 2108 zzz—2.
622 2085 652 2109 In
660 2091 768 2109 omnem
779 2085 917 2109 infamiam
927 2085 1036 2110 effusos,
1045 2081 1252 2118 ἀσώτους.-5.
1264 2088 1298 2112 Ut
1308 2088 1431 2117 pontifex

101 2123 240 2146 maximus.

132 2157 236 2181 xxvn.
255 2162 274 2179 i.
286 2156 410 2180 Formnla
425 2162 477 2185 qua
488 2157 598 2180 Romani
614 2156 765 2185 legitimum
779 2157 989 2186 matrimonium,
1006 2157 1153 2187 legitimam
1173 2159 1386 2183 conventionem
1401 2160 1433 2184 in

103 2198 222 2215 inanum
244 2192 443 2221 significabant.
458 2205 483 2208 —-
497 2198 520 2214 ⁴2.
544 2192 680 2220 Ans-pices
700 2193 874 2221 nuptiarum
887 2192 1009 2221 aderant,
1025 2198 1180 2223 quanquam
1207 2195 1264 2224 jam
1287 2195 1432 2219 Ciceronis

104 2230 235 2256 tempore,
251 2233 283 2250 re
293 2228 396 2250 omissa
409 2228 538 2256 iauspicia
551 2233 605 2250 non
620 2228 762 2251 facientes)
779 2233 880 2251 nomen
895 2228 1010 2252 tantum
1031 2229 1172 2253 tenebant.
1183 2241 1211 2245 -
1226 2235 1248 2252 5.
1268 2229 1313 2252 Sc.
1328 2230 1433 2253 tectum

106 2262 195 2287 mariti
208 2269 214 2284 :
226 2262 273 2285 sed
287 2262 449 2285 vocabulum
462 2263 572 2291 aliquod
585 2263 716 2286 excidisse
731 2263 844 2286 videtur.
857 2275 885 2279 —
899 2268 921 2287 4.
935 2264 995 2287 Non
1006 2264 1081 2288 addit
1093 2265 1203 2288 Tacitus
1214 2265 1287 2293 quod
1299 2269 1354 2287 rem
1371 2270 1432 2288 cre-

107 2297 258 2320 dili;l'101·eiii
282 2298 395 2320 reddere
422 2298 717 2327 potestztingebantur
732 2299 838 2321 ostenta
861 2298 983 2328 quaedam
1006 2300 1121 2322 mortem
1139 2300 1248 2323 marito
1269 2299 1433 2323 Messalinoe

107 2332 290 2361 portendere:
306 2333 366 2356 tnnc
381 2333 508 2356 Claudius
523 2334 660 2356 consensit
683 2339 761 2357 noris
776 2334 876 2363 nuptiis
889 2335 982 2358 uxoris
995 2340 1048 2358 suae
1062 2336 1144 2364 atque
1157 2334 1225 2358 adeo
1246 2334 1305 2364 ipse
1327 2333 1432 2359 tabulas

109 2367 212 2391 dotales
224 2367 384 2397 obsignant,
396 2370 466 2392 sci-Lo
479 2374 523 2392 res
535 2370 625 2392 actum
640 2369 673 2392 iri
691 2369 810 2398 ignarus.
