1539 2668
42 2180 48 2223 ἓ

483 117 531 145 Α..
544 116 641 145 u..C.
666 116 741 145 822.
754 117 864 147 .A..C.
880 118 952 148 59„
1332 122 1393 152 327

69 194 232 226 vitarent.
253 200 404 231 namque*
417 193 450 222 et
470 191 667 222 Viennenses
688 190 898 224 timebantur.
915 193 1033 233 Nocte,
1050 195 1395 236 quaproticiscebatur

68 240 168 280 legio,
191 239 315 271 relictis
338 238 457 279 passim
475 237 608 277 ignibus
622 246 696 278 pars
708 238 855 271 Taurinae
880 239 1021 272 Coloniae
1042 240 1196 274 ambusta
1214 253 1221 275 :
1238 245 1325 284 quod
1339 246 1393 278 da·

68 295 182 318 mnum
197 288 233 318 ut
246 287 398 326 pleraque
412 284 506 316 hellis
520 284 606 316 mala
619 285 796 324 majoribus
808 286 945 319 aliarum
963 287 1093 320 urbium
1106 289 1252 323 cladibus
1265 292 1394 326 oblitte-

67 336 191 365 ratum.
209 332 493 373 Quat-tadecimani
511 335 686 372 postquam
703 333 836 373 Alpibus
851 334 997 375 degressi
1012 338 1090 368 sunt
1103 360 1114 375 ,
1130 337 1395 374 seditiosissimus

68 381 205 422 quisque
220 382 310 421 signa
323 381 481 412 viennam
498 380 655 412 serebant.
671 389 827 413 consensu
844 382 1203 425 meliorumcompressi
1217 388 1250 417 et
1264 386 1347 427 legio
1362 388 1395 420 in

67 429 266 460 Britanniam
282 430 480 460 transvecta.

109 479 230 507 LXVII.
256 476 426 507 Proximus
444 474 575 507 Vitellio
592 483 609 506 e
630 475 794 515 praetoriis
815 475 1008 508 cohortibus
1028 478 1135 509 metus
1154 480 1235 510 erat.
1256 481 1396 520 separati

68 522 231 563 primum,
254 522 370 554 deinde
389 522 500 554 addito
523 522 668 553 honestae
692 522 854 554 missionis
870 523 1046 556 lenimento
1068 533 1157 556 arma
1183 526 1221 557 ad
1248 527 1395 559 tribunos

67 579 142 601 suos
157 570 365 608 deserebant,
386 569 490 600 donec
512 572 639 600 motum
662 577 681 600 a
702 570 903 610 Vespasiano
925 570 1048 603 bellum
1064 572 1279 605 crebresceret
1299 584 1306 606 :
1327 576 1396 606 tum

67 620 232 657 resumpta
255 617 372 647 militia
395 616 493 647 robur
515 616 740 648 Flavianarum
767 617 909 657 partium
935 618 1033 651 suere.
1062 620 1165 660 prima
1190 621 1396 653 classicorum

66 664 150 704 legio
164 664 197 694 in
213 664 398 703 Hispaniam
414 664 523 703 inissa,
538 666 574 695 ut
588 672 667 704 pace
680 664 713 695 et
726 664 793 695 otio
807 665 1012 704 mitesceret;
1027 667 1200 700 undecima
1211 677 1248 699 ac
1259 668 1398 709 septima

66 712 133 742 suis
159 711 302 742 hibernis
326 711 476 750 redditae3
503 710 765 742 tertiadecimani
789 713 914 743 struere
936 714 1179 754 amphitheatra
1202 716 1294 754 jussi.
1321 724 1396 747 nam

67 758 192 789 Caecina
206 762 390 793 Cremonae,
407 758 526 789 Valens
546 758 696 789 Bononiae
715 759 940 798 spectaculum
959 760 1171 799 gladiatorum
1193 763 1287 794 edere
1306 772 1397 803 para·

66 804 145 836 bant
157 828 166 843 ,
182 814 349 845 nunqnam
366 805 410 836 ita
426 804 466 836 ad
480 814 573 836 curas
589 805 715 836 intento
730 806 860 837 Vitellio
871 808 906 838 ut
920 807 1127 848 voluptatum
1142 809 1395 842 oblivisceretur.

107 854 243 882 LXVIII.
270 854 307 882 Et
323 851 454 891 quidem
472 853 579 891 partes
596 851 747 883 modeste
763 851 959 884 distraxerat
977 864 985 885 :
1003 855 1088 894 apud
1106 856 1247 887 victores
1263 858 1333 888 orta
1345 867 1398 889 se-

66 897 170 937 ditio,
199 898 323 929 ludicro
346 898 440 928 initio
455 922 464 937 ‚
493 898 555 929 nisi
580 906 738 930 numerus
763 907 925 930 coesorum
950 900 1106 932 invidiam
1134 902 1219 934 bello
1243 904 1397 937 auxisset.

66 944 274 976 discubuerat
288 946 293 962 ¹
309 944 454 975 Vitellius
467 944 570 976 Ticini
583 945 729 976 adhibito
743 945 783 976 ad
799 945 909 986 epulas
922 948 1085 987 Verginio.
1103 949 1199 988 legati
1214 950 1399 991 tribunique

67 1001 106 1024 ex
128 992 275 1023 moribus
299 995 535 1032 Imperatorum
557 993 764 1024 severitatem
787 994 986 1025 aemulantur
1002 995 1051 1026 vel
1075 997 1300 1037 tempestivis²
1323 1007 1398 1030 con·

67 1039 164 1070 viviis
180 1040 338 1079 gaude-,nu
365 1039 497 1078 perinde
513 1040 608 1071 miles
625 1040 775 1071 intentus
798 1043 856 1072 aut
875 1041 1012 1073 licenter
1033 1043 1107 1083 agit.
1125 1044 1209 1083 apud
1232 1045 1399 1076 Vitellium

68 1086 177 1119 omnia
189 1086 389 1126 indisposita,
403 1087 591 1126 temulenta,
607 1087 779 1127 pervigiliis
793 1096 831 1118 ac
844 1088 1095 1120 bacchanalibus
1109 1099 1205 1129 quani
1221 1091 1399 1132 disciplinae

69 1135 102 1165 et
115 1134 229 1165 castris
243 1133 403 1172 propiora.
420 1133 519 1172 Igitur
531 1133 661 1165 duobus
675 1134 836 1166 militibus
847 1158 855 1171 ‚
870 1135 971 1166 altero
986 1135 1125 1175 legionis
1139 1147 1157 1175 q
1164 1137 1263 1168 niun-e
1273 1162 1281 1177 ,
1299 1139 1399 1170 altero

71 1191 89 1214 e
104 1180 198 1212 Gallis
215 1179 443 1219 auxiliaribus,
462 1189 519 1219 per
536 1180 701 1211 lasciviam
719 1180 757 1211 ad
784 1183 944 1212 certarnen
964 1182 1109 1213 luctandi
1132 1185 1295 1222 accensis,
1315 1187 1400 1224 post—

72 1236 171 1269 quam
186 1227 381 1267 legiouarins
398 1227 600 1266 prociderat,
618 1228 796 1258 insultante
815 1228 924 1267 Gallo,
946 1230 975 1259 et
995 1229 1034 1259 iis
1057 1229 1110 1269 qui
1129 1229 1168 1259 ad
1189 1231 1399 1269 spectandum

71 1278 283 1306 convenerant
307 1273 339 1304 in
360 1274 471 1304 studia
494 1273 657 1313 diductis,
674 1283 807 1314 erupere
830 1274 995 1314 legionarii
1017 1276 1048 1306 in
1073 1277 1249 1316 perniciem
1269 1278 1400 1309 auxilio-

72 1330 144 1353 rum
155 1345 164 1360 ,
179 1330 216 1352 ac
228 1321 301 1351 duae
315 1320 466 1351 cohortes
484 1320 672 1351 interfectae.
688 1321 869 1352 remedium
882 1323 1045 1353 tumultus
1060 1323 1120 1354 fuit
1133 1323 1214 1354 alius
1227 1325 1397 1356 tumultus

71 1368 177 1407 pulvis
200 1367 311 1407 procul
333 1369 366 1398 et
389 1376 478 1398 arma
494 1367 735 1407 aspiciebantur
753 1376 760 1397 :
782 1368 1020 1400 conclamatum
1037 1373 1166 1410 repente
1183 1374 1331 1410 quartam
1348 1372 1399 1403 de-

72 1415 189 1446 cimam
213 1416 377 1454 leyionem
400 1423 496 1446 verso
519 1416 643 1445 itinere
664 1414 712 1445 ad
734 1415 899 1453 praelium
923 1418 1043 1448 venire.
1068 1417 1124 1448 sed
1150 1420 1242 1449 erant
1264 1418 1401 1458 agminis

72 1465 237 1494 coactores
249 1461 260 1479 ³
279 1471 285 1491 :
301 1461 399 1500 agniti
417 1461 585 1501 dempsere
602 1460 866 1493 sollicitudinem.
886 1463 1016 1494 interim
1033 1465 1175 1504 Verginii
1192 1474 1305 1497 servus
1320 1465 1402 1498 sorte

72 1509 187 1541 obvius
204 1510 239 1539 ut
259 1517 440 1548 percussor
465 1509 591 1539 Vitellii
610 1508 828 1539 insimulatur.
850 1510 883 1540 et
904 1511 1018 1541 ruebat
1039 1512 1078 1541 ad
1100 1512 1290 1543 convivium
1312 1512 1402 1544 miles

73 1558 218 1587 mortem
248 1557 393 1595 Vei-qimi
413 1563 601 1595 exposcens.
626 1564 666 1586 ne
685 1555 833 1586 Vitellius
846 1557 1000 1596 quidem,
1022 1567 1218 1598 quamquam
1236 1559 1274 1590 ad
1289 1568 1402 1591 omnes

73 1602 271 1643 suspiciones
287 1602 440 1642 pavidus,
456 1602 495 1633 de
509 1602 695 1633 innocentia
711 1603 780 1643 ejus
793 1602 966 1635 dubitavit.
981 1613 1064 1645 aegre
1078 1608 1183 1636 tamen
1200 1606 1333 1638 cohibiti
1346 1607 1401 1647 qui

74 1650 208 1681 exitium
227 1649 408 1680 consularis
423 1650 455 1680 et
476 1649 643 1688 quondam
662 1649 756 1680 ducis
772 1649 823 1680 sui
844 1650 1048 1690 flagitabant(
1063 1661 1124 1683 nec
1139 1662 1326 1692 quenquam
1347 1662 1402 1685 sae·

74 1696 146 1736 pius
162 1706 258 1736 quarn
276 1696 462 1735 Verginium
478 1696 584 1727 omnis
601 1696 719 1728 seditio
735 1695 916 1730 infestavit.
934 1699 1087 1731 manebat
1104 1700 1277 1731 admiratio
1293 1700 1355 1733 viri
1371 1701 1404 1732 et

76 1743 161 1775 sama
177 1753 183 1773 :
203 1743 257 1774 sed
276 1743 412 1774 oderant
426 1744 462 1774 ut
479 1743 616 1775 fastiditi
628 1742 656 1776 ⁴.

118 1793 221 1821 LXIX.
240 1793 371 1820 Postero
386 1789 437 1820 die
449 1789 614 1827 Vitellius,
627 1790 758 1821 senatus
770 1790 928 1830 legatione
941 1800 1040 1831 quam
1053 1792 1097 1823 ibi
1111 1793 1252 1833 opperiri
1263 1792 1405 1833 jusserat

78 1837 202 1875 audita,
216 1838 432 1875 transgressus
442 1836 474 1867 in
487 1838 592 1867 castra
602 1836 690 1867 ultro
700 1838 870 1876 pietatem
881 1839 1036 1870 militum
1049 1840 1257 1877 collaudavit,
1273 1840 1404 1871 fremen-

79 1883 167 1916 tibus
180 1883 307 1914 auxiliis
325 1885 465 1914 tantum
483 1884 704 1922 impunitatis
718 1885 825 1923 atque
847 1887 1063 1924 ari-oqantioe
1081 1885 1279 1926 leqz'onarz'ts
1297 1894 1404 1918 acces-

78 1932 170 1961 sisse.
189 1932 385 1961 Batavorum
401 1930 552 1960 cohortes
566 1939 607 1961 ue
623 1929 700 1970 quid
717 1929 935 1962 truculentius
955 1932 1133 1971 auderent,
1152 1931 1182 1962 in
1202 1932 1405 1964 Germaniam

79 1977 239 2015 remissae,
263 1977 457 2017 principium
482 1976 610 2008 interno
633 1976 731 2008 simul
752 1979 953 2018 externoque
975 1979 1060 2010 bello
1079 1978 1271 2018 parantibus
1291 1978 1365 2010 fatis
1382 1981 1404 2010 ¹.

78 2022 208 2054 reddita
223 2023 412 2054 civitatibus
428 2024 590 2055 Gallorum
606 2023 745 2063 auxilia,
762 2023 875 2064 ingens
891 2034 1044 2057 numerus
1059 2029 1092 2058 et
1108 2026 1212 2066 prima
1227 2025 1337 2057 statim
1353 2025 1404 2057 de—

41 2110 43 2113 ·
79 2068 219 2116 fectione
230 2070 313 2102 inter
327 2069 449 2101 inania²
463 2070 538 2102 belli
550 2072 746 2111 assumptus.
761 2074 911 2104 Ceterum
922 2074 957 2104 ut
967 2072 1192 2114 largitionibus
1202 2072 1407 2113 assectaejam

81 2117 208 2156 imperii
225 2127 304 2158 opes
326 2117 531 2158 sufficerent,
554 2120 734 2159 amputari
753 2119 924 2159 leyionum
944 2121 1226 2161 auxiliorumque
1248 2128 1408 2152 numeros

115 2226 229 2252 LXVIII.
250 2233 271 2252 i.
290 2228 432 2257 Proprium
454 2228 570 2253 verbum
587 2228 622 2253 de
642 2228 871 2254 accumbentibus
892 2229 926 2254 ad
940 2235 1054 2254 coenam.
1068 2242 1095 2247 -—
1109 2235 1133 2254 α.
1145 2231 1216 2254 Ante
1238 2229 1346 2254 solitam
1360 2230 1407 2255 otii

84 2263 182 2287 horam
195 2263 329 2287 initis.-s.
349 2264 399 2293 Qui
413 2265 526 2294 coquat,
538 2265 670 2290 claudunt
681 2270 787 2294 agmen.
803 2276 833 2283 —
843 2270 866 2290 ⁴.
880 2265 983 2296 Quippe
993 2265 1091 2296 quibus
1103 2271 1207 2290 morem
1227 2271 1283 2290 non
1296 2266 1409 2296 gesserit

86 2298 230 2327 imperium
245 2298 431 2323 offerentibus.

88 2367 106 2391 h
118 2332 209 2392 Ιὲῑιξ.
224 2338 246 2357 ι.
258 2333 348 2358 Civilis
358 2334 516 2365 tumultum,
530 2335 578 2366 qui
597 2337 695 2366 quarto
707 2336 777 2361 libro
790 2336 1011 2362 narrabitureeff
1029 2337 1153 2367 Speciem
1165 2336 1251 2366 magis
1263 2341 1344 2366 quam
1354 2335 1408 2359 vim

107 2373 122 2391 a
144 2373 177 2391 en
201 2374 225 2392 a.
