1539 2668
134 133 194 162 370
490 126 621 154 TACITI
643 123 922 153 HISTORIARUM
945 123 1016 151 Lm.
1042 122 1098 150 ΙΙΙ.

132 208 330 247 quamquam
342 207 478 230 numero
491 197 623 238 satoque
636 196 791 236 dispareS,
805 195 983 236 inquietare
996 193 1178 232 victoriam,
1196 193 1314 224 morari
1329 202 1453 236 pacem,

132 254 245 285 domos
268 255 408 287 arasque·
423 254 537 276 cruore
561 243 692 283 foedare,
710 242 721 260 ³
749 251 899 283 suprema
916 242 1012 273 victis
1033 240 1146 273 solatia
1162 240 1452 281 amplectebantur.

131 298 227 332 multi
253 293 460 328 semianimes
484 300 579 332 super
601 293 707 321 turres
729 290 763 321 et
788 289 1029 330 propugnacula
1052 287 1209 319 moenium
1231 288 1451 328 exspiravere.

133 343 301 379 convulsis
316 341 418 383 portis
435 339 579 379 reliquus
594 337 709 377 globus
728 336 845 368 obtulit
864 345 898 368 se
913 334 1112 374 victoribus3
1132 336 1164 366 et
1185 334 1331 366 cecidere
1344 344 1456 368 omnes

132 391 303 425 contrariis
318 386 507 420 vulneribus
519 410 527 425 ,
543 384 628 416 versi
641 387 674 415 in
689 384 813 415 hostem
831 393 838 415 :
855 392 892 415 ea
904 392 983 415 cura
997 382 1094 414 etiam
1104 405 1106 407 .
1116 381 1327 413 morientibus
1346 382 1456 417 decori

131 441 237 473 exitus
253 437 321 468 fuit.
339 434 487 467 Vitellius
503 435 596 472 capta
612 431 697 464 Urbe
712 441 768 472 per
782 440 927 463 aversam
942 430 1053 471 palatii
1068 432 1193 470 partem
1207 429 1406 462 Aventinum
1422 431 1456 464 in

131 488 265 520 domum
283 482 395 515 uxoris
411 481 523 512 sellula
540 479 694 517 defertur,
713 480 749 509 ut
764 479 792 510 si
807 478 893 510 diem
909 477 1031 509 latebra
1046 476 1235 515 vitavisset‚
1250 478 1457 510 Terracinam

131 535 170 568 ad
186 533 333 565 cohortes
350 529 546 568 fratremque
564 526 755 567 perfugeret.
773 526 848 557 dein
864 525 1041 556 mobilitate
1055 524 1190 563 ingenii,
1210 526 1242 555 et
1254 533 1330 564 quae
1343 528 1458 557 natura

130 580 259 623 pavoris
272 580 338 618 est,
356 584 457 616 quum
470 574 578 606 omnia
599 573 755 605 metuenti
769 572 939 614 praesentia
954 571 1093 602 maxime
1112 570 1342 611 displicerent,
1355 573 1389 604 in
1406 581 1459 613 pa-

128 629 243 661 latium
259 623 435 665 regreditur
450 624 579 654 vastum
594 621 840 661 desertumque,
857 619 991 659 dilapsis
1004 618 1104 650 etiam
1118 618 1237 650 intimis
1251 619 1458 653 servitiorum

130 681 187 711 aut.
203 682 374 708 occursum
396 672 465 710 ejus
487 671 738 703 declinantibus.
759 672 858 701 terret
878 668 1018 700 solitudo
1042 670 1074 699 et
1094 669 1239 699 tacentes
1258 669 1318 700 loci
1330 681 1340 710 3
1355 665 1474 704 tentat¹

128 726 236 758 clausa
248 722 257 740 4
267 747 276 761 ,
290 720 480 752 inhorrescit
494 719 626 757 vacuis3
646 718 816 758 fessusque
834 717 952 748 misero
968 724 1086 754 errore,
1102 718 1134 746 et
1148 715 1296 755 pudenda
1310 717 1432 750 latebra
1446 719 1457 737 ⁵

129 774 232 806 semet
254 768 440 806 occultans,
463 766 504 797 ab
524 766 609 797 Julio
632 765 758 797 Placido
782 764 914 796 tribuno
931 763 1077 794 cohortis
1101 763 1313 802 protrahitur.
1340 765 1459 798 vinctae

129 829 211 863 pone
226 822 350 856 tergum
366 822 499 852 manus;
515 814 634 845 laniata
647 815 749 852 veste,
764 812 884 843 t'oedum
897 810 1131 851 spectaculum,
1146 809 1335 851 ducebatur,
1350 813 1461 846 multis

128 864 385 905 increpantibus,
410 861 498 892 nullo
520 861 735 892 illacrimante
754 869 761 891 :
787 859 974 890 deformitas
990 858 1099 889 exitus
1116 857 1372 891 misericordiam
1388 861 1460 894 ahs-

129 914 260 946 tulerat.
279 910 398 941 obvius
412 918 430 940 e
447 908 646 940 Germanicis
662 906 823 938 militibus
838 905 1009 937 vitellium
1030 904 1145 936 infesto
1167 906 1254 944 ictu,
1279 915 1336 946 ρει·
1359 907 1460 948 iram,

128 961 178 992 vel
195 968 260 1000 quo
284 956 442 988 maturius
457 955 597 987 ludibrio
617 955 773 986 eximeret
786 954 813 994 ⁶,
830 963 871 985 an
888 953 1058 984 tribunum
1075 952 1266 992 appetierit,
1284 953 1318 985 in
1336 954 1460 988 incerto

128 1008 191 1040 l'uit
209 1017 215 1037 :
235 1013 346 1036 aurem
363 1002 482 1034 tribuni
499 1003 682 1043 amputavit
698 1011 735 1033 ac
751 1002 862 1033 statim
879 1001 1046 1032 confossus
1064 1002 1123 1031 est.

170 1055 314 1086 LXXXV.
340 1050 506 1081 Vitellium
532 1050 662 1081 infestis
687 1048 899 1080 mucronibus
925 1049 1075 1079 coactum
1101 1047 1198 1078 modo
1223 1048 1346 1087 erigere
1369 1057 1405 1080 os
1429 1053 1462 1082 et

128 1101 244 1134 offerre
269 1097 491 1136 contumeliis,
514 1105 603 1128 nunc
625 1097 775 1128 cadentes
799 1098 922 1127 statuas
945 1103 1036 1133 suas,
1064 1095 1254 1134 plerumque
1274 1096 1389 1126 Rostra
1405 1098 1462 1129 aut

128 1148 239 1181 Galboe
257 1146 356 1177 occisi
380 1145 488 1175 locum
509 1144 674 1183 contueri,
693 1146 856 1183 postremo
879 1142 918 1173 ad
941 1142 1129 1179 Gemonias,
1148 1141 1202 1172 ubi
1224 1150 1341 1182 corpus
1363 1143 1462 1176 Flavii

127 1194 235 1227 Sabini
254 1193 400 1233 jacuerat
416 1215 424 1230 ,
446 1191 631 1231 propulere.
654 1200 717 1221 nna
732 1199 796 1221 vox
815 1199 880 1220 uon
896 1188 1062 1229 degeneris
1076 1189 1174 1219 animi
1189 1191 1340 1229 excepta,
1359 1199 1461 1230 quum

126 1242 259 1276 tribuno
273 1239 442 1271 insultanti
452 1247 487 1270 se
503 1241 620 1270 tamen
632 1239 882 1278 Imperatorem
896 1235 1091 1277 ejusfzcisse
1105 1237 1283 1276 respondit.
1296 1246 1334 1268 ac
1346 1237 1461 1271 deinde

127 1290 259 1329 ingestis
272 1286 459 1319 vulneribus
472 1285 626 1317 concidit.
644 1288 676 1317 et
694 1286 812 1326 vulgus
830 1285 944 1316 eadem
959 1285 1118 1325 pravitate
1132 1284 1349 1316 insectabatur
1361 1284 1460 1318 inter-

127 1338 249 1369 fectum
261 1361 268 1375 ,
290 1344 353 1375 qua
372 1334 495 1365 foverat
513 1333 689 1364 viventem.

169 1386 328 1415 LXXXVI.
359 1381 465 1413 Patria
499 1380 544 1411 illi
577 1381 723 1412 Luceria.
751 1380 929 1420 septimum
955 1380 988 1411 et
1019 1379 1326 1420 quinquagesimum
1356 1381 1462 1416 aetatis

128 1440 248 1464 annum
273 1428 423 1470 explebat
441 1428 464 1458 ¹.
494 1428 718 1466 consulatum,
741 1427 921 1459 sacerdotia
934 1451 943 1467 ,
963 1435 1083 1458 nomen
1104 1427 1274 1467 locumque
1297 1427 1379 1460 inter
1394 1428 1461 1469 pri-

126 1488 232 1510 mores
250 1476 339 1508 nulla
358 1485 416 1507 sua
433 1475 610 1514 industria,
629 1475 686 1506 sed
706 1478 825 1506 cuncta
841 1475 939 1515 patris
961 1473 1154 1506 claritudine
1178 1474 1350 1515 adeptus2.
1372 1477 1459 1516 prin—

126 1526 271 1566 cipatum
283 1525 311 1555 ei
325 1523 469 1554 detulere
480 1522 534 1562 qui
552 1522 655 1562 ipsum
671 1531 734 1553 non
750 1525 918 1553 noverant.
931 1521 1038 1553 studia
1051 1522 1212 1553 exercitus
1226 1530 1297 1553 raro
1310 1522 1461 1563 cuiquam

125 1575 219 1607 bonis
244 1573 367 1604 artibus
392 1571 530 1612 quaesita
555 1572 687 1611 perinde
710 1571 833 1602 assuere
852 1580 950 1611 quam
978 1571 1055 1603 huic
1079 1580 1136 1610 per
1161 1571 1335 1611 ignaviam.
1359 1573 1462 1606 inerat

125 1623 233 1654 tamen
254 1619 446 1660 simplicitas
467 1627 505 1649 ac
527 1618 725 1656 liberalitas;
751 1627 842 1658 quac,
865 1619 897 1648 ni
922 1618 1001 1649 assit
1020 1618 1156 1655 modus,
1178 1619 1211 1649 in
1234 1619 1370 1650 exitium
1394 1629 1461 1652 ver-

128 1671 250 1702 tuntur¹
261 1666 418 1697 amicitias
426 1665 503 1695 dum
515 1665 737 1704 magnitudine
751 1674 936 1703 munerum,
948 1674 1013 1695 non
1021 1665 1203 1696 constantia
1218 1675 1346 1697 morum
1361 1666 1461 1698 conti-

126 1717 192 1749 neri
213 1716 323 1754 putat,
343 1712 460 1743 meruit
473 1711 484 1729 ³
502 1712 614 1751 magis,
631 1720 728 1751 quam
749 1712 871 1743 habuit.
894 1712 1177 1751 reipublicaehaud
1192 1712 1289 1744 dubie
1305 1713 1462 1745 intererat

126 1762 293 1795 Vitellium
308 1760 412 1799 vinci;
427 1759 484 1791 sed
497 1758 657 1799 imputare
671 1759 837 1799 perfidiam
856 1768 919 1789 non
937 1763 1072 1799 possunt
1089 1759 1143 1799 qui
1162 1759 1328 1791 Vitellium
1343 1764 1462 1802 Vespa-

128 1808 217 1840 siano
240 1807 428 1848 prodidere,
453 1815 554 1846 quum
576 1815 594 1837 a
613 1806 713 1837 Galba
733 1806 958 1837 descivissent.
985 1806 1145 1846 Praecipiti
1165 1806 1196 1837 in
1220 1815 1373 1839 occasum
1389 1808 1459 1851 die,

128 1856 168 1888 ob
192 1864 346 1896 pavorem
372 1854 620 1894 magistratuum
636 1854 908 1893 senatorumque,
931 1853 987 1894 qui
1013 1853 1129 1894 dilapsi
1151 1863 1191 1885 ex
1214 1854 1299 1886 Urbe
1322 1856 1379 1887 aut
1404 1864 1461 1896 per

129 1904 243 1936 domos
262 1901 429 1932 clientium
446 1902 549 1932 semet
568 1900 795 1939 occultabant,
811 1900 921 1931 vocari
938 1903 1071 1932 senatus
1088 1910 1151 1932 non
1165 1902 1280 1942 potuit.
1304 1902 1459 1934 Domitia—

126 1960 205 1984 num
223 1975 232 1989 ‚
251 1951 423 1990 postquam
449 1949 529 1980 nihil
548 1949 663 1980 hostile
683 1948 902 1989 metuebatur,
921 1949 959 1980 ad
980 1948 1080 1981 duces
1096 1950 1235 1989 partium
1255 1958 1459 1990 progressum

127 2000 160 2031 et
183 2000 353 2030 Caesarem
372 1995 618 2028 consalutatum
641 1996 733 2029 miles
754 1997 928 2038 frequens,
949 1998 1050 2037 utque
1065 1997 1135 2028 erat
1157 1996 1192 2028 in
1213 1997 1329 2037 armis,
1352 1997 1385 2029 in
1408 2005 1459 2038 pa·

128 2047 236 2077 ternos
253 2046 385 2084 penates
400 2043 547 2076 deduxit.

128 2116 170 2140 nis
185 2115 234 2138 sub
251 2115 327 2144 signa
347 2115 551 2138 revocatorum.
564 2127 593 2132 —
604 2119 626 2138 a.
640 2115 682 2139 Sc.
697 2113 754 2139 haee
767 2115 907 2144 tamquam
919 2119 999 2144 supr.
1008 2121 1015 2143 ;
1033 2113 1078 2138 illa
1098 2119 1158 2143 quae
1179 2112 1319 2138 infinitivis
1336 2114 1457 2144 exposita

128 2152 199 2173 suut.
215 2163 242 2167 —
254 2155 275 2173 4.
289 2152 331 2174 Sc.
347 2150 367 2172 si
383 2149 454 2173 forte
468 2150 548 2174 amici
566 2149 603 2173 ibi
616 2149 795 2174 meane—15.
813 2150 894 2174 Zona
915 2155 1075 2174 aureorum
1095 2149 1182 2179 plena
1202 2154 1232 2172 se
1249 2149 1455 2179 circumdedit,

128 2186 311 2215 confussitquc
333 2185 362 2209 in
380 2185 515 2209 cellulam
529 2185 671 2216 janitoris
682 2203 688 2215 ‚
711 2185 835 2215 reliqato
856 2191 912 2216 pro
928 2184 1045 2215 sor-ibus
1062 2190 1146 2213 cane,
1168 2185 1293 2214 lectoque
1305 2185 1333 2208 et
1348 2185 1456 2211 culcita

129 2220 248 2249 obice-tiri,
263 2222 372 2245 sueton.
389 2226 410 2244 e.
428 2225 460 2244 ie.
477 2221 524 2244 Dio
538 2221 642 2245 Cassius
656 2221 688 2245 de
703 2227 812 2245 recessu
826 2221 946 2251 loquitur
958 2221 985 2244 in
997 2226 1052 2250 quo
1065 2225 1148 2244 canes
1158 2219 1294 2249 conclusi,
1312 2220 1359 2250 qui
1372 2220 1456 2244 Vitel-

127 2256 192 2281 Xlum
216 2256 314 2280 acriter
339 2256 613 2281 momorderint.-e.
632 2258 675 2281 Sic
698 2258 746 2282 Dio
766 2258 871 2282 Cassius
891 2257 967 2286 LXV,
986 2261 1032 2280 2¹:
1052 2255 1165 2280 militem
1184 2256 1328 2281 vulnerato
1346 2256 1454 2281 Vitellio

128 2291 234 2318 dixisse,
248 2291 368 2315 Servabo
386 2293 411 2317 te
424 2293 458 2316 ut
469 2298 592 2322 possum,
610 2294 638 2316 et
653 2299 682 2317 se
696 2293 783 2323 ipsum
800 2292 982 2317 interfecisse.

159 2326 300 2350 Lxxxvl.
324 2333 344 2350 ι.
365 2328 408 2351 sic
424 2329 503 2351 etiam
521 2329 665 2352 suetonius
682 2334 706 2353 c.
725 2335 760 2353 ie.
779 2329 830 2354 Sed
845 2329 893 2353 Dio
905 2327 1010 2352 Cassius
1021 2325 1106 2351 refert
1120 2331 1149 2352 ¹54
1162 2332 1256 2351 annos.
1270 2330 1332 2351 -2.
1349 2327 1387 2351 De
1400 2331 1454 2356 quo

128 2361 200 2387 cont·
214 2361 285 2386 dicta
298 2362 391 2387 Tacito
402 2365 479 2388 Αηη.
493 2364 534 2394 Vl,
549 2369 640 2389 32.-—3.
659 2365 832 2394 comparavit
844 2369 927 2394 opera
941 2364 969 2387 et
983 2362 1084 2392 pretio.

668 2434 915 2449 ψ
