1539 2668
540 109 573 139 A.
598 110 637 139 U.
661 110 697 138 C.
721 109 792 138 801.
818 109 853 138 A.
879 110 913 138 C.
937 109 990 138 48.
1356 104 1418 134 155

129 190 226 219 XXII.
249 187 375 218 Interea
388 186 518 224 Romae,
534 184 634 215 nullis
649 183 755 224 palam
770 193 873 224 neque
888 182 1024 223 cognitis
1042 191 1118 214 mox
1135 181 1240 213 causis
1251 206 1259 220 ‚
1276 184 1333 212 Cn.
1351 184 1420 212 No-

86 233 179 273 niuS,
205 242 303 273 eques
330 237 512 271 Romanus,
540 231 624 262 ferro
649 231 815 261 accinctus
832 232 989 270 reperitur
1009 230 1016 247 ¹
1045 229 1078 260 in
1098 231 1184 260 coetu
1206 227 1420 259 salutantium

87 279 281 320 Principem.
307 288 380 310 nam
398 281 569 319 postquam
597 277 769 309 tormentis
795 277 1022 316 dilaniabatur,
1040 277 1080 308 de
1104 285 1137 307 se
1162 284 1227 306 non
1244 274 1421 311 infitiatus,

86 328 236 359 conscios
253 337 317 358 non
334 326 456 364 edidit,
479 325 640 356 incertum
658 334 698 356 an
715 326 892 357 occultans.
919 324 1037 356 Iisdem
1060 323 1249 354 consulibus
1274 325 1309 352 P.
1327 320 1422 352 Dola-

88 371 172 405 bella
187 374 311 405 censuit
328 373 565 413 spectacubmn
582 371 820 412 qlacliatormn
838 381 901 412 per
916 379 1031 403 omnes
1047 379 1155 402 annos
1172 367 1422 401 celebrandum.

82 423 235 458 pecunia
252 428 389 458 eorum,
409 421 469 460 qui
484 421 701 459 quaesturam
713 418 1005 459 adipiscerentur.
1035 417 1121 458 apud
1138 417 1276 457 majores
1292 413 1423 445 virtutis

86 467 122 498 id
136 467 306 508 praemium
324 467 430 497 fuerat
444 467 633 506 cunctisque
650 466 771 497 civium
785 490 793 504 ,
820 467 845 497 si
864 466 956 497 1101115
971 465 1096 497 artibus
1110 464 1267 502 fiderent,
1292 461 1423 493 licitum

87 516 196 553 petere
213 515 444 554 magistratns3
474 522 511 544 ac
532 522 573 545 ne
600 515 678 545 aetas
702 514 833 553 quidem
849 511 1145 553 distinguebatur2,
1164 511 1242 552 quin
1256 509 1360 550 prima
1372 508 1423 547 ju-

86 565 183 592 venta
199 562 401 593 consulatum
416 563 448 591 et
461 560 639 592 dictaturas
660 561 789 592 inirent.
808 561 861 592 sed
879 562 1057 601 quaestores
1074 559 1201 600 regibus
1226 557 1323 590 etiam
1350 559 1423 587 tum

86 606 320 648 imperantibus
336 608 475 639 instituti
493 610 569 639 sunt
586 617 593 638 ε
614 608 701 648 quod
722 608 773 639 lex
798 609 920 639 curiata
936 608 947 626 ³
974 607 1117 639 ostendit
1139 606 1180 637 ab
1204 610 1239 637 L.
1260 606 1359 637 Bruto
1375 611 1424 634 re-

86 655 198 693 petita.
241 657 428 696 mansitque
457 655 645 687 consulibus
676 657 820 696 potestas
846 656 1026 696 deligendi,
1062 655 1166 686 donec
1191 661 1266 685 eum
1292 658 1424 692 quoque

88 702 242 734 honorem
261 705 400 744 populus
416 704 596 734 mandaret.
615 703 780 743 creatique
800 704 942 743 primum
962 703 1109 734 Valerius
1131 701 1257 733 Potitus
1282 701 1315 731 et
1331 698 1425 730 AEmi·

85 748 149 780 lius
168 754 348 781 Mamercus
361 775 369 790 ,
397 752 494 782 tertio
511 752 543 782 et
561 751 759 790 sexagesimo
785 759 871 781 anno
885 751 958 790 post
974 750 1166 790 Tarquinios
1190 748 1321 780 exactos
1335 745 1363 785 ⁴,
1387 744 1424 776 ut

87 805 156 827 rem
170 798 347 829 militarem
362 798 607 829 comitarentur.
633 798 706 828 dein
729 797 938 838 gliscentibus
959 797 1095 837 negotiis
1116 796 1181 827 dno
1204 794 1306 826 additi
1323 793 1349 833 ⁵,
1367 792 1424 832 qui

87 846 200 876 Romae
219 847 381 878 curarent.
400 854 475 876 mox
488 845 499 863 θ
518 845 702 885 duplicatus
716 853 869 876 numerus
881 868 889 883 ,
909 844 1108 884 stipendarii}
1119 843 1186 882 jam
1211 842 1304 873 Italia
1316 842 1347 872 et
1369 848 1425 870 ac-

86 891 277 923 cedentibus
297 893 537 933 provinciarum
553 893 773 932 vectigalibus.
803 893 878 932 post
899 891 967 931 lege
989 892 1085 922 Sullae
1101 890 1216 930 viginti
1232 889 1331 920 creati
1348 896 1424 926 sup·

87 937 203 977 plendo
228 941 373 980 senatui,
398 940 451 971 cui
472 940 593 981 judicia
610 940 788 971 tradiderat
804 939 828 970 ⁷.
860 941 892 970 et
920 948 1118 979 quamquam
1142 938 1274 978 Equites
1299 935 1423 977 judicia

85 988 367 1026 recuperavissent
383 988 409 1028 ⁸,
436 990 599 1028 quaestura
624 989 733 1018 tamen
749 995 788 1018 ex
805 986 962 1026 dignitate
979 985 1226 1017 candidatorum
1244 985 1300 1015 ant
1323 982 1423 1014 facili—

85 1032 153 1065 tate
168 1034 381 1066 tribuentium
398 1035 537 1075 gratuito
563 1035 813 1074 concedebatur,
831 1034 933 1066 donec
951 1033 1114 1065 sententia
1141 1031 1316 1064 Dolabellae
1331 1030 1422 1062 velut

86 1082 336 1114 venundaretur.

129 1132 240 1160 XXIII.
256 1133 292 1160 A.
308 1129 457 1169 Vitellio,
482 1134 516 1161 L.
533 1130 691 1170 Vipstano
707 1133 794 1160 Coss.
814 1129 838 1167 ¹,
855 1137 957 1169 quum
973 1128 1013 1159 de
1029 1127 1209 1169 supplendo
1231 1125 1345 1158 senatu
1361 1124 1425 1164 agi·

87 1175 223 1215 taretur,
238 1177 461 1217 primoresque
477 1177 585 1209 Galliae
598 1186 672 1217 quac
692 1178 839 1208 Comata
856 1176 1046 1216 appellatur,
1065 1175 1184 1206 foedera
1204 1176 1235 1205 et
1254 1173 1425 1205 civitatem

88 1224 268 1254 Romanam
286 1224 408 1264 pridem
423 1224 579 1263 assecuti,
603 1224 655 1263 jus
671 1223 952 1263 adipiscendorum
967 1223 999 1253 111
1018 1222 1103 1254 Urbe
1120 1223 1279 1253 honorum
1295 1221 1424 1260 expete-

89 1271 178 1309 rent,
197 1271 321 1301 multus
336 1280 373 1302 ea
387 1280 484 1311 super
506 1280 540 1301 re
556 1270 730 1310 variusque
745 1279 866 1301 rumor.
891 1273 922 1301 et
938 1269 1055 1301 studiis
1074 1269 1211 1300 diversis
1230 1268 1315 1308 apud
1336 1268 1427 1299 Prin-

88 1314 194 1355 cipem
207 1318 403 1356 certabatur,
421 1318 673 1349 asseverantium
694 1331 709 1344 «
724 1327 788 1348 11011
806 1317 886 1348 31180
902 1326 1021 1356 aegram
1044 1317 1168 1348 Italiam
1182 1340 1190 1355 ,
1217 1317 1253 1346 ut
1274 1316 1425 1346 senatum

89 1373 106 1389 «
123 1364 327 1403 suppeditare
341 1365 418 1396 Urbi
432 1373 499 1395 snae
514 1365 674 1404 nequiret.
698 1364 861 1395 suffecisse
880 1364 958 1394 olim
974 1363 1160 1402 indigenas,
1179 1353 1426 1402 consangnineis

90 1421 107 1436 «
124 1411 253 1450 populis
267 1410 294 1451 ²,
309 1421 367 1443 nec
381 1412 537 1452 poenitere
549 1412 666 1443 veteris
678 1411 864 1452 reipublicae
876 1411 887 1428 ³
901 1421 908 1441 ι
925 1411 1003 1451 quin
1014 1411 1121 1442 adhuc
1136 1410 1309 1441 memorari
1319 1418 1426 1441 exem-

91 1467 108 1482 «
125 1457 198 1497 pla,
223 1467 315 1498 quae,
342 1459 456 1499 priscis
481 1459 648 1498 moribus,
680 1459 719 1490 ad
743 1459 896 1489 virtutem
915 1460 946 1489 et
968 1458 1102 1498 gloriam
1128 1462 1272 1489 Romana
1300 1456 1427 1489 indoles

92 1514 109 1529 «
129 1505 317 1544 prodiderit.
336 1515 376 1537 an
396 1515 530 1546 parum,
547 1506 633 1546 quod
653 1506 764 1537 Veneti
783 1507 816 1537 et
834 1506 983 1537 Insubres
999 1506 1122 1537 curiam
1144 1505 1338 1544 irruperint,
1363 1504 1425 1536 nisi

92 1561 108 1577 a
126 1554 227 1584 coetus
241 1553 492 1592 alienigenarum
503 1577 511 1592 ,
528 1554 615 1585 velut
628 1554 799 1594 captivitas
814 1553 841 1593 ⁴,
867 1553 1046 1584 inferatur?
1061 1562 1157 1593 quem
1172 1552 1256 1583 ultra
1269 1552 1426 1583 bonorem

91 1610 108 1624 «ι
124 1599 261 1631 residuis
275 1600 430 1632 nobilium
446 1625 454 1639 ‚
481 1602 537 1631 aut
554 1601 581 1631 si
595 1601 667 1640 quis
684 1610 806 1641 pauper
819 1610 836 1631 c
856 1600 944 1632 Latio
961 1602 1089 1631 senator
1104 1601 1184 1631 foret
1198 1602 1210 1630 Ρ
1232 1599 1427 1639 oppleturos

93 1658 108 1671 «
126 1647 235 1678 omnia
251 1647 370 1679 divites
384 1648 458 1679 illos
473 1671 481 1686 ,
503 1657 641 1688 quornm
656 1649 709 1679 avi
726 1648 906 1688 proavique
918 1672 926 1687 ,
943 1648 1110 1678 hostilium
1125 1648 1296 1678 nationum
1314 1648 1426 1688 duces,

94 1704 109 1719 ι(
130 1694 293 1725 exercitus
310 1697 439 1726 11051105
467 1694 549 1725 ferro
566 1695 665 1735 vique
687 1695 883 1734 ceciderint,
904 1695 1017 1726 divum
1042 1695 1165 1726 Julium
1180 1695 1266 1735 apud
1284 1695 1427 1726 Alesiam

94 1751 110 1766 «
128 1740 311 1773 obsederint
326 1742 350 1772 ⁵.
371 1742 511 1773 recentia
526 1742 607 1773 hmo.
626 1742 704 1782 quid
719 1742 745 1773 si
762 1742 918 1774 memoria
932 1743 1081 1774 veterum
1095 1742 1287 1782 inoreretur,
1314 1743 1351 1773 ut
1368 1751 1427 1782 pro

94 1796 110 1811 ⁴(
131 1789 288 1828 Capitolio
323 1789 355 1820 et
388 1798 460 1820 arce
491 1793 637 1820 Romana
664 1790 698 1820 in
727 1798 843 1821 manus
871 1793 1035 1821 Senonum
1072 1790 1177 1830 pretia
1204 1789 1362 1830 pensastis
1388 1790 1400 1807 ⁶
1415 1792 1428 1820 Ξ)

124 1875 209 1898 XXII.
226 1880 246 1898 1.
262 1875 283 1898 Α
294 1884 307 1894 u
318 1874 529 1903 scrutatoribus,
553 1880 620 1903 quos
634 1875 783 1906 (Claudius)
798 1875 994 1899 salutatoribus
1011 1881 1119 1905 semper
1131 1876 1265 1906 apposuit,
1280 1877 1307 1899 et
1318 1876 1427 1905 quidem

95 1910 222 1934 omnibus
235 1911 263 1933 et
276 1910 499 1938 acerbissimos»
521 1911 632 1934 Sueten.
649 1916 671 1934 c.
690 1916 726 1933 55.
741 1916 801 1933 -2.
818 1910 1041 1939 Distingucbatur
1062 1911 1180 1940 quidem,
1195 1911 1347 1940 praesertim
1366 1914 1429 1940 post

95 1945 182 1975 legem
199 1945 336 1969 annalem
351 1945 414 1968 anni
428 1945 458 1968 U.
471 1949 523 1973 575,
536 1946 581 1968 sed
597 1951 651 1969 non
666 1946 702 1969 ita
714 1946 744 1968 ut
755 1945 967 1969 excluderentur
980 1945 1014 1969 ob
1029 1947 1137 1968 aetatem
1149 1946 1271 1969 homines
1283 1946 1427 1971 manifesto

95 1981 256 2004 eminentes,
268 1993 291 1996 -
310 1986 332 2003 5.
346 1981 398 2004 Lex
414 1986 428 2003 a
444 1981 534 2008 curiis,
547 1986 609 2009 quze
622 1986 677 2004 11011
689 1981 799 2009 viritim,
813 1981 861 2004 sed
875 1981 1024 2004 secundum
1038 1982 1133 2009 gentes
1147 1980 1276 2011 suffragia
1292 1981 1426 2011 ferebant,

95 2015 160 2040 lata.
174 2017 220 2039 His
234 2015 341 2044 legibus
358 2015 502 2044 imperium
519 2016 630 2044 regibus
648 2015 832 2043 deferebatur,
847 2016 875 2039 et
897 2016 925 2039 in
938 2015 1078 2045 republica
1091 2016 1327 2040 senatusconsulta
1342 2017 1427 2046 impe-

94 2051 164 2074 rium
179 2049 330 2074 deferentia
342 2050 600 2075 sanciebantur.-⁴.
614 2053 644 2075 Α.
656 2052 686 2075 U.
700 2056 751 2075 508.
764 2056 827 2074 —5.
843 2052 873 2074 Α.
891 2056 943 2079 55⁴,
958 2052 1111 2080 quoestores
1125 2051 1232 2076 urbani
1243 2052 1299 2076 sive
1313 2054 1426 2076 α’νανὲῑ.

94 2085 175 2110 conf.
192 2086 295 2109 Livium
312 2086 354 2115 IV,
369 2091 408 2110 45.
420 2099 450 2104 -
461 2092 483 2110 e.
495 2088 571 2111 Circa
585 2093 607 2111 a.
621 2092 674 2111 490.
686 2100 714 2103 —
726 2092 747 2110 7.
761 2088 790 2111 Α.
803 2087 832 2110 U.
844 2092 896 2110 672.
908 2100 936 2103 —
950 2093 972 2110 a.
982 2089 1010 2110 A.
1030 2087 1056 2111 U⁴
1072 2092 1125 2111 cas.

126 2120 226 2146 XXIII.
246 2126 266 2144 ι.
285 2121 318 2144 Α.
333 2121 364 2145 U.
382 2127 472 2152 ⁸0¹,p.
491 2122 555 2147 Chr.
573 2127 611 2146 ⁴3.
623 2135 653 2140 —
666 2127 688 2146 2.
703 2123 790 2151 Quum
810 2122 903 2152 populi
925 2123 1119 2152 antiquissimae
1141 2122 1299 2153 reipublicae
1319 2124 1428 2153 (Latini)

97 2156 295 2186 consanguinei
309 2158 401 2181 essent
417 2158 552 2187 Romanis,
568 2164 599 2182 ac
610 2158 723 2188 proinde
736 2163 791 2182 non
805 2158 897 2187 inepte
913 2159 1063 2187 potuissent
1076 2159 1109 2181 ad
1124 2159 1298 2188 magistratus
1314 2159 1342 2182 in
1355 2160 1428 2184 Urbe

97 2191 252 2215 3111111111-
264 2197 287 2216 s.
303 2192 392 2221 Atque
405 2193 515 2217 minime
527 2194 731 2223 poenitendam‚
752 2194 770 2218 i.
794 2199 818 2216 e.
834 2194 1063 2217 contemnendam
1083 2195 1111 2217 et
1133 2200 1244 2223 parvam
1265 2195 1326 2218 ideo
1344 2195 1427 2219 fuisse

99 2227 221 2250 veterem
241 2228 491 2257 rempublie‘am.—
504 2233 526 2252 ⁴.
540 2230 660 2259 Captivi:
681 2235 742 2253 nam
762 2229 844 2253 armis
866 2228 905 2252 illi
926 2229 1021 2258 populi
1044 2229 1161 2258 stibJecti
1183 2230 1310 2253 Romanis
1338 2234 1426 2255 eraut.

98 2274 130 2279 —
142 2267 166 2286 5.
185 2262 224 2285 De
236 2263 464 2291 periculosissima
479 2264 622 2289 obsidione
637 2265 681 2289 illa
693 2272 720 2288 v.
739 2266 898 2289 narrantem
913 2264 1047 2288 Caesarem
1064 2265 1151 2294 ipsum
1165 2265 1232 2289 Bell.
1248 2266 1314 2290 Gall.
1328 2267 1385 2296 Vll,
1397 2272 1427 2290 ca

101 2301 187 2324 usque
198 2296 232 2320 ad
252 2296 298 2321 fin.
310 2311 337 2314 —
354 2304 377 2322 6.
393 2299 428 2322 Ut
440 2304 523 2328 quum
537 2300 698 2329 Capitolium
713 2302 740 2324 et
754 2306 800 2323 arx
816 2301 936 2324 Romana
949 2306 963 2324 a
979 2300 1130 2324 Senonibus
1143 2300 1225 2324 Gallis
1234 2301 1341 2325 Brenno
1358 2303 1428 2326 duce

100 2331 183 2359 capta
199 2333 286 2361 esset,
298 2332 330 2356 iis
343 2334 432 2362 pretia
452 2334 618 2364 appendistis
637 2335 681 2359 illa
696 2336 872 2364 redempturi.
889 2335 974 2359 Dubia
991 2336 1068 2359 hanc:
1087 2336 1115 2359 in
1129 2337 1315 2366 manuscripto
1329 2337 1428 2366 depra-

102 2366 165 2389 vate
181 2366 231 2396 <lui
241 2369 378 2398 capitolio
391 2371 419 2395 et
433 2375 491 2394 αντ
506 2370 636 2395 Romana
660 2370 792 2396 manibus
806 2371 960 2395 eorundem
969 2372 1070 2400 persto
1077 2371 1158 2396 satis.
