<?xml version="1.0" encoding="UTF-8"?>
<!DOCTYPE html PUBLIC "-//W3C//DTD XHTML 1.0 Transitional//EN"
    "http://www.w3.org/TR/xhtml1/DTD/xhtml1-transitional.dtd">
<html xmlns="http://www.w3.org/1999/xhtml" xml:lang="en" lang="en">
 <head>
  <title>
</title>
<meta http-equiv="Content-Type" content="text/html;charset=utf-8" />
  <meta name='ocr-system' content='tesseract 3.04.00' />
  <meta name='ocr-capabilities' content='ocr_page ocr_carea ocr_par ocr_line ocrx_word'/>
</head>
<body>
  <div class='ocr_page' id='page_1' title='image "./operaquaesupersu00taciuoft_0422.png"; bbox 0 0 1539 2668; ppageno 0'>
   <div class='ocr_carea' id='block_1_1' title="bbox 95 203 1051 237">
    <p class='ocr_par' dir='ltr' id='par_1_1' title="bbox 95 203 1051 237">
     <span class='ocr_line' id='line_1_1' title="bbox 95 203 1051 237; baseline 0 -1"><span class='ocrx_word' id='word_1_1' title='bbox 95 205 154 237; x_wconf 81' lang='lat'>390</span> <span class='ocrx_word' id='word_1_2' title='bbox 192 222 193 225; x_wconf 63' lang='lat'><em>=</em></span> <span class='ocrx_word' id='word_1_3' title='bbox 450 205 582 233; x_wconf 86' lang='lat' dir='ltr'>TACITI</span> <span class='ocrx_word' id='word_1_4' title='bbox 605 203 880 234; x_wconf 77' lang='lat' dir='ltr'>HISTORIARUM</span> <span class='ocrx_word' id='word_1_5' title='bbox 902 205 975 234; x_wconf 79' lang='lat' dir='ltr'>Lm.</span> <span class='ocrx_word' id='word_1_6' title='bbox 999 205 1051 236; x_wconf 80' lang='lat' dir='ltr'>lv.</span> 
     </span>
    </p>
   </div>
   <div class='ocr_carea' id='block_1_2' title="bbox 55 277 1429 2180">
    <p class='ocr_par' dir='ltr' id='par_1_2' title="bbox 94 277 1425 1393">
     <span class='ocr_line' id='line_1_2' title="bbox 94 277 1411 319; baseline -0.002 -7"><span class='ocrx_word' id='word_1_7' title='bbox 94 279 229 313; x_wconf 85' lang='lat' dir='ltr'>eandem</span> <span class='ocrx_word' id='word_1_8' title='bbox 247 286 335 318; x_wconf 86' lang='lat' dir='ltr'>spem</span> <span class='ocrx_word' id='word_1_9' title='bbox 354 287 371 309; x_wconf 90' lang='lat' dir='ltr'>e</span> <span class='ocrx_word' id='word_1_10' title='bbox 383 277 561 317; x_wconf 82' lang='lat' dir='ltr'>legionibus</span> <span class='ocrx_word' id='word_1_11' title='bbox 577 278 667 309; x_wconf 90' lang='lat' dir='ltr'>miles</span> <span class='ocrx_word' id='word_1_12' title='bbox 686 277 842 317; x_wconf 89' lang='lat' dir='ltr'>promissa</span> <span class='ocrx_word' id='word_1_13' title='bbox 861 278 1021 319; x_wconf 84' lang='lat' dir='ltr'>stipendia</span> <span class='ocrx_word' id='word_1_14' title='bbox 1038 277 1202 317; x_wconf 74' lang='lat' dir='ltr'>flagitabat</span> <span class='ocrx_word' id='word_1_15' title='bbox 1222 285 1230 309; x_wconf 77' lang='lat' dir='ltr'>t</span> <span class='ocrx_word' id='word_1_16' title='bbox 1252 286 1297 309; x_wconf 74' lang='lat' dir='ltr'>ne</span> <span class='ocrx_word' id='word_1_17' title='bbox 1313 279 1411 309; x_wconf 78' lang='lat' dir='ltr'>Vitel-</span> 
     </span>
     <span class='ocr_line' id='line_1_3' title="bbox 95 324 1411 366; baseline -0.002 -7"><span class='ocrx_word' id='word_1_18' title='bbox 95 328 168 359; x_wconf 84' lang='lat' dir='ltr'>liani</span> <span class='ocrx_word' id='word_1_19' title='bbox 189 325 321 366; x_wconf 85' lang='lat' dir='ltr'>quidem</span> <span class='ocrx_word' id='word_1_20' title='bbox 337 325 405 356; x_wconf 90' lang='lat' dir='ltr'>sine</span> <span class='ocrx_word' id='word_1_21' title='bbox 423 325 526 356; x_wconf 87' lang='lat' dir='ltr'>multa</span> <span class='ocrx_word' id='word_1_22' title='bbox 540 324 627 356; x_wconf 79' lang='lat' dir='ltr'>caede</span> <span class='ocrx_word' id='word_1_23' title='bbox 645 325 720 365; x_wconf 86' lang='lat' dir='ltr'>pelli</span> <span class='ocrx_word' id='word_1_24' title='bbox 740 327 900 365; x_wconf 80' lang='lat' dir='ltr'><strong>poterant.</strong></span> <span class='ocrx_word' id='word_1_25' title='bbox 926 325 983 357; x_wconf 91' lang='lat' dir='ltr'>sed</span> <span class='ocrx_word' id='word_1_26' title='bbox 1002 325 1159 355; x_wconf 85' lang='lat' dir='ltr'>immensa</span> <span class='ocrx_word' id='word_1_27' title='bbox 1176 324 1314 365; x_wconf 81' lang='lat' dir='ltr'>pecunia</span> <span class='ocrx_word' id='word_1_28' title='bbox 1335 324 1411 356; x_wconf 79' lang='lat' dir='ltr'>fere-</span> 
     </span>
     <span class='ocr_line' id='line_1_4' title="bbox 94 371 1413 412; baseline -0.003 -7"><span class='ocrx_word' id='word_1_29' title='bbox 94 375 202 410; x_wconf 81' lang='lat' dir='ltr'>batur,</span> <span class='ocrx_word' id='word_1_30' title='bbox 216 382 279 412; x_wconf 82' lang='lat' dir='ltr'>qua</span> <span class='ocrx_word' id='word_1_31' title='bbox 299 374 391 403; x_wconf 85' lang='lat' dir='ltr'>tanta</span> <span class='ocrx_word' id='word_1_32' title='bbox 412 372 460 402; x_wconf 84' lang='lat' dir='ltr'>vis</span> <span class='ocrx_word' id='word_1_33' title='bbox 480 372 648 402; x_wconf 87' lang='lat' dir='ltr'>hominum</span> <span class='ocrx_word' id='word_1_34' title='bbox 663 371 828 403; x_wconf 88' lang='lat' dir='ltr'>retinenda</span> <span class='ocrx_word' id='word_1_35' title='bbox 841 376 919 404; x_wconf 89' lang='lat' dir='ltr'>erat.</span> <span class='ocrx_word' id='word_1_36' title='bbox 934 373 1093 412; x_wconf 76' lang='lat' dir='ltr'>ingressus</span> <span class='ocrx_word' id='word_1_37' title='bbox 1106 374 1209 402; x_wconf 86' lang='lat' dir='ltr'>castra</span> <span class='ocrx_word' id='word_1_38' title='bbox 1226 372 1413 409; x_wconf 69' lang='lat' dir='ltr'>Mucianus,</span> 
     </span>
     <span class='ocr_line' id='line_1_5' title="bbox 94 419 1415 462; baseline -0.003 -11"><span class='ocrx_word' id='word_1_39' title='bbox 94 430 159 462; x_wconf 88' lang='lat' dir='ltr'>quo</span> <span class='ocrx_word' id='word_1_40' title='bbox 174 420 295 451; x_wconf 87' lang='lat' dir='ltr'>rectius</span> <span class='ocrx_word' id='word_1_41' title='bbox 311 419 471 459; x_wconf 82' lang='lat' dir='ltr'>stipendia</span> <span class='ocrx_word' id='word_1_42' title='bbox 487 419 684 457; x_wconf 81' lang='lat' dir='ltr'>singulorum</span> <span class='ocrx_word' id='word_1_43' title='bbox 697 422 866 460; x_wconf 80' lang='lat' dir='ltr'>spectaret,</span> <span class='ocrx_word' id='word_1_44' title='bbox 882 419 950 450; x_wconf 90' lang='lat' dir='ltr'>suis</span> <span class='ocrx_word' id='word_1_45' title='bbox 967 428 1040 450; x_wconf 88' lang='lat' dir='ltr'>cum</span> <span class='ocrx_word' id='word_1_46' title='bbox 1056 419 1236 458; x_wconf 83' lang='lat' dir='ltr'>insignibus</span> <span class='ocrx_word' id='word_1_47' title='bbox 1253 419 1415 457; x_wconf 79' lang='lat' dir='ltr'>armisque</span> 
     </span>
     <span class='ocr_line' id='line_1_6' title="bbox 94 464 1415 507; baseline -0.003 -9"><span class='ocrx_word' id='word_1_48' title='bbox 94 468 236 498; x_wconf 76' lang='lat' dir='ltr'>victores</span> <span class='ocrx_word' id='word_1_49' title='bbox 262 465 452 503; x_wconf 75' lang='lat' dir='ltr'>constituit,</span> <span class='ocrx_word' id='word_1_50' title='bbox 479 465 617 496; x_wconf 83' lang='lat' dir='ltr'>modicis</span> <span class='ocrx_word' id='word_1_51' title='bbox 642 467 726 497; x_wconf 88' lang='lat' dir='ltr'>inter</span> <span class='ocrx_word' id='word_1_52' title='bbox 748 475 782 497; x_wconf 88' lang='lat' dir='ltr'>se</span> <span class='ocrx_word' id='word_1_53' title='bbox 805 466 916 507; x_wconf 88' lang='lat' dir='ltr'>spatiis</span> <span class='ocrx_word' id='word_1_54' title='bbox 940 465 1107 497; x_wconf 87' lang='lat' dir='ltr'>discretos.</span> <span class='ocrx_word' id='word_1_55' title='bbox 1134 468 1204 496; x_wconf 91' lang='lat' dir='ltr'>tum</span> <span class='ocrx_word' id='word_1_56' title='bbox 1230 464 1415 501; x_wconf 83' lang='lat' dir='ltr'>Vitelliani,</span> 
     </span>
     <span class='ocr_line' id='line_1_7' title="bbox 94 511 1418 553; baseline -0.002 -11"><span class='ocrx_word' id='word_1_57' title='bbox 94 523 175 553; x_wconf 81' lang='lat' dir='ltr'>qnos</span> <span class='ocrx_word' id='word_1_58' title='bbox 190 513 274 553; x_wconf 87' lang='lat' dir='ltr'>apud</span> <span class='ocrx_word' id='word_1_59' title='bbox 289 512 423 543; x_wconf 81' lang='lat' dir='ltr'>Bovillas</span> <span class='ocrx_word' id='word_1_60' title='bbox 443 513 474 542; x_wconf 93' lang='lat' dir='ltr'>in</span> <span class='ocrx_word' id='word_1_61' title='bbox 486 511 685 544; x_wconf 83' lang='lat' dir='ltr'>deditionem</span> <span class='ocrx_word' id='word_1_62' title='bbox 701 516 850 553; x_wconf 86' lang='lat' dir='ltr'>acceptos</span> <span class='ocrx_word' id='word_1_63' title='bbox 867 513 1156 552; x_wconf 75' lang='lat' dir='ltr'>membravimus&#39;,</span> <span class='ocrx_word' id='word_1_64' title='bbox 1178 512 1341 552; x_wconf 86' lang='lat' dir='ltr'>ceterique</span> <span class='ocrx_word' id='word_1_65' title='bbox 1360 519 1418 551; x_wconf 85' lang='lat' dir='ltr'>per</span> 
     </span>
     <span class='ocr_line' id='line_1_8' title="bbox 94 559 1417 600; baseline -0.003 -8"><span class='ocrx_word' id='word_1_66' title='bbox 94 561 214 592; x_wconf 76' lang='lat' dir='ltr'>Urbem</span> <span class='ocrx_word' id='word_1_67' title='bbox 228 562 262 591; x_wconf 86' lang='lat' dir='ltr'>et</span> <span class='ocrx_word' id='word_1_68' title='bbox 283 559 360 590; x_wconf 89' lang='lat' dir='ltr'>Urbi</span> <span class='ocrx_word' id='word_1_69' title='bbox 378 559 485 590; x_wconf 76' lang='lat' dir='ltr'>vicina</span> <span class='ocrx_word' id='word_1_70' title='bbox 504 561 679 599; x_wconf 79' lang='lat' dir='ltr'>conquisiti</span> <span class='ocrx_word' id='word_1_71' title='bbox 697 561 918 600; x_wconf 88' lang='lat' dir='ltr'>producuntur</span> <span class='ocrx_word' id='word_1_72' title='bbox 938 569 1036 600; x_wconf 83' lang='lat' dir='ltr'><strong>prope</strong></span> <span class='ocrx_word' id='word_1_73' title='bbox 1059 560 1178 591; x_wconf 78' lang='lat' dir='ltr'>intecto</span> <span class='ocrx_word' id='word_1_74' title='bbox 1195 568 1340 598; x_wconf 86' lang='lat' dir='ltr'>corpore.</span> <span class='ocrx_word' id='word_1_75' title='bbox 1363 565 1417 589; x_wconf 79' lang='lat' dir='ltr'>eos</span> 
     </span>
     <span class='ocr_line' id='line_1_9' title="bbox 94 605 1418 647; baseline -0.002 -10"><span class='ocrx_word' id='word_1_76' title='bbox 94 609 260 638; x_wconf 82' lang='lat' dir='ltr'>Mucianus</span> <span class='ocrx_word' id='word_1_77' title='bbox 276 605 393 637; x_wconf 69' lang='lat' dir='ltr'>didace·</span> <span class='ocrx_word' id='word_1_78' title='bbox 407 629 415 643; x_wconf 91' lang='lat'>‚</span> <span class='ocrx_word' id='word_1_79' title='bbox 435 609 468 638; x_wconf 74' lang='lat' dir='ltr'>et</span> <span class='ocrx_word' id='word_1_80' title='bbox 489 608 730 638; x_wconf 73' lang='lat' dir='ltr'>Germanicum</span> <span class='ocrx_word' id='word_1_81' title='bbox 744 609 1052 647; x_wconf 64' lang='lat' dir='ltr'>Britanniemnque</span> <span class='ocrx_word' id='word_1_82' title='bbox 1070 607 1235 644; x_wconf 68' lang='lat' dir='ltr'>militem,</span> <span class='ocrx_word' id='word_1_83' title='bbox 1254 615 1294 637; x_wconf 80' lang='lat' dir='ltr'>ac</span> <span class='ocrx_word' id='word_1_84' title='bbox 1312 607 1342 636; x_wconf 81' lang='lat' dir='ltr'>si</span> <span class='ocrx_word' id='word_1_85' title='bbox 1358 606 1418 645; x_wconf 69' lang='lat' dir='ltr'>qui</span> 
     </span>
     <span class='ocr_line' id='line_1_10' title="bbox 95 651 1420 693; baseline -0.004 -7"><span class='ocrx_word' id='word_1_86' title='bbox 95 656 246 687; x_wconf 71' lang='lat' dir='ltr'>aliorum</span> <span class='ocrx_word' id='word_1_87' title='bbox 273 654 513 692; x_wconf 71' lang='lat' dir='ltr'>arez-cituum,</span> <span class='ocrx_word' id='word_1_88' title='bbox 535 655 727 693; x_wconf 74' lang='lat' dir='ltr'>separatim</span> <span class='ocrx_word' id='word_1_89' title='bbox 755 656 913 684; x_wconf 66' lang='lat' dir='ltr'>assistere</span> <span class='ocrx_word' id='word_1_90' title='bbox 937 653 1040 692; x_wconf 87' lang='lat' dir='ltr'>jubet.</span> <span class='ocrx_word' id='word_1_91' title='bbox 1066 653 1139 683; x_wconf 89' lang='lat' dir='ltr'>illos</span> <span class='ocrx_word' id='word_1_92' title='bbox 1159 653 1284 692; x_wconf 89' lang='lat' dir='ltr'>primus</span> <span class='ocrx_word' id='word_1_93' title='bbox 1307 651 1420 682; x_wconf 83' lang='lat' dir='ltr'>statim</span> 
     </span>
     <span class='ocr_line' id='line_1_11' title="bbox 95 698 1421 741; baseline -0.003 -8"><span class='ocrx_word' id='word_1_94' title='bbox 95 703 248 741; x_wconf 81' lang='lat' dir='ltr'>aspectus</span> <span class='ocrx_word' id='word_1_95' title='bbox 276 699 552 739; x_wconf 70' lang='lat' dir='ltr'><strong>obstupefecerat,</strong></span> <span class='ocrx_word' id='word_1_96' title='bbox 582 709 685 739; x_wconf 90' lang='lat' dir='ltr'>quum</span> <span class='ocrx_word' id='word_1_97' title='bbox 712 710 751 731; x_wconf 83' lang='lat' dir='ltr'>ex</span> <span class='ocrx_word' id='word_1_98' title='bbox 777 700 905 731; x_wconf 88' lang='lat' dir='ltr'>diverso</span> <span class='ocrx_word' id='word_1_99' title='bbox 929 699 1020 730; x_wconf 85' lang='lat' dir='ltr'>velut</span> <span class='ocrx_word' id='word_1_100' title='bbox 1047 699 1147 730; x_wconf 81' lang='lat' dir='ltr'>aciem</span> <span class='ocrx_word' id='word_1_101' title='bbox 1169 699 1244 730; x_wconf 89' lang='lat' dir='ltr'>telis</span> <span class='ocrx_word' id='word_1_102' title='bbox 1267 700 1298 730; x_wconf 92' lang='lat' dir='ltr'>et</span> <span class='ocrx_word' id='word_1_103' title='bbox 1320 698 1421 729; x_wconf 84' lang='lat' dir='ltr'>armis</span> 
     </span>
     <span class='ocr_line' id='line_1_12' title="bbox 96 744 1417 787; baseline -0.004 -8"><span class='ocrx_word' id='word_1_104' title='bbox 96 752 217 779; x_wconf 81' lang='lat' dir='ltr'>trucem</span> <span class='ocrx_word' id='word_1_105' title='bbox 229 770 237 785; x_wconf 78' lang='lat'><strong><em>,</em></strong></span> <span class='ocrx_word' id='word_1_106' title='bbox 254 749 353 777; x_wconf 84' lang='lat' dir='ltr'>semet</span> <span class='ocrx_word' id='word_1_107' title='bbox 379 745 506 777; x_wconf 83' lang='lat' dir='ltr'>clausos</span> <span class='ocrx_word' id='word_1_108' title='bbox 523 747 694 787; x_wconf 88' lang='lat' dir='ltr'>nudosque</span> <span class='ocrx_word' id='word_1_109' title='bbox 711 751 744 778; x_wconf 88' lang='lat' dir='ltr'>et</span> <span class='ocrx_word' id='word_1_110' title='bbox 762 747 876 778; x_wconf 78' lang='lat' dir='ltr'>illuvie</span> <span class='ocrx_word' id='word_1_111' title='bbox 899 746 1059 777; x_wconf 78' lang='lat' dir='ltr'>deformes</span> <span class='ocrx_word' id='word_1_112' title='bbox 1079 745 1270 785; x_wconf 75' lang='lat' dir='ltr'>aspicerent.</span> <span class='ocrx_word' id='word_1_113' title='bbox 1289 746 1325 776; x_wconf 88' lang='lat' dir='ltr'>ut</span> <span class='ocrx_word' id='word_1_114' title='bbox 1343 744 1417 774; x_wconf 79' lang='lat' dir='ltr'>vero</span> 
     </span>
     <span class='ocr_line' id='line_1_13' title="bbox 95 791 1421 834; baseline -0.002 -9"><span class='ocrx_word' id='word_1_115' title='bbox 95 795 161 825; x_wconf 87' lang='lat' dir='ltr'>huc</span> <span class='ocrx_word' id='word_1_116' title='bbox 174 794 250 825; x_wconf 89' lang='lat' dir='ltr'>illuc</span> <span class='ocrx_word' id='word_1_117' title='bbox 264 793 397 824; x_wconf 78' lang='lat' dir='ltr'>distrahi</span> <span class='ocrx_word' id='word_1_118' title='bbox 416 802 539 833; x_wconf 83' lang='lat' dir='ltr'>coepere</span> <span class='ocrx_word' id='word_1_119' title='bbox 549 817 557 832; x_wconf 83' lang='lat'><strong>,</strong></span> <span class='ocrx_word' id='word_1_120' title='bbox 576 796 682 825; x_wconf 88' lang='lat' dir='ltr'>metus</span> <span class='ocrx_word' id='word_1_121' title='bbox 696 803 753 834; x_wconf 86' lang='lat' dir='ltr'>per</span> <span class='ocrx_word' id='word_1_122' title='bbox 766 802 879 824; x_wconf 87' lang='lat' dir='ltr'>omues</span> <span class='ocrx_word' id='word_1_123' title='bbox 895 795 927 824; x_wconf 87' lang='lat' dir='ltr'>ct</span> <span class='ocrx_word' id='word_1_124' title='bbox 939 793 1101 832; x_wconf 78' lang='lat' dir='ltr'>praecipua</span> <span class='ocrx_word' id='word_1_125' title='bbox 1115 791 1295 824; x_wconf 88' lang='lat' dir='ltr'>Germanici</span> <span class='ocrx_word' id='word_1_126' title='bbox 1309 791 1421 822; x_wconf 81' lang='lat' dir='ltr'>militis</span> 
     </span>
     <span class='ocr_line' id='line_1_14' title="bbox 97 839 1418 880; baseline -0.003 -7"><span class='ocrx_word' id='word_1_127' title='bbox 97 841 238 873; x_wconf 78' lang='lat' dir='ltr'>formido</span> <span class='ocrx_word' id='word_1_128' title='bbox 251 865 259 879; x_wconf 83' lang='lat'>‚</span> <span class='ocrx_word' id='word_1_129' title='bbox 277 844 440 879; x_wconf 75' lang='lat' dir='ltr'>tamquam</span> <span class='ocrx_word' id='word_1_130' title='bbox 454 849 491 871; x_wconf 83' lang='lat' dir='ltr'>ea</span> <span class='ocrx_word' id='word_1_131' title='bbox 505 841 707 880; x_wconf 77' lang='lat' dir='ltr'>separatione</span> <span class='ocrx_word' id='word_1_132' title='bbox 720 840 760 871; x_wconf 87' lang='lat' dir='ltr'>ad</span> <span class='ocrx_word' id='word_1_133' title='bbox 774 839 895 871; x_wconf 73' lang='lat' dir='ltr'>caedem</span> <span class='ocrx_word' id='word_1_134' title='bbox 914 840 1140 871; x_wconf 71' lang='lat' dir='ltr'>destinaretur.</span> <span class='ocrx_word' id='word_1_135' title='bbox 1159 847 1311 879; x_wconf 81' lang='lat' dir='ltr'>prensare</span> <span class='ocrx_word' id='word_1_136' title='bbox 1329 847 1418 869; x_wconf 89' lang='lat' dir='ltr'>com-</span> 
     </span>
     <span class='ocr_line' id='line_1_15' title="bbox 98 884 1421 928; baseline -0.003 -9"><span class='ocrx_word' id='word_1_137' title='bbox 98 887 349 928; x_wconf 73' lang='lat' dir='ltr'>manipularium</span> <span class='ocrx_word' id='word_1_138' title='bbox 365 889 495 926; x_wconf 81' lang='lat' dir='ltr'>pectora</span> <span class='ocrx_word' id='word_1_139' title='bbox 506 911 514 926; x_wconf 86' lang='lat'><strong>‚</strong></span> <span class='ocrx_word' id='word_1_140' title='bbox 530 887 711 918; x_wconf 86' lang='lat' dir='ltr'>cervicibus</span> <span class='ocrx_word' id='word_1_141' title='bbox 727 887 847 918; x_wconf 88' lang='lat' dir='ltr'>innecti</span> <span class='ocrx_word' id='word_1_142' title='bbox 859 910 866 924; x_wconf 92' lang='lat'>‚</span> <span class='ocrx_word' id='word_1_143' title='bbox 881 895 1032 926; x_wconf 89' lang='lat' dir='ltr'>suprema</span> <span class='ocrx_word' id='word_1_144' title='bbox 1046 887 1156 917; x_wconf 87' lang='lat' dir='ltr'>oscula</span> <span class='ocrx_word' id='word_1_145' title='bbox 1169 888 1293 926; x_wconf 88' lang='lat' dir='ltr'>petere,</span> <span class='ocrx_word' id='word_1_146' title='bbox 1311 893 1352 916; x_wconf 79' lang='lat' dir='ltr'>ne</span> <span class='ocrx_word' id='word_1_147' title='bbox 1369 884 1421 915; x_wconf 83' lang='lat' dir='ltr'>de·</span> 
     </span>
     <span class='ocr_line' id='line_1_16' title="bbox 95 933 1419 974; baseline -0.004 -7"><span class='ocrx_word' id='word_1_148' title='bbox 95 936 297 967; x_wconf 73' lang='lat' dir='ltr'>seret-entim·</span> <span class='ocrx_word' id='word_1_149' title='bbox 320 934 383 964; x_wconf 74' lang='lat' dir='ltr'>soli</span> <span class='ocrx_word' id='word_1_150' title='bbox 396 959 404 972; x_wconf 91' lang='lat'><em>‚</em></span> <span class='ocrx_word' id='word_1_151' title='bbox 424 942 491 964; x_wconf 75' lang='lat' dir='ltr'>neu</span> <span class='ocrx_word' id='word_1_152' title='bbox 512 936 595 974; x_wconf 76' lang='lat' dir='ltr'>part</span> <span class='ocrx_word' id='word_1_153' title='bbox 617 935 654 965; x_wconf 70' lang='lat' dir='ltr'>‘in</span> <span class='ocrx_word' id='word_1_154' title='bbox 672 943 781 965; x_wconf 68' lang='lat' dir='ltr'>cansa</span> <span class='ocrx_word' id='word_1_155' title='bbox 797 933 973 973; x_wconf 74' lang='lat' dir='ltr'>disparem</span> <span class='ocrx_word' id='word_1_156' title='bbox 987 933 1174 972; x_wconf 77' lang='lat' dir='ltr'>fortunam</span> <span class='ocrx_word' id='word_1_157' title='bbox 1191 933 1419 972; x_wconf 76' lang='lat' dir='ltr'>paterentur,-</span> 
     </span>
     <span class='ocr_line' id='line_1_17' title="bbox 97 978 1420 1020; baseline -0.003 -8"><span class='ocrx_word' id='word_1_158' title='bbox 97 982 194 1012; x_wconf 87' lang='lat' dir='ltr'>modo</span> <span class='ocrx_word' id='word_1_159' title='bbox 211 981 413 1018; x_wconf 82' lang='lat' dir='ltr'>Mucianum,</span> <span class='ocrx_word' id='word_1_160' title='bbox 432 981 531 1011; x_wconf 88' lang='lat' dir='ltr'>modo</span> <span class='ocrx_word' id='word_1_161' title='bbox 545 981 708 1011; x_wconf 76' lang='lat' dir='ltr'>absentem</span> <span class='ocrx_word' id='word_1_162' title='bbox 724 980 902 1020; x_wconf 86' lang='lat' dir='ltr'>Principem</span> <span class='ocrx_word' id='word_1_163' title='bbox 917 1004 924 1018; x_wconf 86' lang='lat'><strong>‚</strong></span> <span class='ocrx_word' id='word_1_164' title='bbox 942 982 1142 1020; x_wconf 84' lang='lat' dir='ltr'>postremum</span> <span class='ocrx_word' id='word_1_165' title='bbox 1162 980 1276 1009; x_wconf 72' lang='lat' dir='ltr'>coelum</span> <span class='ocrx_word' id='word_1_166' title='bbox 1294 988 1330 1009; x_wconf 87' lang='lat' dir='ltr'>ac</span> <span class='ocrx_word' id='word_1_167' title='bbox 1343 978 1420 1009; x_wconf 88' lang='lat' dir='ltr'>deos</span> 
     </span>
     <span class='ocr_line' id='line_1_18' title="bbox 97 1025 1419 1067; baseline -0.004 -8"><span class='ocrx_word' id='word_1_168' title='bbox 97 1029 267 1067; x_wconf 77' lang='lat' dir='ltr'>obtestari,</span> <span class='ocrx_word' id='word_1_169' title='bbox 282 1027 384 1057; x_wconf 80' lang='lat' dir='ltr'>donec</span> <span class='ocrx_word' id='word_1_170' title='bbox 397 1028 563 1058; x_wconf 77' lang='lat' dir='ltr'>Mucianus</span> <span class='ocrx_word' id='word_1_171' title='bbox 580 1030 717 1058; x_wconf 75' lang='lat' dir='ltr'>cunctos</span> <span class='ocrx_word' id='word_1_172' title='bbox 731 1027 885 1067; x_wconf 72' lang='lat' dir='ltr'>ejusdem</span> <span class='ocrx_word' id='word_1_173' title='bbox 901 1028 1133 1064; x_wconf 74' lang='lat' dir='ltr'>sacramenti,</span> <span class='ocrx_word' id='word_1_174' title='bbox 1154 1025 1305 1065; x_wconf 74' lang='lat' dir='ltr'>ejusdem</span> <span class='ocrx_word' id='word_1_175' title='bbox 1318 1027 1419 1063; x_wconf 74' lang='lat' dir='ltr'>impe-</span> 
     </span>
     <span class='ocr_line' id='line_1_19' title="bbox 97 1072 1422 1113; baseline -0.005 -5"><span class='ocrx_word' id='word_1_176' title='bbox 97 1077 228 1108; x_wconf 78' lang='lat' dir='ltr'>ratoris</span> <span class='ocrx_word' id='word_1_177' title='bbox 254 1075 379 1105; x_wconf 57' lang='lat' dir='ltr'>milites</span> <span class='ocrx_word' id='word_1_178' title='bbox 402 1075 588 1113; x_wconf 82' lang='lat' dir='ltr'>appellans,</span> <span class='ocrx_word' id='word_1_179' title='bbox 613 1075 692 1104; x_wconf 84' lang='lat' dir='ltr'>salso</span> <span class='ocrx_word' id='word_1_180' title='bbox 715 1074 824 1104; x_wconf 88' lang='lat' dir='ltr'>timori</span> <span class='ocrx_word' id='word_1_181' title='bbox 850 1074 980 1104; x_wconf 89' lang='lat' dir='ltr'>obviam</span> <span class='ocrx_word' id='word_1_182' title='bbox 1007 1075 1079 1104; x_wconf 88' lang='lat' dir='ltr'>iret.</span> <span class='ocrx_word' id='word_1_183' title='bbox 1104 1081 1245 1112; x_wconf 84' lang='lat' dir='ltr'>namque</span> <span class='ocrx_word' id='word_1_184' title='bbox 1267 1075 1299 1103; x_wconf 90' lang='lat' dir='ltr'>et</span> <span class='ocrx_word' id='word_1_185' title='bbox 1319 1072 1422 1102; x_wconf 87' lang='lat' dir='ltr'>victor</span> 
     </span>
     <span class='ocr_line' id='line_1_20' title="bbox 98 1117 1423 1159; baseline -0.006 -4"><span class='ocrx_word' id='word_1_186' title='bbox 98 1122 264 1155; x_wconf 79' lang='lat' dir='ltr'>exercitus</span> <span class='ocrx_word' id='word_1_187' title='bbox 282 1121 421 1151; x_wconf 73' lang='lat' dir='ltr'>clamore</span> <span class='ocrx_word' id='word_1_188' title='bbox 448 1121 596 1151; x_wconf 77' lang='lat' dir='ltr'>lacrimas</span> <span class='ocrx_word' id='word_1_189' title='bbox 622 1130 734 1151; x_wconf 87' lang='lat' dir='ltr'>eorum</span> <span class='ocrx_word' id='word_1_190' title='bbox 757 1121 906 1159; x_wconf 82' lang='lat' dir='ltr'>juvabat.</span> <span class='ocrx_word' id='word_1_191' title='bbox 928 1121 1020 1159; x_wconf 89' lang='lat' dir='ltr'>isque</span> <span class='ocrx_word' id='word_1_192' title='bbox 1043 1119 1116 1150; x_wconf 88' lang='lat' dir='ltr'>finis</span> <span class='ocrx_word' id='word_1_193' title='bbox 1142 1119 1194 1149; x_wconf 90' lang='lat' dir='ltr'>illa</span> <span class='ocrx_word' id='word_1_194' title='bbox 1220 1119 1283 1149; x_wconf 88' lang='lat' dir='ltr'>dic.</span> <span class='ocrx_word' id='word_1_195' title='bbox 1310 1117 1423 1149; x_wconf 79' lang='lat' dir='ltr'>Paucis</span> 
     </span>
     <span class='ocr_line' id='line_1_21' title="bbox 98 1166 1424 1208; baseline -0.004 -9"><span class='ocrx_word' id='word_1_196' title='bbox 98 1171 172 1208; x_wconf 89' lang='lat' dir='ltr'>post</span> <span class='ocrx_word' id='word_1_197' title='bbox 201 1168 316 1198; x_wconf 88' lang='lat' dir='ltr'>diebus</span> <span class='ocrx_word' id='word_1_198' title='bbox 341 1168 560 1206; x_wconf 75' lang='lat' dir='ltr'>alloquentem</span> <span class='ocrx_word' id='word_1_199' title='bbox 588 1167 813 1198; x_wconf 85' lang='lat' dir='ltr'>Domitianum</span> <span class='ocrx_word' id='word_1_200' title='bbox 842 1166 962 1197; x_wconf 85' lang='lat' dir='ltr'>firmati</span> <span class='ocrx_word' id='word_1_201' title='bbox 987 1167 1054 1206; x_wconf 84' lang='lat' dir='ltr'>jam</span> <span class='ocrx_word' id='word_1_202' title='bbox 1080 1174 1246 1205; x_wconf 78' lang='lat' dir='ltr'>excepere.</span> <span class='ocrx_word' id='word_1_203' title='bbox 1269 1167 1424 1204; x_wconf 90' lang='lat' dir='ltr'>spernunt</span> 
     </span>
     <span class='ocr_line' id='line_1_22' title="bbox 98 1210 1423 1253; baseline -0.002 -8"><span class='ocrx_word' id='word_1_204' title='bbox 98 1215 224 1245; x_wconf 85' lang='lat' dir='ltr'>oblatos</span> <span class='ocrx_word' id='word_1_205' title='bbox 244 1222 336 1253; x_wconf 82' lang='lat' dir='ltr'>agros</span> <span class='ocrx_word' id='word_1_206' title='bbox 350 1237 358 1252; x_wconf 93' lang='lat'><strong><em>,</em></strong></span> <span class='ocrx_word' id='word_1_207' title='bbox 381 1214 549 1244; x_wconf 73' lang='lat' dir='ltr'>‘mititiam</span> <span class='ocrx_word' id='word_1_208' title='bbox 571 1215 603 1244; x_wconf 74' lang='lat' dir='ltr'>ec</span> <span class='ocrx_word' id='word_1_209' title='bbox 628 1213 801 1253; x_wconf 71' lang='lat' dir='ltr'>stipendia</span> <span class='ocrx_word' id='word_1_210' title='bbox 822 1214 928 1244; x_wconf 86' lang='lat' dir='ltr'>orant.</span> <span class='ocrx_word' id='word_1_211' title='bbox 951 1221 1062 1253; x_wconf 87' lang='lat' dir='ltr'>preces</span> <span class='ocrx_word' id='word_1_212' title='bbox 1085 1215 1199 1252; x_wconf 90' lang='lat' dir='ltr'>erant,</span> <span class='ocrx_word' id='word_1_213' title='bbox 1224 1212 1278 1244; x_wconf 88' lang='lat' dir='ltr'>sed</span> <span class='ocrx_word' id='word_1_214' title='bbox 1303 1210 1423 1250; x_wconf 85' lang='lat' dir='ltr'>quibus</span> 
     </span>
     <span class='ocr_line' id='line_1_23' title="bbox 99 1259 1424 1300; baseline -0.001 -9"><span class='ocrx_word' id='word_1_215' title='bbox 99 1260 278 1292; x_wconf 83' lang='lat' dir='ltr'>contradici</span> <span class='ocrx_word' id='word_1_216' title='bbox 303 1269 367 1291; x_wconf 90' lang='lat' dir='ltr'>non</span> <span class='ocrx_word' id='word_1_217' title='bbox 391 1262 514 1300; x_wconf 82' lang='lat' dir='ltr'>posset.</span> <span class='ocrx_word' id='word_1_218' title='bbox 541 1260 640 1299; x_wconf 79' lang='lat' dir='ltr'>igitur</span> <span class='ocrx_word' id='word_1_219' title='bbox 662 1260 693 1290; x_wconf 92' lang='lat' dir='ltr'>in</span> <span class='ocrx_word' id='word_1_220' title='bbox 715 1261 902 1300; x_wconf 75' lang='lat' dir='ltr'>praetorium</span> <span class='ocrx_word' id='word_1_221' title='bbox 920 1260 1057 1299; x_wconf 84' lang='lat' dir='ltr'>accepti.</span> <span class='ocrx_word' id='word_1_222' title='bbox 1075 1259 1149 1290; x_wconf 87' lang='lat' dir='ltr'>dein</span> <span class='ocrx_word' id='word_1_223' title='bbox 1168 1259 1284 1299; x_wconf 87' lang='lat' dir='ltr'>quibus</span> <span class='ocrx_word' id='word_1_224' title='bbox 1300 1259 1376 1289; x_wconf 85' lang='lat' dir='ltr'>aetas</span> <span class='ocrx_word' id='word_1_225' title='bbox 1392 1261 1424 1290; x_wconf 87' lang='lat' dir='ltr'>et</span> 
     </span>
     <span class='ocr_line' id='line_1_24' title="bbox 97 1304 1425 1347; baseline -0.002 -9"><span class='ocrx_word' id='word_1_226' title='bbox 97 1308 186 1347; x_wconf 84' lang='lat' dir='ltr'>justa</span> <span class='ocrx_word' id='word_1_227' title='bbox 201 1307 398 1347; x_wconf 87' lang='lat' dir='ltr'>stipendia²‚</span> <span class='ocrx_word' id='word_1_228' title='bbox 415 1307 541 1338; x_wconf 87' lang='lat' dir='ltr'>dimissi</span> <span class='ocrx_word' id='word_1_229' title='bbox 558 1316 632 1338; x_wconf 90' lang='lat' dir='ltr'>cum</span> <span class='ocrx_word' id='word_1_230' title='bbox 648 1308 770 1338; x_wconf 87' lang='lat' dir='ltr'>honore</span> <span class='ocrx_word' id='word_1_231' title='bbox 781 1331 789 1345; x_wconf 85' lang='lat'>‚</span> <span class='ocrx_word' id='word_1_232' title='bbox 808 1307 860 1338; x_wconf 89' lang='lat' dir='ltr'>alii</span> <span class='ocrx_word' id='word_1_233' title='bbox 874 1307 915 1338; x_wconf 90' lang='lat' dir='ltr'>ob</span> <span class='ocrx_word' id='word_1_234' title='bbox 931 1307 1057 1346; x_wconf 88' lang='lat' dir='ltr'>culpam</span> <span class='ocrx_word' id='word_1_235' title='bbox 1068 1331 1076 1346; x_wconf 83' lang='lat'>‚</span> <span class='ocrx_word' id='word_1_236' title='bbox 1091 1306 1145 1338; x_wconf 86' lang='lat' dir='ltr'>sed</span> <span class='ocrx_word' id='word_1_237' title='bbox 1160 1306 1298 1346; x_wconf 87' lang='lat' dir='ltr'>carptim</span> <span class='ocrx_word' id='word_1_238' title='bbox 1312 1313 1348 1335; x_wconf 81' lang='lat' dir='ltr'>ac</span> <span class='ocrx_word' id='word_1_239' title='bbox 1360 1304 1425 1336; x_wconf 88' lang='lat' dir='ltr'>sin-</span> 
     </span>
     <span class='ocr_line' id='line_1_25' title="bbox 99 1353 1258 1393; baseline -0.001 -9"><span class='ocrx_word' id='word_1_240' title='bbox 99 1354 185 1393; x_wconf 77' lang='lat' dir='ltr'>guli3</span> <span class='ocrx_word' id='word_1_241' title='bbox 206 1363 270 1393; x_wconf 84' lang='lat' dir='ltr'>quo</span> <span class='ocrx_word' id='word_1_242' title='bbox 287 1354 453 1385; x_wconf 85' lang='lat' dir='ltr'>tutissimo</span> <span class='ocrx_word' id='word_1_243' title='bbox 470 1353 614 1385; x_wconf 85' lang='lat' dir='ltr'>remedio</span> <span class='ocrx_word' id='word_1_244' title='bbox 629 1363 804 1385; x_wconf 82' lang='lat' dir='ltr'>consensus</span> <span class='ocrx_word' id='word_1_245' title='bbox 821 1354 1037 1385; x_wconf 88' lang='lat' dir='ltr'>multitudinis</span> <span class='ocrx_word' id='word_1_246' title='bbox 1054 1355 1258 1385; x_wconf 81' lang='lat' dir='ltr'>extenuatur.</span> 
     </span>
    </p>

    <p class='ocr_par' dir='ltr' id='par_1_3' title="bbox 55 1399 1426 1675">
     <span class='ocr_line' id='line_1_26' title="bbox 143 1399 1424 1441; baseline -0.001 -9"><span class='ocrx_word' id='word_1_247' title='bbox 143 1405 262 1432; x_wconf 82' lang='lat' dir='ltr'>XLVII.</span> <span class='ocrx_word' id='word_1_248' title='bbox 286 1403 436 1432; x_wconf 84' lang='lat' dir='ltr'>Ceterum</span> <span class='ocrx_word' id='word_1_249' title='bbox 459 1410 576 1432; x_wconf 86' lang='lat' dir='ltr'>verane</span> <span class='ocrx_word' id='word_1_250' title='bbox 601 1401 752 1441; x_wconf 81' lang='lat' dir='ltr'>pauperie</span> <span class='ocrx_word' id='word_1_251' title='bbox 774 1410 814 1432; x_wconf 90' lang='lat' dir='ltr'>an</span> <span class='ocrx_word' id='word_1_252' title='bbox 837 1401 884 1434; x_wconf 87' lang='lat' dir='ltr'>uti</span> <span class='ocrx_word' id='word_1_253' title='bbox 902 1400 1067 1432; x_wconf 88' lang='lat' dir='ltr'>videretur</span> <span class='ocrx_word' id='word_1_254' title='bbox 1081 1401 1106 1439; x_wconf 85' lang='lat'>¹,</span> <span class='ocrx_word' id='word_1_255' title='bbox 1127 1401 1236 1430; x_wconf 87' lang='lat' dir='ltr'>actum</span> <span class='ocrx_word' id='word_1_256' title='bbox 1256 1400 1289 1430; x_wconf 90' lang='lat' dir='ltr'>in</span> <span class='ocrx_word' id='word_1_257' title='bbox 1312 1399 1424 1431; x_wconf 82' lang='lat' dir='ltr'>senatu</span> 
     </span>
     <span class='ocr_line' id='line_1_27' title="bbox 100 1445 1423 1487; baseline -0.003 -7"><span class='ocrx_word' id='word_1_258' title='bbox 100 1450 142 1480; x_wconf 77' lang='lat' dir='ltr'>ut</span> <span class='ocrx_word' id='word_1_259' title='bbox 167 1450 355 1478; x_wconf 64' lang='lat' dir='ltr'>sexcenties</span> <span class='ocrx_word' id='word_1_260' title='bbox 377 1447 598 1479; x_wconf 60' lang='lat' dir='ltr'>sestertium</span> <span class='ocrx_word' id='word_1_261' title='bbox 626 1457 647 1479; x_wconf 82' lang='lat' dir='ltr'>a</span> <span class='ocrx_word' id='word_1_262' title='bbox 669 1450 819 1487; x_wconf 68' lang='lat' dir='ltr'>privatis</span> <span class='ocrx_word' id='word_1_263' title='bbox 835 1449 996 1479; x_wconf 68' lang='lat' dir='ltr'>matteum</span> <span class='ocrx_word' id='word_1_264' title='bbox 1013 1448 1245 1487; x_wconf 74' lang='lat' dir='ltr'>acciperetur;</span> <span class='ocrx_word' id='word_1_265' title='bbox 1270 1445 1423 1486; x_wconf 81' lang='lat' dir='ltr'>praeposi—</span> 
     </span>
     <span class='ocr_line' id='line_1_28' title="bbox 55 1492 1425 1534; baseline -0.003 -8"><span class='ocrx_word' id='word_1_266' title='bbox 55 1520 60 1527; x_wconf 89' lang='lat'>.</span> <span class='ocrx_word' id='word_1_267' title='bbox 101 1497 222 1533; x_wconf 70' lang='lat' dir='ltr'>iusque</span> <span class='ocrx_word' id='word_1_268' title='bbox 239 1495 268 1525; x_wconf 84' lang='lat' dir='ltr'>ei</span> <span class='ocrx_word' id='word_1_269' title='bbox 286 1504 371 1525; x_wconf 79' lang='lat' dir='ltr'>curae.</span> <span class='ocrx_word' id='word_1_270' title='bbox 390 1498 545 1534; x_wconf 68' lang='lat' dir='ltr'>Poppaeus</span> <span class='ocrx_word' id='word_1_271' title='bbox 560 1495 718 1526; x_wconf 83' lang='lat' dir='ltr'>Silvanus.</span> <span class='ocrx_word' id='word_1_272' title='bbox 735 1504 794 1525; x_wconf 87' lang='lat' dir='ltr'>nec</span> <span class='ocrx_word' id='word_1_273' title='bbox 816 1495 921 1525; x_wconf 85' lang='lat' dir='ltr'>multo</span> <span class='ocrx_word' id='word_1_274' title='bbox 947 1497 1019 1534; x_wconf 88' lang='lat' dir='ltr'>post</span> <span class='ocrx_word' id='word_1_275' title='bbox 1042 1494 1215 1524; x_wconf 77' lang='lat' dir='ltr'>necessitas</span> <span class='ocrx_word' id='word_1_276' title='bbox 1237 1492 1332 1530; x_wconf 84' lang='lat' dir='ltr'>abiit,</span> <span class='ocrx_word' id='word_1_277' title='bbox 1356 1492 1425 1523; x_wconf 89' lang='lat' dir='ltr'>sive</span> 
     </span>
     <span class='ocr_line' id='line_1_29' title="bbox 102 1539 1426 1580; baseline -0.004 -7"><span class='ocrx_word' id='word_1_278' title='bbox 102 1543 222 1573; x_wconf 86' lang='lat' dir='ltr'>omissa</span> <span class='ocrx_word' id='word_1_279' title='bbox 245 1541 420 1572; x_wconf 82' lang='lat' dir='ltr'>simulatio.</span> <span class='ocrx_word' id='word_1_280' title='bbox 449 1541 593 1580; x_wconf 78' lang='lat' dir='ltr'>abrogati</span> <span class='ocrx_word' id='word_1_281' title='bbox 617 1541 692 1572; x_wconf 86' lang='lat' dir='ltr'>inde</span> <span class='ocrx_word' id='word_1_282' title='bbox 706 1565 714 1580; x_wconf 84' lang='lat'><strong>‚</strong></span> <span class='ocrx_word' id='word_1_283' title='bbox 737 1541 839 1580; x_wconf 67' lang='lat' dir='ltr'>legem</span> <span class='ocrx_word' id='word_1_284' title='bbox 866 1542 987 1572; x_wconf 84' lang='lat' dir='ltr'>ferente</span> <span class='ocrx_word' id='word_1_285' title='bbox 1008 1540 1214 1578; x_wconf 90' lang='lat' dir='ltr'>Domitiano,</span> <span class='ocrx_word' id='word_1_286' title='bbox 1242 1539 1426 1570; x_wconf 87' lang='lat' dir='ltr'>consulatus</span> 
     </span>
     <span class='ocr_line' id='line_1_30' title="bbox 103 1585 1423 1630; baseline -0.002 -12"><span class='ocrx_word' id='word_1_287' title='bbox 103 1598 183 1630; x_wconf 86' lang='lat' dir='ltr'>quos</span> <span class='ocrx_word' id='word_1_288' title='bbox 208 1588 358 1619; x_wconf 85' lang='lat' dir='ltr'>Vitellius</span> <span class='ocrx_word' id='word_1_289' title='bbox 385 1588 538 1626; x_wconf 83' lang='lat' dir='ltr'>dederat,</span> <span class='ocrx_word' id='word_1_290' title='bbox 569 1589 730 1627; x_wconf 77' lang='lat' dir='ltr'>funusque</span> <span class='ocrx_word' id='word_1_291' title='bbox 757 1588 940 1618; x_wconf 85' lang='lat' dir='ltr'>censorium</span> <span class='ocrx_word' id='word_1_292' title='bbox 955 1587 966 1604; x_wconf 73' lang='lat'><em>³</em></span> <span class='ocrx_word' id='word_1_293' title='bbox 991 1587 1101 1617; x_wconf 90' lang='lat' dir='ltr'>Flavio</span> <span class='ocrx_word' id='word_1_294' title='bbox 1126 1585 1244 1617; x_wconf 83' lang='lat' dir='ltr'>sabino</span> <span class='ocrx_word' id='word_1_295' title='bbox 1268 1586 1423 1623; x_wconf 82' lang='lat' dir='ltr'>ductum,</span> 
     </span>
     <span class='ocr_line' id='line_1_31' title="bbox 104 1631 1291 1675; baseline -0.005 -8"><span class='ocrx_word' id='word_1_296' title='bbox 104 1644 221 1675; x_wconf 75' lang='lat' dir='ltr'>magna</span> <span class='ocrx_word' id='word_1_297' title='bbox 235 1636 431 1666; x_wconf 85' lang='lat' dir='ltr'>documenta</span> <span class='ocrx_word' id='word_1_298' title='bbox 447 1634 608 1665; x_wconf 85' lang='lat' dir='ltr'>instabilis</span> <span class='ocrx_word' id='word_1_299' title='bbox 625 1634 764 1664; x_wconf 75' lang='lat' dir='ltr'>fortunae</span> <span class='ocrx_word' id='word_1_300' title='bbox 782 1642 973 1672; x_wconf 81' lang='lat' dir='ltr'>summaque</span> <span class='ocrx_word' id='word_1_301' title='bbox 988 1635 1019 1663; x_wconf 87' lang='lat' dir='ltr'>et</span> <span class='ocrx_word' id='word_1_302' title='bbox 1037 1633 1101 1662; x_wconf 89' lang='lat' dir='ltr'>ima</span> <span class='ocrx_word' id='word_1_303' title='bbox 1117 1631 1291 1662; x_wconf 84' lang='lat' dir='ltr'>miscentis.</span> 
     </span>
    </p>

    <p class='ocr_par' dir='ltr' id='par_1_4' title="bbox 102 1677 1429 2180">
     <span class='ocr_line' id='line_1_32' title="bbox 147 1677 1426 1722; baseline -0.004 -9"><span class='ocrx_word' id='word_1_304' title='bbox 147 1685 281 1714; x_wconf 84' lang='lat' dir='ltr'>XLVIII.</span> <span class='ocrx_word' id='word_1_305' title='bbox 308 1680 373 1710; x_wconf 87' lang='lat' dir='ltr'>Sub</span> <span class='ocrx_word' id='word_1_306' title='bbox 389 1680 474 1711; x_wconf 87' lang='lat' dir='ltr'>idem</span> <span class='ocrx_word' id='word_1_307' title='bbox 489 1682 617 1720; x_wconf 90' lang='lat' dir='ltr'>tempus</span> <span class='ocrx_word' id='word_1_308' title='bbox 631 1685 663 1711; x_wconf 92' lang='lat' dir='ltr'>L.</span> <span class='ocrx_word' id='word_1_309' title='bbox 683 1681 754 1711; x_wconf 86' lang='lat' dir='ltr'>Piso</span> <span class='ocrx_word' id='word_1_310' title='bbox 771 1689 828 1720; x_wconf 89' lang='lat' dir='ltr'>pro</span> <span class='ocrx_word' id='word_1_311' title='bbox 845 1680 975 1710; x_wconf 83' lang='lat' dir='ltr'>consule</span> <span class='ocrx_word' id='word_1_312' title='bbox 989 1680 995 1696; x_wconf 89' lang='lat'><strong>¹</strong></span> <span class='ocrx_word' id='word_1_313' title='bbox 1017 1679 1219 1722; x_wconf 78' lang='lat' dir='ltr'>interficitur.</span> <span class='ocrx_word' id='word_1_314' title='bbox 1236 1687 1272 1708; x_wconf 91' lang='lat' dir='ltr'>ea</span> <span class='ocrx_word' id='word_1_315' title='bbox 1286 1677 1326 1708; x_wconf 87' lang='lat' dir='ltr'>de</span> <span class='ocrx_word' id='word_1_316' title='bbox 1339 1677 1426 1709; x_wconf 79' lang='lat' dir='ltr'>caede</span> 
     </span>
     <span class='ocr_line' id='line_1_33' title="bbox 104 1724 1425 1770; baseline -0.002 -11"><span class='ocrx_word' id='word_1_317' title='bbox 104 1738 202 1770; x_wconf 88' lang='lat' dir='ltr'>quam</span> <span class='ocrx_word' id='word_1_318' title='bbox 226 1728 395 1758; x_wconf 87' lang='lat' dir='ltr'>verissime</span> <span class='ocrx_word' id='word_1_319' title='bbox 412 1727 580 1766; x_wconf 80' lang='lat' dir='ltr'>expediam</span> <span class='ocrx_word' id='word_1_320' title='bbox 592 1751 600 1765; x_wconf 92' lang='lat'>‚</span> <span class='ocrx_word' id='word_1_321' title='bbox 626 1727 652 1757; x_wconf 88' lang='lat' dir='ltr'>si</span> <span class='ocrx_word' id='word_1_322' title='bbox 675 1736 776 1766; x_wconf 78' lang='lat' dir='ltr'>pauca</span> <span class='ocrx_word' id='word_1_323' title='bbox 801 1735 896 1765; x_wconf 81' lang='lat' dir='ltr'>supra</span> <span class='ocrx_word' id='word_1_324' title='bbox 914 1726 1070 1765; x_wconf 86' lang='lat' dir='ltr'>repetiero</span> <span class='ocrx_word' id='word_1_325' title='bbox 1087 1725 1127 1755; x_wconf 87' lang='lat' dir='ltr'>ab</span> <span class='ocrx_word' id='word_1_326' title='bbox 1144 1724 1236 1755; x_wconf 86' lang='lat' dir='ltr'>initio</span> <span class='ocrx_word' id='word_1_327' title='bbox 1254 1724 1425 1764; x_wconf 82' lang='lat' dir='ltr'>causisque</span> 
     </span>
     <span class='ocr_line' id='line_1_34' title="bbox 103 1769 1423 1812; baseline -0.003 -6"><span class='ocrx_word' id='word_1_328' title='bbox 103 1775 218 1809; x_wconf 77' lang='lat' dir='ltr'>talium</span> <span class='ocrx_word' id='word_1_329' title='bbox 240 1774 422 1804; x_wconf 79' lang='lat' dir='ltr'>facinorum</span> <span class='ocrx_word' id='word_1_330' title='bbox 445 1782 509 1803; x_wconf 90' lang='lat' dir='ltr'>non</span> <span class='ocrx_word' id='word_1_331' title='bbox 528 1773 678 1804; x_wconf 86' lang='lat' dir='ltr'>absurda.</span> <span class='ocrx_word' id='word_1_332' title='bbox 700 1774 792 1812; x_wconf 76' lang='lat' dir='ltr'>Legio</span> <span class='ocrx_word' id='word_1_333' title='bbox 810 1773 843 1802; x_wconf 91' lang='lat' dir='ltr'>in</span> <span class='ocrx_word' id='word_1_334' title='bbox 866 1772 971 1802; x_wconf 78' lang='lat' dir='ltr'>Africa</span> <span class='ocrx_word' id='word_1_335' title='bbox 990 1771 1174 1810; x_wconf 81' lang='lat' dir='ltr'>auxiliaque</span> <span class='ocrx_word' id='word_1_336' title='bbox 1195 1769 1339 1802; x_wconf 88' lang='lat' dir='ltr'>tutandis</span> <span class='ocrx_word' id='word_1_337' title='bbox 1362 1770 1423 1802; x_wconf 88' lang='lat' dir='ltr'>im-</span> 
     </span>
     <span class='ocr_line' id='line_1_35' title="bbox 104 1817 1425 1864; baseline -0.002 -11"><span class='ocrx_word' id='word_1_338' title='bbox 104 1823 185 1864; x_wconf 85' lang='lat' dir='ltr'>perii</span> <span class='ocrx_word' id='word_1_339' title='bbox 199 1821 318 1852; x_wconf 86' lang='lat' dir='ltr'>finibus</span> <span class='ocrx_word' id='word_1_340' title='bbox 332 1820 482 1851; x_wconf 87' lang='lat' dir='ltr'>subdivo</span> <span class='ocrx_word' id='word_1_341' title='bbox 496 1822 638 1859; x_wconf 82' lang='lat' dir='ltr'>Augusto</span> <span class='ocrx_word' id='word_1_342' title='bbox 645 1820 839 1859; x_wconf 87' lang='lat' dir='ltr'>Tiberioque</span> <span class='ocrx_word' id='word_1_343' title='bbox 852 1819 1052 1858; x_wconf 86' lang='lat' dir='ltr'>Principibus</span> <span class='ocrx_word' id='word_1_344' title='bbox 1066 1817 1246 1858; x_wconf 90' lang='lat' dir='ltr'>proconsuli</span> <span class='ocrx_word' id='word_1_345' title='bbox 1260 1817 1425 1856; x_wconf 86' lang='lat' dir='ltr'>parebant.</span> 
     </span>
     <span class='ocr_line' id='line_1_36' title="bbox 104 1863 1427 1902; baseline -0.003 -2"><span class='ocrx_word' id='word_1_346' title='bbox 104 1878 181 1902; x_wconf 84' lang='lat' dir='ltr'>mox</span> <span class='ocrx_word' id='word_1_347' title='bbox 199 1868 294 1899; x_wconf 82' lang='lat' dir='ltr'>caius</span> <span class='ocrx_word' id='word_1_348' title='bbox 308 1870 413 1898; x_wconf 81' lang='lat' dir='ltr'>Caesar</span> <span class='ocrx_word' id='word_1_349' title='bbox 426 1866 574 1897; x_wconf 89' lang='lat' dir='ltr'>turbidus</span> <span class='ocrx_word' id='word_1_350' title='bbox 593 1866 694 1897; x_wconf 91' lang='lat' dir='ltr'>animi</span> <span class='ocrx_word' id='word_1_351' title='bbox 711 1874 748 1897; x_wconf 86' lang='lat' dir='ltr'>ac</span> <span class='ocrx_word' id='word_1_352' title='bbox 765 1870 806 1896; x_wconf 90' lang='lat' dir='ltr'>M.</span> <span class='ocrx_word' id='word_1_353' title='bbox 825 1866 969 1896; x_wconf 87' lang='lat' dir='ltr'>Silanum</span> <span class='ocrx_word' id='word_1_354' title='bbox 986 1865 1186 1896; x_wconf 85' lang='lat' dir='ltr'>obtinentem</span> <span class='ocrx_word' id='word_1_355' title='bbox 1207 1863 1344 1895; x_wconf 80' lang='lat' dir='ltr'>Africam</span> <span class='ocrx_word' id='word_1_356' title='bbox 1358 1873 1427 1896; x_wconf 82' lang='lat' dir='ltr'>mc-</span> 
     </span>
     <span class='ocr_line' id='line_1_37' title="bbox 103 1909 1425 1953; baseline -0.004 -6"><span class='ocrx_word' id='word_1_357' title='bbox 103 1920 201 1949; x_wconf 84' lang='lat' dir='ltr'>tuens</span> <span class='ocrx_word' id='word_1_358' title='bbox 227 1915 366 1945; x_wconf 85' lang='lat' dir='ltr'>ablatam</span> <span class='ocrx_word' id='word_1_359' title='bbox 394 1913 579 1953; x_wconf 84' lang='lat' dir='ltr'>proconsuli</span> <span class='ocrx_word' id='word_1_360' title='bbox 605 1912 762 1952; x_wconf 83' lang='lat' dir='ltr'>legionem</span> <span class='ocrx_word' id='word_1_361' title='bbox 790 1913 889 1943; x_wconf 89' lang='lat' dir='ltr'>misso</span> <span class='ocrx_word' id='word_1_362' title='bbox 915 1913 947 1943; x_wconf 89' lang='lat' dir='ltr'>in</span> <span class='ocrx_word' id='word_1_363' title='bbox 973 1920 1045 1943; x_wconf 86' lang='lat' dir='ltr'>eam</span> <span class='ocrx_word' id='word_1_364' title='bbox 1068 1920 1135 1942; x_wconf 87' lang='lat' dir='ltr'>rem</span> <span class='ocrx_word' id='word_1_365' title='bbox 1157 1910 1261 1949; x_wconf 83' lang='lat' dir='ltr'>legato</span> <span class='ocrx_word' id='word_1_366' title='bbox 1284 1909 1425 1942; x_wconf 83' lang='lat' dir='ltr'>tradidit.</span> 
     </span>
     <span class='ocr_line' id='line_1_38' title="bbox 104 1957 1426 2002; baseline -0.005 -9"><span class='ocrx_word' id='word_1_367' title='bbox 104 1962 255 2002; x_wconf 58' lang='lat' dir='ltr'>aequatus</span> <span class='ocrx_word' id='word_1_368' title='bbox 274 1962 357 1992; x_wconf 87' lang='lat' dir='ltr'>inter</span> <span class='ocrx_word' id='word_1_369' title='bbox 375 1960 456 1991; x_wconf 91' lang='lat' dir='ltr'>duos</span> <span class='ocrx_word' id='word_1_370' title='bbox 482 1959 713 1990; x_wconf 86' lang='lat' dir='ltr'>beneficiorum</span> <span class='ocrx_word' id='word_1_371' title='bbox 727 1958 738 1976; x_wconf 89' lang='lat'>²</span> <span class='ocrx_word' id='word_1_372' title='bbox 763 1967 937 1997; x_wconf 81' lang='lat' dir='ltr'>numerus,</span> <span class='ocrx_word' id='word_1_373' title='bbox 958 1960 989 1989; x_wconf 91' lang='lat' dir='ltr'>et</span> <span class='ocrx_word' id='word_1_374' title='bbox 1007 1958 1119 1989; x_wconf 84' lang='lat' dir='ltr'>mixtis</span> <span class='ocrx_word' id='word_1_375' title='bbox 1144 1957 1314 1996; x_wconf 85' lang='lat' dir='ltr'>utriusque</span> <span class='ocrx_word' id='word_1_376' title='bbox 1338 1965 1426 1988; x_wconf 85' lang='lat' dir='ltr'>man-</span> 
     </span>
     <span class='ocr_line' id='line_1_39' title="bbox 102 2002 1429 2046; baseline -0.003 -7"><span class='ocrx_word' id='word_1_377' title='bbox 102 2009 186 2040; x_wconf 87' lang='lat' dir='ltr'>datis</span> <span class='ocrx_word' id='word_1_378' title='bbox 202 2007 364 2039; x_wconf 86' lang='lat' dir='ltr'>discordia</span> <span class='ocrx_word' id='word_1_379' title='bbox 378 2006 525 2046; x_wconf 79' lang='lat' dir='ltr'>quaesita,</span> <span class='ocrx_word' id='word_1_380' title='bbox 541 2007 698 2045; x_wconf 83' lang='lat' dir='ltr'>auctaque</span> <span class='ocrx_word' id='word_1_381' title='bbox 715 2014 813 2045; x_wconf 86' lang='lat' dir='ltr'>pravo</span> <span class='ocrx_word' id='word_1_382' title='bbox 827 2005 1012 2037; x_wconf 86' lang='lat' dir='ltr'>certamine.</span> <span class='ocrx_word' id='word_1_383' title='bbox 1032 2004 1209 2043; x_wconf 81' lang='lat' dir='ltr'>legatorum</span> <span class='ocrx_word' id='word_1_384' title='bbox 1226 2003 1275 2034; x_wconf 86' lang='lat' dir='ltr'>vis</span> <span class='ocrx_word' id='word_1_385' title='bbox 1288 2002 1429 2035; x_wconf 86' lang='lat' dir='ltr'>adolevit</span> 
     </span>
     <span class='ocr_line' id='line_1_40' title="bbox 102 2050 1427 2092; baseline -0.005 -6"><span class='ocrx_word' id='word_1_386' title='bbox 102 2055 322 2087; x_wconf 87' lang='lat' dir='ltr'>diuturnitate</span> <span class='ocrx_word' id='word_1_387' title='bbox 338 2053 436 2085; x_wconf 77' lang='lat' dir='ltr'>oflicii</span> <span class='ocrx_word' id='word_1_388' title='bbox 448 2053 473 2092; x_wconf 77' lang='lat'>³,</span> <span class='ocrx_word' id='word_1_389' title='bbox 498 2053 549 2084; x_wconf 88' lang='lat' dir='ltr'>vel</span> <span class='ocrx_word' id='word_1_390' title='bbox 567 2052 642 2091; x_wconf 85' lang='lat' dir='ltr'>quia</span> <span class='ocrx_word' id='word_1_391' title='bbox 658 2052 838 2082; x_wconf 89' lang='lat' dir='ltr'>minoribus</span> <span class='ocrx_word' id='word_1_392' title='bbox 860 2053 961 2091; x_wconf 87' lang='lat' dir='ltr'>major</span> <span class='ocrx_word' id='word_1_393' title='bbox 977 2050 1151 2082; x_wconf 78' lang='lat' dir='ltr'>aemulandi</span> <span class='ocrx_word' id='word_1_394' title='bbox 1175 2058 1274 2088; x_wconf 87' lang='lat' dir='ltr'>cura;</span> <span class='ocrx_word' id='word_1_395' title='bbox 1291 2057 1427 2089; x_wconf 87' lang='lat' dir='ltr'>procon-</span> 
     </span>
     <span class='ocr_line' id='line_1_41' title="bbox 104 2095 1426 2142; baseline -0.005 -10"><span class='ocrx_word' id='word_1_396' title='bbox 104 2103 213 2133; x_wconf 81' lang='lat' dir='ltr'>sulum</span> <span class='ocrx_word' id='word_1_397' title='bbox 237 2100 517 2142; x_wconf 79' lang='lat' dir='ltr'>splendidissimus</span> <span class='ocrx_word' id='word_1_398' title='bbox 541 2099 678 2139; x_wconf 91' lang='lat' dir='ltr'>quisque</span> <span class='ocrx_word' id='word_1_399' title='bbox 702 2099 873 2130; x_wconf 87' lang='lat' dir='ltr'>securitati</span> <span class='ocrx_word' id='word_1_400' title='bbox 894 2098 995 2137; x_wconf 80' lang='lat' dir='ltr'>magis</span> <span class='ocrx_word' id='word_1_401' title='bbox 1016 2106 1116 2137; x_wconf 89' lang='lat' dir='ltr'>quam</span> <span class='ocrx_word' id='word_1_402' title='bbox 1136 2095 1290 2137; x_wconf 77' lang='lat' dir='ltr'>potentiae</span> <span class='ocrx_word' id='word_1_403' title='bbox 1311 2103 1426 2126; x_wconf 88' lang='lat' dir='ltr'>consu-</span> 
     </span>
     <span class='ocr_line' id='line_1_42' title="bbox 105 2148 229 2180; baseline -0.008 -1"><span class='ocrx_word' id='word_1_404' title='bbox 105 2148 229 2180; x_wconf 69' lang='lat' dir='ltr'>lebant:</span> 
     </span>
    </p>
   </div>
   <div class='ocr_carea' id='block_1_3' title="bbox 107 2245 1428 2455">
    <p class='ocr_par' dir='ltr' id='par_1_5' title="bbox 134 2245 1347 2281">
     <span class='ocr_line' id='line_1_43' title="bbox 134 2245 1347 2281; baseline -0.007 -5"><span class='ocrx_word' id='word_1_405' title='bbox 134 2252 227 2276; x_wconf 78' lang='lat' dir='ltr'>XLVI.</span> <span class='ocrx_word' id='word_1_406' title='bbox 246 2257 265 2275; x_wconf 68' lang='grc' dir='ltr'>ι.</span> <span class='ocrx_word' id='word_1_407' title='bbox 281 2252 343 2281; x_wconf 83' lang='lat' dir='ltr'>Cap.</span> <span class='ocrx_word' id='word_1_408' title='bbox 356 2256 378 2275; x_wconf 81' lang='lat'>2.</span> <span class='ocrx_word' id='word_1_409' title='bbox 390 2256 451 2274; x_wconf 59' lang='grc' dir='ltr'>-ε,</span> <span class='ocrx_word' id='word_1_410' title='bbox 467 2251 550 2276; x_wconf 77' lang='lat' dir='ltr'>AEtas</span> <span class='ocrx_word' id='word_1_411' title='bbox 563 2251 758 2280; x_wconf 78' lang='lat' dir='ltr'>quinquaginta</span> <span class='ocrx_word' id='word_1_412' title='bbox 773 2255 912 2277; x_wconf 86' lang='lat' dir='ltr'>annorum,</span> <span class='ocrx_word' id='word_1_413' title='bbox 929 2247 1073 2278; x_wconf 71' lang='lat' dir='ltr'>stipendia</span> <span class='ocrx_word' id='word_1_414' title='bbox 1085 2246 1205 2274; x_wconf 70' lang='lat' dir='ltr'>legitima</span> <span class='ocrx_word' id='word_1_415' title='bbox 1220 2245 1347 2269; x_wconf 80' lang='lat' dir='ltr'>sedecIm.</span> 
     </span>
    </p>

    <p class='ocr_par' dir='ltr' id='par_1_6' title="bbox 107 2279 1428 2350">
     <span class='ocr_line' id='line_1_44' title="bbox 136 2279 1428 2315; baseline -0.005 -5"><span class='ocrx_word' id='word_1_416' title='bbox 136 2287 236 2310; x_wconf 78' lang='lat' dir='ltr'>XLVII.</span> <span class='ocrx_word' id='word_1_417' title='bbox 257 2292 279 2310; x_wconf 85' lang='grc' dir='ltr'>ι.</span> <span class='ocrx_word' id='word_1_418' title='bbox 298 2289 338 2310; x_wconf 75' lang='lat' dir='ltr'>Au</span> <span class='ocrx_word' id='word_1_419' title='bbox 352 2287 379 2310; x_wconf 90' lang='lat' dir='ltr'>in</span> <span class='ocrx_word' id='word_1_420' title='bbox 393 2286 575 2315; x_wconf 66' lang='lat' dir='ltr'>speciem-2.</span> <span class='ocrx_word' id='word_1_421' title='bbox 592 2290 726 2315; x_wconf 80' lang='lat' dir='ltr'><strong>¹o‚600‚000</strong></span> <span class='ocrx_word' id='word_1_422' title='bbox 733 2285 834 2314; x_wconf 55' lang='lat' dir='ltr'>svn—⁵.</span> <span class='ocrx_word' id='word_1_423' title='bbox 851 2284 909 2308; x_wconf 85' lang='lat' dir='ltr'>vid.</span> <span class='ocrx_word' id='word_1_424' title='bbox 924 2283 957 2307; x_wconf 84' lang='lat' dir='ltr'>ad</span> <span class='ocrx_word' id='word_1_425' title='bbox 970 2282 1077 2308; x_wconf 80' lang='lat' dir='ltr'>Anual.</span> <span class='ocrx_word' id='word_1_426' title='bbox 1091 2281 1134 2311; x_wconf 85' lang='lat' dir='ltr'>lV,</span> <span class='ocrx_word' id='word_1_427' title='bbox 1151 2286 1186 2305; x_wconf 69' lang='grc' dir='ltr'>ιε.</span> <span class='ocrx_word' id='word_1_428' title='bbox 1200 2282 1236 2305; x_wconf 88' lang='lat' dir='ltr'>De</span> <span class='ocrx_word' id='word_1_429' title='bbox 1250 2280 1324 2304; x_wconf 82' lang='lat' dir='ltr'>caede</span> <span class='ocrx_word' id='word_1_430' title='bbox 1336 2279 1428 2304; x_wconf 81' lang='lat' dir='ltr'>Sabini</span> 
     </span>
     <span class='ocr_line' id='line_1_45' title="bbox 107 2322 448 2350; baseline -0.003 -7"><span class='ocrx_word' id='word_1_431' title='bbox 107 2326 188 2350; x_wconf 83' lang='lat' dir='ltr'>supra</span> <span class='ocrx_word' id='word_1_432' title='bbox 203 2323 342 2345; x_wconf 82' lang='lat' dir='ltr'>narratum</span> <span class='ocrx_word' id='word_1_433' title='bbox 356 2322 400 2349; x_wconf 85' lang='lat' dir='ltr'>lll,</span> <span class='ocrx_word' id='word_1_434' title='bbox 412 2326 448 2345; x_wconf 75' lang='lat'>74.</span> 
     </span>
    </p>

    <p class='ocr_par' dir='ltr' id='par_1_7' title="bbox 109 2349 1428 2455">
     <span class='ocr_line' id='line_1_46' title="bbox 135 2349 1428 2385; baseline -0.005 -6"><span class='ocrx_word' id='word_1_435' title='bbox 135 2356 251 2379; x_wconf 75' lang='lat' dir='ltr'>thlll.</span> <span class='ocrx_word' id='word_1_436' title='bbox 267 2362 286 2379; x_wconf 83' lang='grc' dir='ltr'>ι.</span> <span class='ocrx_word' id='word_1_437' title='bbox 301 2357 420 2380; x_wconf 78' lang='lat' dir='ltr'>Africam</span> <span class='ocrx_word' id='word_1_438' title='bbox 434 2357 611 2385; x_wconf 76' lang='lat' dir='ltr'>(provinciam</span> <span class='ocrx_word' id='word_1_439' title='bbox 627 2355 801 2381; x_wconf 56' lang='lat' dir='ltr'>senatorlaml</span> <span class='ocrx_word' id='word_1_440' title='bbox 814 2360 920 2385; x_wconf 87' lang='lat' dir='ltr'>regens,</span> <span class='ocrx_word' id='word_1_441' title='bbox 935 2359 958 2378; x_wconf 88' lang='lat' dir='ltr'>c.</span> <span class='ocrx_word' id='word_1_442' title='bbox 972 2357 1070 2377; x_wconf 52' lang='lat' dir='ltr'>sih—2.</span> <span class='ocrx_word' id='word_1_443' title='bbox 1091 2351 1294 2376; x_wconf 87' lang='lat' dir='ltr'>Promotionum</span> <span class='ocrx_word' id='word_1_444' title='bbox 1308 2355 1340 2373; x_wconf 85' lang='lat' dir='ltr'>ex</span> <span class='ocrx_word' id='word_1_445' title='bbox 1358 2349 1428 2373; x_wconf 80' lang='lat' dir='ltr'>utri-</span> 
     </span>
     <span class='ocr_line' id='line_1_47' title="bbox 109 2386 1428 2420; baseline -0.003 -7"><span class='ocrx_word' id='word_1_446' title='bbox 109 2395 194 2419; x_wconf 83' lang='lat' dir='ltr'>usque</span> <span class='ocrx_word' id='word_1_447' title='bbox 208 2391 320 2414; x_wconf 83' lang='lat' dir='ltr'>arbitrio</span> <span class='ocrx_word' id='word_1_448' title='bbox 332 2391 642 2414; x_wconf 68' lang='lat' dir='ltr'>comedendarum—z.</span> <span class='ocrx_word' id='word_1_449' title='bbox 657 2392 721 2415; x_wconf 77' lang='lat' dir='ltr'>Nam</span> <span class='ocrx_word' id='word_1_450' title='bbox 736 2389 911 2420; x_wconf 84' lang='lat' dir='ltr'>proconsules</span> <span class='ocrx_word' id='word_1_451' title='bbox 931 2389 1014 2413; x_wconf 86' lang='lat' dir='ltr'>annui</span> <span class='ocrx_word' id='word_1_452' title='bbox 1030 2388 1122 2416; x_wconf 81' lang='lat' dir='ltr'>erant;</span> <span class='ocrx_word' id='word_1_453' title='bbox 1139 2386 1291 2416; x_wconf 79' lang='lat' dir='ltr'>legatorum</span> <span class='ocrx_word' id='word_1_454' title='bbox 1305 2386 1428 2414; x_wconf 80' lang='lat' dir='ltr'>tempora</span> 
     </span>
     <span class='ocr_line' id='line_1_48' title="bbox 109 2425 496 2455; baseline 0.003 -7"><span class='ocrx_word' id='word_1_455' title='bbox 109 2429 142 2448; x_wconf 81' lang='lat' dir='ltr'>ex</span> <span class='ocrx_word' id='word_1_456' title='bbox 155 2425 321 2454; x_wconf 81' lang='lat' dir='ltr'>Imperatore</span> <span class='ocrx_word' id='word_1_457' title='bbox 331 2425 496 2455; x_wconf 79' lang='lat' dir='ltr'>pendebant.</span> 
     </span>
    </p>
   </div>
  </div>
 </body>
</html>
