1539 2668
128 180 189 211 488
418 184 452 212 C.
476 182 662 212 CORNELII
684 182 816 211 TACITI
839 183 889 211 DE
911 184 1163 213 ORATORIBUS

126 255 212 290 datae
227 269 286 292 nec
303 271 407 302 usque
421 262 459 293 ad
475 263 586 292 votum
601 261 790 300 compositae
807 261 946 293 civitatis
958 266 1185 302 argumentum
1199 264 1259 295 est.
1275 262 1346 303 quis
1359 260 1446 293 enim

128 312 187 337 nos
204 308 343 341 advocat
364 310 426 340 nisi
447 311 504 340 aut
521 317 640 339 nocens
657 309 714 339 aut
732 308 854 340 miser?
871 309 959 348 quod
978 311 1196 350 municipium
1216 311 1249 341 in
1266 308 1447 342 clientelam

127 356 270 386 nostram
290 356 391 396 venit,
416 357 479 387 nisi
503 356 590 396 quod
617 356 672 386 aut
698 355 828 386 vicinus
854 357 993 396 populus
1018 360 1074 390 aut
1098 359 1275 389 domestica
1290 355 1448 388 discordia

127 399 249 438 agitat?
266 413 364 443 quam
381 403 584 444 provinciam
603 404 734 434 tuemur
754 403 816 434 nisi
833 403 1004 443 spoliatam
1019 408 1256 446 vexatamque?
1272 404 1363 445 atqui
1378 410 1446 434 me·

127 445 189 478 lius
202 449 315 482 suisset
332 460 396 481 non
415 451 505 490 queri
522 459 620 490 quam
634 450 795 481 vindicari
807 449 832 480 ².
848 451 967 491 Quodsi
983 451 1183 484 inveniretur
1197 453 1306 493 aliqua
1321 451 1447 489 civitas,

126 493 159 524 in
177 505 241 536 qua
265 508 360 529 nemo
385 500 557 538 peccaret,
577 506 799 536 supervacuus
819 501 901 530 esset
918 499 1000 530 inter
1017 500 1208 532 innocentes
1225 502 1346 538 orator,
1364 498 1449 530 sicut

124 541 208 574 inter
228 554 322 577 sanos
343 545 499 576 medicus.
516 544 681 584 quomodo
696 546 806 575 tamen
826 545 995 576 minimum
1017 556 1094 578 usus
1115 549 1352 586 minimumque
1373 552 1447 585 pro-

126 586 229 622 fectus
245 601 296 622 ars
317 593 476 624 medentis
500 591 596 623 habet
613 591 646 622 in
664 591 702 622 iis
720 591 872 631 gentibus
886 616 894 631 ‚
911 602 985 632 quae
1009 594 1194 626 firmissima
1212 593 1395 626 valetudine
1412 599 1449 621 ac

125 636 346 671 saluberrimis
361 639 552 679 corporibus
571 640 719 678 utuntur,
738 639 784 669 sic
801 640 904 670 minor
919 642 1086 672 oratorum
1103 641 1336 681 obscuriorque
1350 639 1450 680 gloria

125 684 176 714 est
193 685 276 717 inter
294 687 396 718 bonos
414 696 520 718 mores
537 688 570 718 et
587 686 620 717 in
639 686 836 726 obsequium
854 689 993 727 regentis
1011 690 1152 728 paratos.
1174 688 1253 728 quid
1267 688 1353 719 enim
1370 694 1450 726 opus

126 732 174 762 est
202 733 330 773 longis³
359 736 391 765 in
415 737 528 765 senatu
551 734 741 773 sententiis,
766 743 867 773 quum
894 735 1008 775 optimi
1036 736 1100 767 cito
1122 735 1348 767 consentiant?
1371 730 1451 773 quid

126 779 236 811 multis
263 782 347 821 apud
379 781 535 821 populum
558 781 771 812 concionibus
785 805 793 820 ,
821 791 922 822 quum
939 782 979 813 de
996 783 1163 823 republica
1181 792 1245 814 non
1261 779 1403 821 imperiti
1419 780 1452 810 et

124 827 218 858 multi
237 828 433 868 deliberent,
452 829 508 860 sed
526 828 783 868 sapientissimus
800 830 832 860 et
848 832 953 860 unus?
970 830 1048 869 quid
1066 829 1256 861 voluntariis
1273 825 1449 860 accusatio-

125 874 221 905 nibus
236 876 258 914 ⁵,
276 886 375 916 quum
395 878 462 908 tam
480 886 551 907 raro
569 876 601 907 et
622 878 689 907 tam
715 884 809 915 parce
827 879 1000 916 peccetur?
1022 877 1101 917 quid
1124 877 1292 908 invidiosis
1308 877 1341 908 et
1356 881 1450 906 exce-

126 922 276 954 dentibus
304 924 438 954 modum
465 922 710 955 defensionibus
723 946 731 960 ‚
753 932 856 963 quum
882 923 1051 955 clementia
1077 924 1298 964 cognoscentis
1321 922 1451 954 obviam

128 970 394 1008 periclitantibus
409 973 486 1003 eat?
503 970 631 1002 Credite
643 994 652 1008 ,
672 970 790 1010 optimi
807 972 840 1002 et
857 971 889 1001 111
905 975 1065 1011 quantum
1082 981 1163 1012 opus
1180 974 1230 1003 est
1245 968 1451 1002 disertissimi

127 1016 189 1047 viri
202 1041 211 1056 ,
227 1018 253 1048 si
272 1021 327 1049 aut
346 1028 405 1050 vos
427 1019 594 1059 prioribus
611 1017 739 1048 sreculis
755 1019 812 1048 aut
828 1018 882 1048 isti
898 1027 982 1057 quos
998 1019 1156 1049 miramur
1171 1019 1221 1050 liis
1238 1019 1304 1049 nati
1322 1019 1450 1057 essent,

127 1072 165 1095 ac
178 1063 255 1095 dens
269 1065 385 1105 uliquis
397 1066 480 1097 vitas
494 1074 530 1096 ac
544 1066 650 1095 vestra
665 1068 810 1104 tempora
824 1068 953 1104 repente
967 1068 1134 1104 mutasset,
1147 1074 1204 1096 nec
1218 1065 1311 1096 vobis
1325 1074 1453 1097 summa

127 1111 183 1143 illa
202 1113 271 1143 laus
288 1115 320 1143 et
337 1113 437 1152 gloria
452 1114 486 1143 in
503 1113 688 1151 eloquentia
705 1121 809 1151 noque
826 1112 889 1142 illis
907 1112 1024 1144 modus
1041 1114 1071 1144 et
1089 1114 1380 1152 temperamentum
1397 1113 1452 1144 de-

127 1159 250 1190 fuisset.
281 1169 387 1199 nunc,
411 1161 568 1200 quoniam
595 1169 690 1190 nemo
715 1159 828 1190 eodem
852 1162 996 1199 tempore
1019 1160 1148 1200 assequi
1174 1162 1280 1200 potest
1305 1169 1453 1200 magnam

127 1205 247 1237 samam
264 1209 296 1238 et
312 1216 461 1246 magnam
478 1208 634 1248 quietem,
649 1207 737 1238 bono
750 1207 863 1238 saeculi
875 1208 927 1238 sui
941 1208 1078 1248 quisque
1092 1209 1172 1239 citra
1186 1208 1454 1240 obtrectationem

127 1254 261 1287 alterius
278 1256 404 1287 utatur.
423 1268 439 1283 »

171 1305 263 1333 XLII.
285 1303 425 1334 Finierat
440 1306 619 1335 Maternus.
637 1307 719 1334 Tum
736 1303 886 1342 Messala,
903 1316 919 1331 «
934 1303 1031 1334 Erant
1044 1302 1165 1343 quibus
1181 1302 1434 1334 contradicerem
1446 1327 1455 1342 ,

129 1352 223 1381 erant
235 1350 273 1381 (le
287 1350 405 1390 quibus
421 1351 515 1391 plura
528 1351 591 1382 dici
605 1351 743 1390 vellem,
762 1350 823 1381 nisi
839 1350 907 1390 jam
920 1350 989 1382 dies
1004 1351 1089 1382 esset
1102 1352 1246 1382 exactus.
1264 1363 1278 1377 »
1295 1366 1330 1371 -—
1349 1362 1364 1377 κ
1375 1351 1456 1390 Fiet,

129 1397 237 1437 inquit
253 1400 437 1438 Maternus,
454 1402 566 1439 postea
584 1398 741 1429 arbitratu
761 1399 819 1429 tuo
833 1422 842 1437 ,
861 1400 893 1430 et
909 1408 1020 1430 rursus
1036 1398 1248 1430 conferemus.
1266 1410 1282 1425 »
1300 1400 1344 1429 Ac
1360 1397 1457 1430 simul

131 1454 303 1484 assurgens
319 1448 351 1477 et
368 1450 489 1485 Aprum
506 1447 697 1486 complexus
711 1470 720 1485 ,
745 1458 761 1473 «
777 1450 841 1485 Ego
853 1469 861 1484 ‚
879 1446 985 1485 inquit
998 1470 1007 1485 ‚
1023 1447 1056 1477 te
1074 1446 1180 1486 poetis
1194 1470 1203 1485 ‚
1221 1445 1356 1477 Messala
1372 1444 1457 1476 anti-

130 1492 252 1532 quariis
266 1493 500 1524 criminabitur.
518 1507 532 1520 »
547 1507 588 1513 —-
603 1506 618 1520 «
634 1494 673 1524 At
688 1502 745 1532 ego
761 1502 819 1525 vos
833 1493 1020 1525 rhetoribus
1037 1495 1071 1525 et
1085 1493 1300 1533 scholasticis,
1310 1507 1325 1519 »
1339 1492 1456 1533 inquit.

131 1544 239 1580 Quum
254 1541 465 1580 arrisissent,
485 1541 710 1572 discessimus.

129 1641 159 1645 —
169 1633 191 1652 ¹2.
210 1629 372 1652 Defensione
387 1629 479 1652 nostra
491 1628 516 1651 in
537 1634 614 1651 suum
626 1628 669 1657 ‚ius
682 1628 850 1650 restitut—5.
865 1627 981 1650 verbosa
997 1627 1150 1656 eloquentia
1165 1626 1294 1656 expositis
1306 1627 1334 1650 et
1345 1625 1458 1650 demon-

131 1665 289 1689 stratis-4.
304 1664 375 1693 Quas
388 1664 446 1693 quis
460 1665 563 1693 sponte,
576 1669 628 1687 non
641 1664 715 1692 jussu
728 1664 837 1687 senatus
850 1664 896 1687 aut
910 1663 1043 1692 Principis
1056 1662 1175 1692 suscipit.
