1539 2668
120 168 159 199 52
515 167 648 197 TACITI
670 167 880 196 ANNALIUM
902 168 976 197 LIB.
1000 168 1036 199 Π.

117 242 312 281 majestatis
328 241 460 273 crimen
481 240 647 282 distinqui
667 245 773 273 Caesar
789 242 978 282 postulavit,
999 242 1248 284 damnarique,
1271 244 1300 275 si
1315 252 1386 285 qua
1398 243 1441 277 de

116 290 269 329 Auyusto
288 289 476 329 irreliqiose
492 288 634 321 dixisset
648 300 658 321 .·
675 291 709 320 in
725 297 759 320 se
763 289 864 329 jacta
883 290 973 321 nolle
999 290 1045 321 acl
1066 292 1290 331 coqnitionem
1310 293 1441 324 vocari.

115 333 333 375 interrogatus
349 345 368 367 a
381 335 525 376 consule,
534 336 617 377 quid
629 336 669 367 de
686 336 739 368 his
753 338 900 368 censeret
910 346 988 377 quae
999 337 1039 368 de
1053 339 1164 369 matre
1177 337 1250 377 ejus
1265 338 1382 369 locuta
1395 346 1440 369 se·

115 390 178 413 cus
191 385 414 424 arqueretur,
426 383 555 414 reticuit
577 394 583 412 z
609 382 682 414 dein
697 383 843 423 proximo
856 388 985 415 senatus
998 384 1048 416 die
1062 384 1150 415 illius
1169 394 1298 425 quoque
1309 384 1440 416 nomine

114 429 238 470 oravit,
262 438 304 463 ne
326 432 381 462 cui
404 431 508 462 verba
520 432 556 462 in
569 439 645 461 eam
658 438 790 471 quoquo
806 430 904 462 modo
920 431 1038 463 habita
1055 433 1189 463 crimini
1198 431 1333 471 forent.
1357 432 1439 463 libe-

112 476 261 517 ravitque
276 477 443 518 Apuleiam
457 478 525 517 lege
537 477 708 516 maJestatis
722 488 728 508 :
745 478 892 509 adulterii
901 479 1080 517 graviorem
1093 488 1222 518 poenam
1235 479 1439 520 deprecatus,

111 525 152 555 ut
177 526 332 565 exemplo
360 526 533 565 majorum
547 526 753 566 propinquis
766 527 836 557 suis
850 525 860 543 ⁴
876 526 977 557 ultra
1002 525 1272 558 ducentesimum
1286 525 1439 566 lapidem

110 575 360 612 removeretur,
377 573 487 604 suasit.
508 572 653 604 adultero
669 572 785 604 Manlio
808 573 898 604 Italia
915 574 1011 612 atque
1028 573 1134 604 Africa
1148 573 1358 605 interdictum
1373 573 1435 604 est.

153 621 202 650 LI.
229 620 276 650 De
293 621 431 659 praetore
445 619 478 650 in
494 619 602 651 locum
617 619 763 660 Vipsanii
776 620 855 652 Galli
866 644 875 660 ‚
893 629 988 660 quem
1005 628 1091 651 mors
1106 619 1300 660 abstulerat,
1325 620 1436 651 subro-

108 664 212 704 gando
231 668 394 697 certamen
408 666 546 698 incessit.
564 668 769 699 Germanicus
782 670 878 707 atque
891 671 1014 698 Drusus
1028 667 1116 706 (nam
1129 667 1227 698 etiam
1242 670 1312 698 tum
1324 671 1437 699 Romae

109 713 213 752 erant)
236 713 400 744 Haterium
423 715 612 755 Agrippam,
639 715 855 755 propinquum
879 713 1057 746 Germanici
1081 714 1105 753 ¹,
1130 714 1281 745 fovebant
1299 724 1306 744 :
1324 715 1436 746 contra

106 759 254 799 plerique
268 760 455 791 nitebantur
472 764 508 792 ut
523 770 677 793 numerus
690 761 863 793 liberorum
877 761 912 792 in
928 761 1108 792 candidatis
1121 761 1336 802 praepolleret,
1348 760 1436 801 quod

105 804 159 837 lex
176 805 186 823 2
199 806 345 847 J‘ubebat.
362 807 533 839 laetabatur
548 808 714 848 Tiberius,
731 817 832 848 quum
854 808 939 839 inter
956 807 1038 839 filios
1064 808 1133 847 eJus
1153 809 1186 839 et
1201 807 1286 847 leges
1303 811 1434 840 senatus

106 852 311 893 disceptaret.
329 854 416 886 vieta
433 858 482 886 est
496 855 566 887 sine
583 855 681 887 dubio
694 856 756 895 lex,
775 856 830 887 sed
845 864 948 895 neque
964 855 1074 886 statim
1086 857 1118 887 et
1131 855 1241 896 paucis
1260 855 1432 895 suffragiis,

103 901 267 939 quomodo
289 901 387 933 etiam
404 911 504 942 quum
519 902 665 934 valerent
686 902 769 942 leges
782 902 1008 934 vincebantur.

147 951 212 978 LII.
238 947 358 980 Eodem
378 958 462 980 anuo
476 953 617 990 coeptum
632 950 666 981 in
688 950 795 982 Africa
811 948 932 980 bellum
957 949 1041 980 duce
1055 948 1200 980 hostium
1215 949 1429 982 Tacfarinate.

102 994 132 1026 is
155 995 286 1027 natione
309 996 465 1036 Numida,
479 997 512 1027 in
527 997 641 1029 castris
657 997 810 1028 Romanis
821 996 987 1027 auxiliaria
1001 995 1161 1036 stipendia
1177 997 1312 1027 meritus
1324 1021 1332 1036 ,
1355 1005 1431 1028 mox

102 1041 258 1081 desertor,
275 1051 373 1083 vagos
389 1043 531 1083 primum
554 1046 585 1074 et
608 1043 785 1075 latrociniis
808 1044 917 1074 suetos
943 1042 983 1073 ad
1006 1043 1149 1082 praedam
1172 1044 1204 1074 et
1223 1045 1333 1083 raptus
1352 1052 1430 1074 con-

101 1095 250 1128 gregare,
274 1088 349 1121 dein
371 1099 460 1122 more
479 1090 603 1121 militiae
626 1099 683 1130 per
705 1088 825 1121 vexilla
844 1090 875 1121 et
891 1092 1015 1120 turmas
1036 1098 1248 1129 componere,
1266 1091 1430 1129 postremo

99 1142 167 1165 non
185 1135 357 1168 inconditae
376 1137 478 1169 turbae
491 1162 499 1177 ‚
518 1137 573 1169 sed
599 1138 854 1168 Musulamorum
877 1136 943 1167 dux
964 1135 1085 1166 haberi.
1111 1136 1218 1166 valida
1238 1145 1275 1167 ea
1297 1145 1374 1176 gens
1398 1137 1432 1168 et

99 1181 330 1215 solitudinibus
353 1184 468 1216 Africae
498 1184 699 1224 propinqua,
726 1183 814 1213 nullo
841 1183 939 1214 etiam
962 1184 1032 1213 tuni
1057 1182 1185 1212 urbium
1209 1182 1315 1222 cultu,
1344 1183 1431 1223 cepit

99 1236 209 1269 arma,
224 1234 416 1270 Maurosque
439 1231 564 1261 accolas
584 1230 617 1261 in
634 1230 753 1261 bellum
767 1229 878 1260 traxit.
900 1229 967 1259 dux
990 1231 1022 1260 et
1043 1228 1095 1259 his
1120 1229 1276 1270 Mazippa.
1293 1229 1430 1262 divisus-

99 1283 162 1316 que
179 1277 358 1317 exereitus‚
373 1280 410 1309 ut
423 1277 606 1308 Tacfarinas
618 1277 718 1308 lectos
734 1277 822 1307 viros
836 1277 869 1307 et
885 1279 1066 1307 Romanum
1082 1275 1116 1306 in
1136 1276 1269 1307 modum
1291 1279 1431 1309 armatos

99 1325 215 1355 castris
232 1324 382 1355 attineret
400 1324 423 1364 ¹,
441 1324 609 1364 disciplina
623 1326 655 1355 et
671 1324 814 1364 imperiis
827 1322 1025 1362 suesceret²‚
1041 1322 1186 1363 Mazippa
1202 1323 1264 1354 levi
1278 1333 1353 1355 cum
1379 1333 1431 1356 co·

98 1372 153 1413 pia
180 1371 329 1402 incendia
348 1372 381 1402 et
406 1371 510 1402 caedes
527 1374 559 1402 et
579 1373 734 1402 terrorem
760 1370 996 1401 circumferret.
1029 1371 1318 1412 compulerantque
1343 1372 1428 1404 Cini-

97 1419 184 1452 thios
197 1442 206 1458 ,
224 1418 311 1449 haud
333 1418 547 1458 spernendam
562 1418 725 1449 nationem
738 1442 746 1457 ‚
773 1417 808 1448 in
832 1417 943 1448 eadem
959 1441 968 1456 ,
986 1426 1087 1457 quum
1112 1418 1227 1449 Furius
1252 1419 1406 1451 Camillus
1418 1442 1428 1458 ‚

96 1475 156 1507 pro
179 1466 312 1497 consule
335 1466 467 1505 Africae,
498 1466 659 1505 legionem
682 1467 714 1496 et
730 1464 817 1505 quod
843 1464 904 1495 sub
929 1464 1026 1504 signis
1052 1465 1236 1506 sociorum,
1266 1466 1299 1497 in
1324 1475 1428 1499 uuum

97 1512 275 1544 conductos
289 1513 329 1543 ad
343 1513 467 1544 hostem
484 1512 596 1552 duxit,
619 1512 781 1543 modicam
796 1520 929 1542 manum
943 1536 952 1552 ,
973 1512 1000 1543 si
1014 1512 1258 1544 multitudinem
1271 1514 1425 1546 Numida-

95 1568 170 1591 rum
194 1561 290 1600 atque
306 1564 492 1591 Maurorum
510 1562 671 1600 spectares
687 1569 694 1590 :
713 1559 770 1590 sed
785 1559 863 1589 nihil
877 1568 969 1599 aeque
987 1559 1163 1591 cavebatur
1178 1569 1275 1600 quam
1298 1569 1337 1592 ne
1361 1560 1426 1593 bel-

96 1605 166 1637 lum
189 1609 278 1638 metu
293 1606 469 1638 eluderent.
486 1616 542 1648 spe
559 1607 703 1638 victoriae
725 1606 850 1637 inducti
863 1608 939 1637 sunt
953 1609 989 1637 ut
1002 1607 1218 1638 vincerentur.
1233 1607 1331 1647 igitur
1343 1607 1426 1648 legio

97 1653 222 1693 medio,
240 1654 328 1686 leves
351 1655 500 1686 cohortes
518 1654 656 1694 duaeque
673 1654 733 1685 alae
762 1654 796 1684 in
813 1654 965 1684 cornibus
992 1653 1151 1685 locantur.
1169 1663 1229 1686 nec
1242 1655 1426 1688 Tacfarinas

96 1709 238 1740 pugnam
257 1701 458 1733 detrectavit.
477 1701 538 1733 fusi
554 1701 703 1733 Numidae
716 1725 725 1741 ‚
753 1700 939 1740 multosque
966 1702 1041 1741 post
1064 1710 1166 1732 annos
1182 1702 1278 1733 Furio
1302 1702 1428 1734 nomini

96 1750 226 1788 partum
240 1748 337 1780 decus
351 1749 486 1779 militiae.
500 1757 575 1779 nam
591 1750 663 1788 post
681 1749 773 1779 illum
787 1748 1036 1788 reciperatorem
1058 1748 1155 1779 Urbis
1172 1748 1339 1789 filiumque
1355 1750 1424 1789 eJus

98 1795 269 1828 camillum
282 1804 379 1836 penes
402 1795 478 1827 alias
500 1795 639 1827 familias
654 1795 860 1836 imperatoria
881 1795 952 1826 laus
967 1795 1070 1826 suerat
1084 1794 1095 1812 ³
1116 1795 1213 1835 atque
1234 1795 1307 1835 hic,
1323 1805 1422 1836 quem

96 1851 326 1883 memoramus,
350 1842 508 1874 bellorum
530 1851 644 1882 expers
667 1842 858 1873 habebatur.
886 1850 923 1873 eo
939 1842 1069 1883 pronior
1081 1842 1230 1873 Tiberius
1244 1851 1295 1873 res
1317 1843 1424 1882 gestas

98 1890 183 1930 apud
210 1891 359 1922 senatum
389 1890 563 1921 celebravit
587 1899 595 1920 2
617 1890 649 1921 ct
674 1889 843 1920 decrevere
870 1890 980 1921 Patres
1009 1889 1218 1929 triumphalia
1243 1888 1380 1929 insignia
1396 1889 1422 1922 ⁴.

96 1937 184 1977 quod
202 1937 336 1969 Camillo
351 1937 392 1968 ob
408 1937 599 1968 modestiam
620 1936 696 1967 vitae
715 1936 847 1976 impune
864 1936 936 1968 fuit.

140 1987 219 2016 LIII.
241 1987 382 2024 Sequens
409 1984 535 2016 annus¹
556 1983 720 2016 Tiberium
743 1983 861 2023 tertio,
880 1982 1104 2015 Germanicum
1129 1983 1247 2014 iterum
1276 1984 1424 2016 consules

96 2029 221 2062 hahuit.
237 2031 291 2062 sed
304 2041 378 2062 eum
395 2031 551 2062 honorem
563 2031 771 2063 Germanicus
784 2030 854 2061 iniit
867 2030 953 2070 apud
966 2029 1079 2060 urbem
1089 2030 1215 2061 Achaiae
1231 2029 1423 2071 Nicopolim,

98 2085 163 2117 quo
187 2078 319 2109 venerat
341 2087 397 2118 per
423 2078 585 2118 Illyricam
607 2087 716 2119 oram,
736 2077 805 2109 viso
829 2077 926 2109 fratre
947 2080 1054 2108 Druso
1066 2076 1099 2108 in
1119 2076 1277 2108 Dalmatia
1289 2079 1424 2118 agente,

98 2189 127 2194 —
140 2181 163 2200 4.
184 2177 203 2199 Α
215 2175 374 2205 propinquis
388 2181 393 2197 ε
411 2181 473 2199 nam
489 2176 559 2205 apud
575 2177 690 2205 majores
702 2177 816 2200 maritus
831 2176 859 2200 et
874 2175 1017 2205 propinqui
1030 2175 1064 2199 de
1077 2181 1155 2204 poena
1167 2175 1297 2201 adulterae
1314 2176 1424 2202 consui-

98 2211 210 2240 tabant.
228 2213 289 2241 post
305 2211 392 2241 legem
405 2211 503 2235 Juliam
523 2211 684 2235 adulterium
698 2218 746 2241 pro
760 2211 867 2241 publico
882 2212 994 2234 crimine
1010 2211 1170 2235 habebatur.

129 2249 168 2274 LI.
185 2254 207 2271 ι.
220 2248 259 2272 Ab
270 2253 354 2271 uxore
368 2248 519 2277 Agrippina.
534 2260 561 2263 -
575 2252 599 2270 2.
612 2248 663 2271 Lex
678 2249 757 2278 Papia
771 2249 884 2277 Poppaea
897 2248 1016 2276 Augusti,
1030 2253 1090 2277 quae
1105 2248 1263 2273 candidatos
1276 2249 1320 2279 qul
1333 2250 1425 2279 patres

101 2285 193 2310 essent
203 2283 351 2306 secundum
366 2289 507 2306 numerum
524 2282 671 2306 liberorum
690 2283 858 2313 praeferebat.

131 2320 186 2343 Lll.
211 2324 231 2342 ¹.
254 2319 420 2343 Contineret.
444 2331 472 2334 —
494 2322 518 2340 2.
545 2318 585 2341 Ad
608 2320 832 2342 consuetudinem
857 2320 885 2343 et
906 2325 984 2342 usum
1007 2319 1151 2343 militarem
1174 2319 1333 2344 adduceret.
1351 2333 1381 2338 —-
1395 2326 1422 2347 3.

102 2355 268 2384 Quamquam
283 2354 315 2377 de
329 2353 410 2377 Gallis
424 2353 625 2383 triumpharunt
644 2355 672 2378 P.
687 2355 781 2379 Furius
794 2354 881 2378 Philus
899 2356 926 2378 et
939 2355 966 2379 L.
981 2355 1075 2380 Furius
1086 2355 1234 2385 Purpureo,
1251 2362 1275 2380 a.
1288 2356 1320 2381 U.
1334 2360 1379 2380 53⁰
1394 2356 1423 2381 et

101 2395 152 2414 ⁸⁵5.
166 2394 230 2419 -ᾼ,
246 2390 277 2412 V.
289 2389 321 2412 ad
337 2390 361 2419 1,
374 2394 411 2413 72.

132 2425 198 2450 Llll.
212 2425 270 2451 LA.
280 2424 311 2450 U.
326 2429 382 2455 7⁷1,
397 2431 422 2455 p.
435 2425 464 2450 C.
477 2429 542 2450 ¹8.-
550 2424 720 2455 2.Temp1um
732 2426 765 2450 ab
779 2427 899 2456 Augusto
914 2426 951 2451 ibi
963 2426 1132 2457 Neptuno1et
1142 2427 1222 2453 Marti
1232 2428 1422 2455 consecratum
