1539 2668
121 150 181 180 294
492 147 624 176 TACITI
647 146 921 175 HISTORIARUM
945 146 1017 175 LIB·
1041 146 1065 174 1.

118 225 204 257 bello
226 224 284 255 suit
300 221 435 255 avaritia
454 231 490 253 ac
507 221 670 253 festinatio
687 221 947 253 unaetvicesimae
967 219 1111 260 legionis.
1143 219 1316 259 rapuerant
1346 228 1438 259 pecu,-

117 273 204 305 niam
223 274 352 303 missam
369 270 400 301 in
417 269 613 309 stipendium
628 269 766 309 castelli,
783 269 868 309 quod
890 268 965 299 olim
987 266 1122 299 Helvetii
1143 267 1210 297 suis
1227 265 1383 297 militibus
1398 274 1440 297 ac

84 324 89 364 j
118 320 289 361 stipendiis
304 318 487 350 tuebantur.
507 326 591 356 aegre
608 317 638 348 id
659 316 743 357 passi
759 316 896 348 Helvetii
908 315 1097 356 interceptis
1112 313 1274 355 epistolis,
1291 322 1366 354 quae
1380 322 1439 345 no·

87 365 90 390 ἶ
118 369 204 400 mine
220 366 403 399 Germanici
417 365 576 397 exercitus
590 365 630 396 ad
645 364 841 396 Pannonicas
854 364 995 404 legiones
1008 362 1204 402 ferebantur,
1220 361 1441 393 centurionem

118 418 151 449 et
163 416 320 456 quosdam
338 414 476 445 militum
491 413 521 443 in
535 413 681 444 custodia
698 412 890 444 retinebant.
906 411 1034 442 Caecina
1047 410 1119 441 belli
1132 410 1246 441 avidus
1260 409 1440 450 proximam

90 456 93 461 ’
118 472 279 506 quamque
295 462 423 503 culpam
434 485 443 501 ‚
463 462 637 502 antequam
651 460 837 502 poeniteret,
853 460 958 492 ultum
974 459 1051 491 ibat.
1070 461 1158 491 mota
1176 467 1309 499 propere
1322 458 1439 496 castra,

117 511 237 543 vastati
251 511 315 549 agri
331 534 339 548 ,
365 509 614 549 direptus-longa
639 517 715 549 pace
737 508 769 539 in
784 507 918 539 modum
937 506 1103 547 municipii
1122 508 1308 538 exstructus
1330 505 1440 544 Iocus,

117 567 245 590 amoeno
260 557 439 588 salubrium
464 558 622 596 aquarum
639 565 697 587 usu
716 556 862 596 frequens
879 555 902 586 ¹.
927 555 1012 586 mis-ii
1034 554 1072 585 ad
1093 554 1213 585 Raetica
1228 553 1441 585 auxiliarium

91 603 93 607 ⁴
116 606 176 645 tii,
196 608 230 636 nt
247 613 356 636 versos
373 604 405 635 in
428 603 584 643 legionem
598 603 761 635 Helvetios
781 611 799 634 a
816 604 905 642 tergo
920 601 1176 641 aggrederentur.

158 655 295 685 LXVIII.
321 651 369 683 Illi
398 653 472 683 ante
497 651 668 683 discrimen
694 650 833 688 feroces,
857 650 890 680 in
914 649 1058 689 periculo
1082 648 1210 689 pavidi,
1243 655 1441 689 quamquam

117 700 222 741 primo
235 700 375 730 tumultu
394 699 563 731 Claudium
583 702 735 731 Severum
752 697 867 728 ducem
894 695 1054 734 legerant,
1072 704 1134 726 non
1152 704 1241 726 arma
1266 703 1401 726 noscere
1415 695 1440 735 ἲ,

116 757 182 780 non
197 747 326 779 ordines
343 746 452 787 sequi,
471 755 533 777 non
550 746 583 776 in
598 754 698 776 unum
712 744 888 776 consulere.
902 742 1075 774 exitiosum
1092 742 1245 774 adversus
1256 741 1438 774 veteran0s2

115 795 265 836 proelium
278 819 286 834 ,
308 794 416 825 intuta
437 793 562 825 obsidio
593 792 723 833 dilapsis
741 792 902 823 vetustate
919 790 1089 821 moenibus.
1116 790 1191 821 hinc
1210 789 1337 822 Caecina
1356 798 1441 822 >eum
1478 799 1480 801 ·

115 841 223 873 valido
240 842 383 873 exercitu
396 866 405 881 ‚
426 841 500 872 inde
523 839 655 871 naeticae
684 839 743 870 alae
761 838 972 877 cohortesque
988 840 1019 868 et
1044 837 1189 877 ipsorum
1203 840 1368 869 Raetorum
1389 838 1439 877 ju·

114 891 232 920 ventus
245 891 337 921 sueta
351 889 449 919 armis
465 888 496 919 et
515 896 604 920 more
620 886 742 917 militiae
755 886 904 917 exercita.
931 885 1074 925 unquue
1088 885 1255 926 populatio
1277 887 1308 916 et
1322 885 1439 918 caedes.

115 935 173 976 ipsi
193 937 298 968 medio
315 936 399 975 vagi,
413 935 544 976 abjectis
557 934 665 973 armis,
684 942 797 973 magna
815 941 886 973 pars
903 933 1002 964 saucii
1017 933 1074 963 aut
1093 932 1236 972 palantes
1252 932 1284 963 in
1298 935 1441 965 montem

116 984 285 1015 Vocetium
307 983 481 1024 perfugere.
499 992 536 1013 ac
551 981 661 1013 statim
676 980 821 1011 immissa
846 980 978 1011 cohorte
994 981 1154 1011 Thracum
1171 979 1296 1020 depulsi
1313 981 1345 1011 et
1362 988 1440 1011 con-

118 1030 318 1062 sectantibus
333 1029 497 1061 Germanis
515 1029 678 1069 Raetisque
695 1038 751 1068 per
763 1028 858 1059 silvas
874 1030 972 1067 atque
988 1027 1019 1058 in
1036 1026 1117 1067 ipsis
1133 1026 1263 1058 latebris
1276 1026 1438 1059 trucidati.

118 1078 219 1108 multa
237 1077 405 1108 hominnm
436 1076 535 1107 millia
562 1085 664 1115 caesa,
692 1075 792 1106 multa
810 1075 869 1105 suh
893 1083 1010 1105 corona
1028 1074 1039 1092 ³
1065 1074 1258 1105 venundata.
1276 1083 1441 1115 quumque

117 1125 234 1155 dirutis
253 1124 404 1154 omnibns
419 1123 611 1154 Aventicum
629 1122 734 1161 gentis
748 1124 845 1162 caput
859 1122 946 1161 justo
960 1122 1085 1160 agmine
1100 1123 1272 1161 peteretur,
1285 1121 1371 1153 missi
1386 1121 1442 1161 qui

116 1171 269 1202 dederent
284 1171 449 1201 civitatem
470 1183 475 1200 :
492 1172 523 1200 et
541 1169 660 1200 deditio
681 1173 822 1210 accepta.
847 1168 880 1199 in
900 1167 1021 1199 Julium
1040 1169 1220 1209 AIpInume
1240 1169 1441 1210 principibus

116 1219 154 1249 nt
167 1218 364 1249 concitorem
381 1217 452 1249 belli
478 1215 604 1248 Caecina
625 1217 856 1249 animadvertit
871 1226 878 1247 :
896 1218 1017 1249 ceteros
1034 1217 1137 1249 veniae
1153 1218 1204 1249 vel
1229 1217 1365 1249 saevitiae
1386 1216 1440 1248 vi-

116 1265 195 1297 tellii
214 1265 354 1305 reliquit.

162 1316 266 1344 LXIX.
293 1312 383 1344 Haud
406 1311 499 1342 facile
513 1311 602 1342 dictu
617 1314 665 1344 est
680 1337 688 1352 ‚
707 1313 798 1353 legati
814 1313 1032 1344 Helvetiorum
1048 1314 1154 1344 minus
1171 1313 1359 1353 placabilem
1376 1318 1440 1347 lm-

118 1362 299 1400 peratorem
330 1368 368 1390 an
393 1359 529 1389 militem
551 1359 742 1391 invenerint.
762 1362 912 1392 civitatis
935 1360 1107 1392 excidium
1124 1363 1283 1401 poscunt,
1312 1362 1376 1394 tela
1403 1371 1441 1394 ac

117 1418 232 1441 manus
249 1410 278 1440 in
308 1420 362 1441 ora
382 1410 560 1450 legatorum
579 1410 749 1442 intentant.
778 1419 818 1441 ne
835 1410 981 1442 Vitellius
1002 1411 1132 1451 quidem
1158 1411 1251 1442 minis
1279 1420 1316 1442 ac
1337 1412 1442 1444 verbis

117 1458 336 1497 temporabat,
357 1467 457 1498 quum
484 1457 638 1489 Claudius
657 1458 662 1474 ¹
685 1460 823 1496 Cossus,
844 1467 926 1489 unus
943 1467 982 1489 ex
1008 1458 1135 1498 legatis,
1154 1460 1238 1489 notae
1261 1459 1440 1500 facundiae,

117 1505 174 1536 sed
197 1504 319 1535 dicendi
337 1507 438 1536 artem
462 1508 535 1545 apta
552 1506 768 1545 trepidatione
785 1505 952 1537 occultans
978 1508 1074 1545 atque
1099 1515 1136 1537 eo
1160 1506 1306 1546 validior,
1331 1507 1441 1539 militis

118 1552 262 1582 animum
285 1552 463 1590 mitigavit,
489 1553 523 1583 ut
549 1555 597 1582 est.
613 1561 681 1583 mos
696 1552 814 1591 vulgo,
840 1553 1027 1583 mutabilem
1043 1552 1157 1583 subitis
1171 1555 1202 1583 et
1224 1557 1286 1584 tam
1307 1563 1441 1593 pronum

117 1599 149 1629 in
167 1598 419 1630 misericordiam
436 1609 534 1639 quam
552 1599 744 1630 immodicus
761 1600 886 1630 saevitia
903 1599 1016 1630 suerat..
1047 1600 1157 1630 effusis
1176 1600 1314 1631 lacrimis
1330 1603 1362 1632 et
1379 1610 1442 1633 me-

117 1646 195 1677 liora
226 1647 425 1676 coustantius
456 1646 650 1686 postulando
663 1669 672 1684 ,
702 1646 930 1685 impunitatem
963 1646 1164 1686 salutemque
1196 1647 1319 1679 civitati
1343 1649 1440 1688 impe-

116 1692 254 1723 travere.

159 1743 244 1770 LXX.
270 1738 395 1770 camina
413 1747 532 1778 paucos
546 1738 578 1769 in
601 1739 754 1770 Helvetiis
772 1740 916 1770 moratus
932 1739 998 1770 dies
1010 1763 1018 1778 ,
1043 1739 1120 1770 dum
1136 1739 1142 1756 ¹
1164 1741 1330 1772 sententife
1347 1741 1441 1773 Vitel-

116 1786 150 1817 lii
164 1787 280 1817 certior
297 1785 404 1825 tieret,
420 1786 513 1816 simul
532 1786 703 1817 transitum
719 1786 846 1826 Alpium
860 1794 973 1826 parans
986 1810 993 1824 ,
1012 1786 1122 1817 lactum
1137 1796 1176 1817 ex
1191 1788 1280 1819 Italia
1293 1789 1442 1820 nuntium

117 1833 251 1873 accipit,
275 1834 372 1864 alam
388 1834 575 1865 Sullanam
595 1833 606 1850 ²
632 1836 728 1865 circa
746 1833 883 1864 Padum
902 1836 1057 1873 agentem
1081 1837 1299 1866 sacramento
1319 1835 1443 1868 Vitellii

117 1881 303 1912 accessisse.
326 1881 557 1911 Proconsulem
585 1880 751 1912 Vitellium
779 1881 902 1913 Sullani
921 1879 954 1910 in
972 1880 1079 1912 Africa
1098 1881 1303 1913 habuerant:
1328 1891 1404 1913 mox
1426 1892 1444 1914 a

117 1931 240 1957 Nerone
254 1951 261 1965 ,
277 1928 312 1957 ut
327 1927 359 1957 in
376 1930 540 1968 Aigyptnm
558 1928 845 1967 praemitterentur,
871 1928 968 1959 exciti
985 1930 1018 1959 et
1038 1927 1081 1959 ob
1096 1928 1217 1960 bellum
1234 1929 1377 1962 Vindicis
1393 1939 1443 1962 re·

119 1973 223 2004 vocati
238 1998 245 2012 ,
271 1983 306 2003 ac
333 1976 402 2004 tum
432 1975 463 2005 in
490 1975 581 2006 Italia
599 1976 765 2006 manentes
790 1975 944 2006 instinctu
964 1975 1192 2016 decurionum,
1222 1976 1277 2017 qui
1306 1977 1443 2009 Othonis

118 2021 229 2059 ignari,
239 2021 366 2052 Vitellio
381 2021 529 2053 obstricti
544 2021 642 2053 robur
653 2022 898 2053 adventantium
914 2022 1074 2061 legionum
1087 2025 1120 2054 et
1136 2023 1251 2054 famam
1266 2024 1443 2056 Germanici

118 2069 277 2098 exercitus
293 2068 496 2108 attollebant,
508 2069 665 2100 transiere
679 2069 712 2100 in
731 2071 834 2109 partes
849 2078 856 2100 :
877 2071 909 2100 et
923 2071 958 2100 ut
972 2069 1094 2101 donum
1110 2070 1242 2110 aliquod
1260 2071 1443 2102 novoPrin-

119 2142 189 2201 TIX
197 2142 249 2164 VII.
271 2148 288 2165 ι.
305 2144 390 2167 HodIe
407 2149 459 2173 que
474 2144 563 2167 dictus
581 2145 678 2168 Baden
690 2144 718 2174 (i.
734 2150 758 2167 e.
774 2144 904 2174 thermae),
926 2145 953 2168 in
973 2144 1098 2174 Argovia,
1119 2144 1192 2168 haud
1209 2146 1322 2170 multum
1336 2147 1444 2172 dissitus

144 2182 226 2200 UHCO.

149 2212 264 2235 LXVIII.
287 2218 305 2235 ι.
326 2214 411 2236 Aruns
429 2214 467 2237 uti
484 2215 714 2239 nesciebant.—2.
727 2215 837 2239 veteres
851 2219 878 2238 et
889 2215 1031 2238 exercitati
1046 2214 1152 2242 milites,
1169 2221 1221 2239 non
1236 2217 1365 2241 veterani
1379 2223 1442 2247 pro-

118 2247 176 2276 prie»
200 2247 273 2269 dicti.
292 2260 316 2263 ἡ
332 2254 354 2271 z».
371 2249 426 2272 Sub
450 2255 557 2272 corona
581 2250 713 2278 significat
726 2256 731 2273 ε
746 2251 882 2279 tanquam
903 2250 1019 2279 captivi;
1042 2249 1076 2273 ab
1094 2251 1281 2279 antiquissimo
1299 2257 1374 2276 more
1390 2257 1443 2282 quo

120 2282 241 2310 captivos
255 2288 352 2305 vonum
366 2284 552 2312 producebant
566 2286 721 2308 coronatos.

150 2317 241 2374 Uttlx.
259 2323 279 2340 I.
296 2318 323 2340 In
338 2324 390 2342 uno
405 2320 592 2349 manuscripto
607 2319 766 2349 Cornelius,
782 2320 899 2344 tortasse
909 2325 983 2348 vere,
1002 2320 1063 2350 quia
1080 2320 1155 2345 Cossa·
1166 2323 1244 2346 erant
1263 2328 1294 2345 ex
1308 2321 1444 2346 cornelia

121 2357 172 2381 gen
188 2358 208 2374 υ,

149 2386 227 2410 Lxx.
250 2391 267 2409 ι.
284 2387 439 2410 Donec—2.
457 2388 506 2411 Alii
517 2388 671 2418 Silianam,
690 2389 787 2413 delude
800 2390 913 2414 Siliani.
