1539 2668
147 161 208 192 362
505 156 637 188 TAClTI
659 154 934 184 HISTORIARUM
957 154 1031 182 LIB.
1055 154 1113 182 111.

147 237 307 271 electione
324 232 482 264 lictorum
496 228 505 246 ⁴
527 228 626 268 loqui.
645 228 736 258 tanta
752 226 886 267 torpedo
906 226 1073 257 invaserat
1089 225 1249 265 animum,
1278 226 1315 257 ut
1335 225 1362 257 si
1377 226 1464 258 Prin—

148 285 252 325 cipem
272 288 346 312 eum
365 278 464 310 fuisse
477 276 581 308 ceteri
600 285 666 307 non
682 274 922 314 meminissent,
939 274 1008 314 ipse
1024 272 1277 304 oblivisceretur.

191 332 293 361 LXIV.
317 329 357 359 At
371 325 528 367 primores
542 322 685 355 civitatis
699 321 844 353 Flavium
857 321 1011 353 Sabinum
1026 320 1215 361 praesectum
1229 319 1325 351 Urbis
1337 319 1466 355 secretis

146 375 351 410 sermoni-bus
373 372 569 410 incitabant,
593 382 608 397 «
626 369 772 401 victoriae
789 368 949 410 famaeque
971 371 1095 409 partem
1114 370 1306 409 capesseret.
1330 375 1397 399 esse
1418 365 1464 397 illi

149 438 163 453 «
184 423 349 465 proprium
366 421 501 452 militem
516 417 699 449 cohortium
720 416 932 455 urbanarum,
951 424 1010 448 nec
1023 415 1190 447 defuturas
1204 414 1337 454 vigilum
1351 414 1464 446 cohor-

150 485 166 501 «
182 474 248 510 tes,
265 469 395 502 servitia
415 469 560 509 ipsorum
575 465 600 505 ¹,
622 464 786 495 fortunam
808 464 965 505 partium,
983 466 1015 496 et
1032 463 1140 495 omnia
1158 472 1259 504 prona
1277 462 1464 494 victoribus.

149 533 164 548 «
183 529 224 551 ne
240 517 379 550 Antonio
395 520 545 554 Varoque
559 513 599 544 de
620 512 721 553 gloria
742 511 945 544 concederet.
965 520 1086 552 paucas
1102 511 1233 542 Vitellio
1249 511 1398 542 cohortes
1410 533 1419 549 ,
1435 511 1468 541 et

149 579 166 595 «
184 567 306 598 moestis
321 564 464 603 undique
477 561 600 593 nuntiis
613 559 774 600 trepidas;
789 559 903 600 populi
916 559 1071 590 mobilem
1086 559 1231 590 animum
1243 583 1252 598 ‚
1268 559 1300 590 et
1312 559 1338 590 si
1351 557 1467 589 ducem

148 628 165 643 «
182 624 217 646 se
235 613 445 654 praebuisset,
462 610 592 642 easdem
610 608 678 640 illas
693 607 894 639 adulationes
909 615 966 647 pro
983 606 1177 646 Vespasiano
1192 606 1270 637 fore.
1289 606 1396 645 ipsum
1411 603 1466 635 Vi—

149 675 165 690 «
182 662 305 693 tellium
324 668 363 691 ne
377 658 537 699 prosperis
553 656 683 697 quidem
699 664 810 696 parem
828 664 835 685 ε
855 654 934 685 adeo
947 652 958 671 ²
978 653 1146 685 ruentibus
1162 653 1377 685 debilitatum.
1397 659 1468 692 gra-

148 723 164 738 «
181 710 257 740 tiam
275 707 392 748 patrati
411 705 484 737 belli
504 712 600 745 penes
620 712 694 734 eum
712 702 768 743 qui
789 701 909 733 Urbem
930 704 1131 741 occupasset.
1156 700 1191 732 id
1214 701 1331 733 sabino
1351 707 1465 732 conve-

147 757 251 788 «nire
267 780 275 795 ,
303 757 340 786 ut
367 753 540 793 imperium
564 751 654 782 fratri
681 750 877 785 reservaret3
906 748 940 780 id
961 748 1180 790 Vespasiano,
1207 751 1244 780 ut
1271 747 1374 780 ceteri
1396 747 1468 788 post

148 818 164 834 «
182 804 335 836 Sabinum
358 801 564 832 haberentur.
583 811 598 826 »

187 855 276 884 LXV.
301 848 557 888 Haudquaquam
576 846 684 877 erecto
700 843 808 875 animo
832 851 885 875 eas
904 851 1000 875 voces
1017 842 1217 882 accipiebat,
1240 841 1405 874 invalidus
1420 849 1469 873 se-

145 903 250 932 necta.
265 899 358 929 erant
376 895 430 935 qui
451 893 588 925 occultis
608 891 850 932 suspicionibus
863 890 1077 929 incesserent,
1100 893 1267 930 tamquam
1287 889 1420 921 invidia
1433 890 1468 921 et

145 946 370 979 (emulatione
373 942 562 982 fortunam
563 939 696 979 fratris
707 940 918 970 moraretur.
932 946 1072 978 namque
1085 938 1212 968 Flavius
1226 936 1362 968 Sabinus
1371 937 1469 969 aetate

145 995 233 1035 prior
252 992 385 1032 privatis
404 989 569 1027 utriusque
588 986 683 1017 rebus
701 987 895 1017 auctoritate
910 986 1110 1026 pecuniaque
1128 984 1359 1024 Vespasianum
1377 985 1467 1016 ante-

145 1042 224 1078 ibat,
237 1042 267 1070 et
290 1037 470 1069 ›redebatur
483 1035 633 1065 affectam
647 1034 716 1072 ejus
728 1033 823 1065 fidem
836 1033 842 1051 ¹
866 1034 1054 1074 praejuvisse
1067 1033 1166 1063 domo
1180 1033 1328 1072 agrisque
1342 1032 1468 1073 pignori

145 1086 305 1127 acceptis;
326 1084 410 1115 unde
423 1108 431 1121 ‚
457 1090 654 1122 quamquam
678 1083 827 1111 manente
845 1081 876 1111 in
896 1082 1035 1121 speciem
1053 1080 1246 1117 concordia,
1267 1079 1467 1111 offensarum

145 1136 258 1175 operta
270 1131 507 1164 metuebantur.
517 1128 631 1159 melior
646 1128 879 1167 interpretatio,
896 1130 1012 1159 mitem
1027 1129 1143 1158 virum
1156 1126 1343 1157 abhorrere
1357 1135 1379 1157 a
1388 1134 1466 1158 san-

144 1185 246 1224 quine
269 1182 301 1211 et
319 1177 480 1212 coedz'bus,
500 1183 604 1216 eoque
622 1174 752 1206 crebris
769 1183 847 1206 cum
869 1175 1002 1206 Vitellio
1022 1174 1233 1206 sermonibus
1249 1173 1292 1204 de
1302 1181 1392 1213 pace
1402 1182 1468 1214 po-

144 1228 330 1267 nendisque
337 1233 403 1265 per
410 1223 637 1255 conditionem
648 1224 756 1253 armis
766 1225 915 1262 aquare.
927 1231 1012 1262 saepe
1024 1221 1112 1253 domi
1120 1220 1294 1260 congressi,
1306 1224 1468 1261 postremo

145 1276 178 1308 in
197 1276 266 1307 aede
291 1272 446 1314 Apollinis
459 1295 467 1310 ,
487 1272 523 1301 ut
542 1270 627 1301 sama
650 1270 729 1309 suit,
752 1270 904 1310 pepigere
925 1269 951 1300 ².
973 1270 1073 1302 verba
1089 1278 1251 1309 vocesque
1272 1269 1355 1300 duos
1367 1270 1468 1301 testes

145 1323 319 1359 habebant,
336 1319 486 1352 Cluvium
501 1318 621 1349 Rufum
632 1317 642 1335 ³
659 1320 690 1349 et
704 1317 814 1349 Silium
832 1317 980 1349 Italicum
993 1317 1020 1350 ⁴.
1038 1318 1148 1349 vultus
1163 1316 1272 1357 procul
1288 1315 1469 1348 visentibus

144 1370 353 1407 notabantur,
369 1365 489 1397 Vitellii
504 1365 669 1406 projectus
685 1369 717 1397 et
737 1365 893 1406 degener,
911 1365 1045 1398 sabinus
1064 1374 1129 1397 non
1145 1363 1306 1396 insultans
1322 1364 1354 1396 et
1369 1363 1465 1395 mise-

144 1418 228 1450 ranti
246 1415 403 1457 proprior.

186 1468 289 1496 LXVI.
314 1461 439 1500 Quodsi
458 1462 525 1492 tam
549 1460 642 1492 facile
663 1469 795 1492 suorum
813 1460 937 1492 mentes
956 1460 1097 1491 flexisset
1116 1459 1266 1491 Vitellius
1283 1468 1379 1500 quam
1399 1460 1466 1500 ipse

145 1514 306 1550 cesserat,
327 1511 528 1541 incruentam
550 1509 668 1541 Urbem
684 1507 870 1548 Vespasiani
896 1507 1060 1540 exercitus
1086 1508 1249 1538 intrasset.
1268 1509 1411 1539 ceterum
1430 1508 1467 1539 ut

144 1561 283 1601 quisque
298 1558 424 1590 Vitellio
442 1556 543 1595 fidus,
560 1556 606 1588 ita
628 1565 740 1597 pacem
760 1557 793 1586 et
809 1555 1009 1587 conditiones
1025 1555 1213 1586 abnuebant
1225 1579 1233 1594 ‚
1256 1568 1271 1583 κ
1290 1555 1465 1587 discrimen

147 1620 162 1636 οι
180 1616 218 1638 ac
239 1607 378 1637 dedecus
392 1618 406 1632 υ
437 1605 655 1642 ostentantes,
676 1616 691 1630 «
711 1605 743 1634 et
770 1602 864 1633 fidem
886 1602 919 1633 in
941 1602 1075 1633 libidine
1096 1602 1239 1633 victoris.
1261 1611 1322 1634 nec
1341 1603 1464 1634 tantam

148 1667 163 1682 κ
181 1653 374 1693 Vespasiano
394 1651 578 1691 superbiam
591 1674 599 1689 ‚
623 1652 660 1680 ut
683 1648 870 1689 privatum*
896 1648 1063 1680 Vitellium
1087 1652 1250 1689 pateretur
1271 1659 1278 1680 ε
1297 1658 1337 1681 ne
1361 1650 1466 1682 victos

147 1713 163 1729 «
180 1700 311 1740 quidem
334 1699 465 1729 laturos.
490 1698 535 1728 ita
556 1697 735 1738 periculum
748 1705 788 1727 ex
812 1696 1067 1728 misericordia2.
1085 1696 1192 1736 ipsum
1215 1705 1292 1728 sane
1307 1705 1417 1729 senem
1433 1699 1465 1728 et

147 1761 164 1776 «ι
183 1746 342 1786 prosperis
364 1745 572 1785 adversisque
598 1746 748 1776 satiatum
770 1753 777 1774 :
795 1745 852 1776 sed
873 1744 960 1784 quod
977 1752 1094 1774 nomen
1109 1768 1118 1782 ,
1140 1752 1234 1783 quem
1259 1746 1379 1776 statum
1399 1746 1465 1778 filio

148 1809 162 1825 «
180 1797 250 1834 ejus
270 1794 456 1826 Germanico
473 1793 563 1826 fore?
583 1803 669 1825 nunc
690 1793 859 1833 pecuniam
883 1794 915 1823 et
934 1791 1087 1822 familiam
1104 1792 1136 1821 et
1152 1791 1264 1823 beatos
1280 1793 1465 1833 Campaniae

147 1856 163 1871 «
180 1843 269 1872 sinus
284 1841 427 1881 promitti
446 1851 453 1870 :
470 1841 525 1872 sed
541 1841 596 1872 ubi
612 1842 784 1882 imperium
803 1841 1019 1880 Vespasianus
1032 1840 1204 1878 invaserit,
1220 1849 1285 1870 non
1302 1840 1380 1880 ipsi,
1398 1850 1464 1873 non

147 1902 161 1916 «
179 1889 293 1920 amicis
309 1889 377 1927 ejiis
391 1912 399 1926 ‚
417 1897 483 1919 non
499 1888 639 1928 denique
661 1887 860 1919 exercitibus
876 1887 1081 1919 securitatem
1099 1887 1160 1918 nisi
1183 1887 1346 1918 exstincto
1362 1896 1463 1920 aemu-

146 1949 161 1964 «
181 1937 281 1967 latore
307 1934 494 1966 redituram.
520 1935 656 1966 Fabium
686 1935 749 1966 illis
765 1934 933 1966 Valentem
961 1935 1127 1975 captivum
1151 1936 1183 1965 et
1205 1934 1332 1966 casibus
1355 1935 1465 1968 dubiis

146 1995 159 2010 a
180 1984 377 2013 reservatum
389 1981 400 1999 ³
421 1991 618 2023 praegravem
640 1983 738 2015 fuisse
753 1993 761 2014 ε
781 1982 899 2015 nedum
916 1982 1042 2014 Primus
1057 1991 1094 2013 ac
1107 1985 1230 2013 Fuscus
1251 1985 1282 2014 et
1299 1982 1463 2023 specimen

147 2042 161 2057 «
179 2029 320 2069 partium
338 2029 506 2061 Mucianus
522 2030 619 2062 ullam
635 2031 667 2062 in
682 2031 848 2063 Vitellium
863 2030 927 2062 nisi
944 2029 1114 2062 occidendi
1129 2029 1292 2060 licentiam
1309 2029 1459 2061 habeant.

147 2088 162 2103 «ι
181 2084 245 2106 non
261 2085 278 2106 a
292 2080 414 2108 Caesare
427 2077 630 2118 Pompeium,
648 2087 712 2109 non
725 2078 766 2109 ab
779 2080 921 2118 Augusto
934 2077 1109 2109 Antonium
1127 2076 1306 2109 incolumes
1319 2076 1461 2116 relictos,

146 2183 173 2187 —-
186 2175 208 2193 4.
218 2171 261 2194 Sc.
272 2170 433 2199 Campaniae.

175 2205 262 2229 LXtV.
279 2211 301 2229 ι.
317 2206 414 2229 Eorum
428 2206 474 2236 qui
487 2206 524 2230 ita
535 2209 646 2231 monent
663 2207 855 2232 Sabinum-2.
869 2206 956 2231 Multo
970 2206 1064 2236 magis.

174 2240 214 2263 Lx
221 2240 250 2263 V.
266 2245 285 2263 i.
311 2240 415 2264 Credit.
435 2241 450 2264 J
454 2243 550 2265 uverat
568 2241 680 2266 fratrem
696 2245 842 2272 antequam
854 2242 935 2272 plane
947 2242 1040 2265 rueret
1053 2241 1110 2270 ejus
1128 2240 1202 2270 fides,
1225 2241 1273 2265 sed
1284 2242 1399 2272 pignore
1412 2251 1459 2270 ae-

144 2276 234 2303 cepto.
244 2279 303 2298 -oe-
317 2276 447 2299 Nimirum
463 2276 586 2301 salutem
601 2277 710 2302 Vitellio
725 2279 753 2302 et
769 2278 873 2302 milltes
886 2275 1058 2304 sestertium,
1074 2276 1187 2300 sueton.
1199 2281 1222 2300 c.
1242 2282 1337 2302 {sa-³.
1354 2279 1393 2303 De
1405 2285 1466 2311 quo·

144 2309 176 2335 11,
192 2314 281 2333 δᾶν-4.
297 2311 405 2333 Poetam
418 2310 481 2335 belli
497 2313 596 2341 Punici,
609 2313 682 2342 quod
694 2319 805 2337 carmen
820 2314 915 2337 exstat.
1218 2342 1224 2345 ,

174 2344 261 2368 LXVI.
275 2346 337 2368 i.Et
347 2346 398 2368 sibi
411 2346 564 2375 subjectum
578 2349 714 2377 quondam
727 2350 940 2379 Principem—2.
954 2348 1018 2377 Quae
1029 2348 1109 2371 atam
1122 2347 1231 2378 indigna
1243 2348 1399 2373 conditione
1407 2355 1458 2380 per

141 2381 258 2403 mortem
271 2384 332 2403 eum
348 2380 465 2405 liberare
485 2384 639 2412 (καρῖδι-5.
657 2384 690 2408 Ut
704 2390 753 2414 per
766 2389 837 2415 eum,
857 2384 880 2408 si
897 2389 942 2408 res
963 2382 1032 2407 male
1049 2383 1176 2411 caderet,
1190 2384 1297 2407 veniam
1317 2389 1333 2408 a
1346 2383 1454 2410 vitellio
