1539 2668
521 165 616 195 vrrA
638 165 738 194 JULu
760 165 975 195 AGRICOLAE.
1359 165 1418 195 441

100 249 297 283 quamquam
321 240 426 272 medio
443 240 476 271 in
497 239 600 280 spatio
623 239 754 278 integrae
769 238 874 270 aetatis
887 240 1020 278 eruptus
1032 262 1041 277 ‚
1056 238 1213 278 quantum
1231 239 1270 270 ad
1288 240 1420 279 gloriam

100 288 321 328 longissimum
339 296 445 319 :evum
461 287 582 327 peregit
601 295 608 316 ε
626 286 746 326 quippe
764 287 797 317 et
813 294 888 317 vera
905 285 1011 323 bona,
1028 294 1101 325 quae
1119 286 1151 315 in
1167 285 1343 319 virtutibus
1361 289 1423 321 sita

99 338 189 373 sunt,
218 335 427 375 impleverat-'³
456 336 488 365 et
510 333 692 369 consulari,
717 342 753 363 ac
777 332 1028 372 triumphalibus
1049 332 1245 363 ornamentis
1268 334 1422 377 praedito,

99 382 174 421 qnid
195 381 279 412 alind
299 381 464 412 adstruere
480 382 621 411 Fortuna
636 381 788 419 poterat?
803 379 928 419 Opibus
950 379 1058 410 nimiis
1076 388 1139 409 non
1153 379 1332 420 gaudebat,
1350 391 1422 422 spe-

103 429 195 460 ··i‹)sae
210 438 275 459 non
289 429 487 467 contigerant
499 427 524 458 θ.
544 427 607 457 tilia
624 429 719 466 atque
736 436 835 457 uxore
853 426 1078 466 superstitibus
1093 427 1198 466 potest
1212 427 1312 458 videri
1325 429 1423 460 etiam

101 473 213 507 beatus
227 500 235 515 ‚
251 475 404 506 incolumi
421 474 574 513 dignitate
585 497 593 511 ‚
611 473 743 504 ssorente
758 474 842 504 sarna
854 498 863 513 ,
878 473 975 504 salvis
990 472 1200 504 affinitatibus
1213 476 1245 504 et
1258 475 1424 516 amicitiis,

102 521 210 553 sutura
228 522 387 562 effugisse.
411 530 485 552 narn
509 521 604 552 sicuti
620 520 734 551 durare
749 520 781 550 in
797 521 857 551 liae
878 520 1051 551 beatissimi
1073 520 1170 551 seculi
1187 520 1260 552 luce
1282 531 1319 552 ac
1334 522 1424 553 Prin-

99 569 203 608 cipem
221 569 392 608 Trajamnn
411 569 518 599 videre
530 593 538 607 ,
558 568 643 608 quod
658 567 811 607 augurio'l
834 567 980 608 votisque
995 567 1081 608 apud
1098 569 1223 599 nostras
1241 577 1333 600 aures
1347 569 1426 600 omi-

101 616 273 654 nabatnrss,
287 616 332 646 ita
353 616 511 647 festinatae
530 615 641 646 mortis
657 615 776 654 grande
789 615 938 646 solatium
956 613 1050 654 tulit,
1066 615 1206 646 evasisse
1225 618 1426 654 postremum

102 662 177 693 illud
192 665 335 703 tempus,
353 673 417 702 qno
436 663 640 694 Domitianus
659 671 720 692 non
737 662 801 701 jam
821 671 875 701 per
890 662 1060 692 intervalla
1078 670 1115 692 ac
1130 661 1329 701 spiramenta
1341 663 1426 694 tem-

100 718 214 750 porum
226 734 234 749 ,
252 709 308 740 sed
325 710 477 740 continuo
493 712 525 740 et
542 709 630 740 velut
646 717 709 739 uno
726 708 790 739 ictu
807 708 1038 748 rempublicam
1056 708 1215 739 exhausit.

141 760 230 788 XLv.
250 761 319 788 Non
336 757 418 787 vidit
434 756 574 796 Agricola
598 756 757 787 obsessam
777 756 900 786 curiam
918 757 950 787 et
971 755 1116 786 clausum
1139 755 1238 786 armis
1256 756 1426 796 senatum,

101 806 133 834 et
150 803 261 835 eadem
278 806 382 843 strage
403 806 451 834 tot
473 803 690 834 consularium
708 802 811 834 caedes
825 826 834 841 ‚
857 804 905 834 tot
930 802 1206 833 nobilissimarum
1231 803 1427 834 seminarum

101 850 212 881 exsilia
229 853 262 881 et
279 851 368 890 sugas
387 851 409 880 ¹.
433 859 495 881 una
512 850 618 881 adbuc
638 850 771 880 victoria
794 854 892 881 Carus
909 850 1024 881 Metius
1037 848 1047 866 ²
1070 850 1275 889 censebatur,
1296 851 1328 881 et
1344 850 1429 882 intra

101 897 254 928 Albanam
270 906 374 928 arcem
387 897 397 914 ³
415 897 574 928 sententia
588 897 750 928 Messalini
763 896 938 936 strepebat,
954 898 985 927 et
1002 900 1107 927 Massa
1120 897 1236 928 Bebius
1250 896 1258 914 ⁴
1277 897 1343 936 jam
1358 898 1430 928 tum

102 952 174 975 reus
187 946 266 975 erat.
286 953 359 975 mox
379 945 519 976 nostrae⁵
538 944 661 975 duxere
676 943 861 975 Helvidium
880 943 911 974 in
927 952 1089 974 carcerem
1106 952 1220 974 manus
1240 953 1246 973 z
1266 953 1325 975 nos
1343 948 1429 975 Mau-

102 991 159 1022 rici
184 991 398 1031 Rusticiquess
426 991 537 1031 visus,
558 1000 616 1021 nos
640 991 803 1021 innocenti
827 990 981 1029 sanguine
1007 990 1138 1022 Senecio
1164 990 1318 1030 perfudit.
1346 994 1429 1021 Nero

101 1039 209 1069 tamen
234 1038 394 1069 subtraxit
408 1039 517 1069 oculos
534 1048 610 1069 suos
629 1037 792 1077 jussitque
812 1036 933 1067 scelera
946 1060 954 1075 ,
975 1046 1038 1067 non
1061 1038 1219 1077 spectavit
1238 1047 1244 1067 :
1264 1037 1429 1078 praecipua

103 1085 162 1115 snb
191 1086 376 1116 Domitiano
400 1085 597 1117 miseriarum
624 1094 696 1124 pars
723 1086 790 1115 erat
809 1083 936 1115 videre⁷
964 1087 995 1115 et
1014 1084 1148 1124 auspici,
1172 1094 1272 1124 quum
1291 1084 1431 1124 suspiria

104 1135 212 1163 nostra
229 1132 505 1163 subscriberentur
517 1132 543 1171 ⁸,
562 1141 661 1172 quum
680 1131 869 1162 denotandis
888 1132 936 1162 tot
955 1131 1124 1162 hominum
1145 1132 1318 1171 palloribus
1340 1132 1431 1162 susti·

105 1181 192 1210 ceret
208 1188 314 1210 saevus
333 1179 385 1210 ille
400 1180 510 1211 vultus
526 1181 557 1210 et
572 1179 668 1209 rubor
678 1180 705 1217 ⁴³,
723 1188 787 1218 quo
803 1187 836 1208 se
854 1180 967 1208 contra
981 1178 1135 1218 pudorem
1145 1179 1324 1210 muniebat.

145 1229 192 1257 Tu
211 1235 285 1256 vero
307 1226 380 1257 t'clix
393 1250 401 1265 ‚
418 1226 578 1265 Agricola,
595 1235 657 1256 non
672 1226 748 1256 vitae
762 1227 889 1256 tantum
907 1225 1051 1255 claritate
1063 1250 1071 1263 ‚
1093 1226 1148 1256 sed
1165 1226 1262 1257 etiam
1280 1225 1432 1265 opportu-

106 1273 205 1304 nitate
220 1273 333 1304 mortis
345 1298 352 1311 ‚
369 1276 405 1304 ut
427 1273 596 1312 perbibent
613 1272 668 1312 qni
687 1272 907 1302 interfuerunt
922 1272 1107 1302 novissimis
1126 1272 1328 1303 sermonibus
1344 1272 1409 1304 tuis
1420 1296 1431 1312 ,

106 1321 257 1351 constans
278 1322 309 1350 et
326 1319 428 1350 libens
449 1320 550 1350 satum
569 1319 741 1359 excepisti;
762 1321 928 1358 tamqnam
952 1327 1010 1358 pro
1029 1319 1111 1350 virili
1133 1320 1280 1360 portione
1295 1319 1321 1337 ¹⁰
1342 1319 1433 1350 inno-

105 1366 242 1397 centiam
259 1366 394 1406 principi
410 1367 558 1398 donares.
578 1366 633 1397 sed
653 1366 732 1396 mihi
753 1366 892 1405 tiliaeque
906 1365 975 1404 ejus
988 1390 996 1404 ‚
1017 1369 1135 1406 praeter
1152 1366 1359 1398 acerbitatem
1375 1374 1433 1406 pa-

107 1413 206 1444 rentis
220 1414 321 1453 erepti
335 1438 343 1453 ,
358 1416 453 1452 auget
467 1413 655 1444 moestitiam
666 1437 674 1444 .
693 1412 777 1444 ouod
793 1412 929 1444 assidere
943 1412 1137 1452 valetudini,
1157 1413 1265 1445 fovere
1284 1413 1431 1444 deficien-

104 1461 183 1499 tem,
201 1461 310 1491 satiari
324 1461 418 1491 vultu
435 1462 670 1500 complexuque
684 1469 747 1491 non
763 1460 909 1497 contigit.
928 1460 1165 1499 excepissemus
1182 1464 1267 1491 certe
1282 1461 1434 1491 mandata

104 1515 265 1547 vocesque
281 1532 290 1547 ,
318 1516 397 1548 quas
424 1509 553 1548 penitus
579 1517 685 1539 annno
715 1514 898 1547 ingeremus.
927 1509 1036 1537 noster
1066 1507 1117 1538 liic
1145 1507 1237 1538 dolor
1249 1532 1258 1547 ,
1284 1510 1432 1539 nostrum

104 1554 222 1585 vulnus
237 1564 244 1585 z
260 1554 353 1585 nobis
370 1558 436 1586 tam
454 1555 555 1595 longae
574 1555 729 1586 absentiae.
744 1554 926 1585 conditione
940 1554 1015 1584 ante
1028 1554 1278 1594 quadriennium
1294 1557 1433 1586 amissus

104 1608 150 1631 es.
169 1601 277 1632 omnia
299 1601 368 1633 sine
384 1602 483 1632 dubio
497 1625 505 1640 ‚
531 1602 655 1642 optime
679 1604 870 1641 parentum,
895 1601 1055 1632 assidente
1076 1602 1297 1632 amantissima
1315 1611 1432 1641 uxore,

105 1649 293 1688 superfuere
308 1649 421 1680 honori
437 1652 492 1680 tuo
511 1659 518 1679 ε
540 1649 749 1689 paucioribus
765 1652 871 1680 tamen
887 1649 1029 1679 lacrimis
1045 1650 1243 1689 compositus
1260 1658 1294 1679 es
1307 1674 1315 1688 ,
1333 1650 1365 1680 et
1380 1658 1436 1680 no-

104 1695 236 1726 vissima
250 1696 280 1726 in
298 1696 367 1726 luce
384 1696 607 1727 desideravere
622 1696 742 1736 aliquid
762 1696 849 1727 oculi
865 1695 925 1727 tui.

106 1815 227 1839 crab—6.
239 1815 315 1843 Quod
327 1815 443 1838 testatur
457 1816 536 1839 etiam
551 1816 598 1839 Dio
613 1816 718 1839 Cassius
732 1816 816 1843 LXVI,
829 1820 921 1839 20.—7.
934 1816 1059 1845 Augur-iis
1070 1816 1125 1844 jam
1139 1822 1162 1839 a.
1178 1821 1220 1839 ou
1234 1817 1436 1841 monstrabatur

105 1850 250 1878 'ri-ajanus2
264 1849 342 1876 Ptin..
359 1851 509 1879 l’aneyyr.¹
524 1856 547 1873 c.
562 1857 638 1874 5.—-c.
655 1851 720 1874 Addi
737 1851 868 1878 debebat,
887 1859 900 1871 u
915 1851 938 1873 ei
953 1857 1006 1874 non
1023 1851 1099 1874 licuit
1111 1860 1125 1870 n
1138 1857 1143 1873 :
1158 1857 1272 1880 quorum
1288 1853 1435 1877 verborum

105 1885 239 1908 sententia
260 1886 417 1914 concipitur
431 1886 559 1914 subjectis
577 1886 620 1909 ita
634 1891 821 1910 FESTmATffi
835 1887 955 1909 mortis:
970 1886 1144 1909 nibilominus
1165 1886 1222 1909 lia-c
1243 1886 1343 1916 ellipsis
1357 1889 1437 1913 Taci-

106 1921 210 1943 tcarum
225 1920 370 1943 durissima
389 1921 470 1944 roret.

135 1955 210 1978 XLV.
232 1960 250 1977 ι.
269 1955 322 1978 Vid.
339 1957 448 1979 sueton.
464 1962 485 1980 c.
500 1961 535 1983 ιο,
551 1956 664 1979 Plinium
682 1956 771 1984 Epist.
788 1956 829 1983 ΙΙΙ,
846 1961 882 1979 ii.
893 1968 921 1972 -
935 1960 960 1979 2.
978 1956 1183 1980 Famosissirnus
1198 1957 1315 1985 delator,
1331 1958 1375 1987 qui
1389 1958 1440 1983 ilio

106 1990 228 2018 tempore
251 1996 333 2014 unum
356 1991 442 2015 solum
465 1993 645 2020 perverterat.
658 2005 685 2008 —
697 1997 716 2014 5-
741 1991 836 2014 Villam
861 1991 990 2014 Albanam
1013 1992 1171 2020 Domitiani,
1195 1993 1240 2021 qui
1257 1994 1383 2017 senatum
1403 2001 1436 2019 eo

105 2030 298 2054 nonnunquam
315 2026 441 2055 vocabat,
456 2028 485 2050 et
494 2026 540 2050 ubi
552 2026 674 2051 Catullus
684 2026 843 2050 Messalinus
857 2026 1006 2050 accusabat
1019 2027 1117 2050 honos*
1133 2028 1171 2050 Dc
1186 2033 1218 2050 eo
1233 2027 1333 2052 Plinius
1346 2028 1436 2058 Epist.

105 2061 149 2089 lv,
165 2066 203 2089 22,
222 2062 250 2084 et
260 2061 397 2088 Juvenal..
417 2062 457 2086 1v.
473 2067 537 2085 ¹15:

313 2096 419 2120 Grande
431 2098 458 2120 et
470 2097 645 2127 conspicuum
660 2098 755 2121 nostro
769 2103 876 2127 quoque
890 2098 1014 2127 tempore
1029 2098 1189 2121 monstrum.

105 2135 157 2154 -⁴.
172 2131 334 2154 Procurator
349 2132 453 2160 Africae,
469 2133 599 2156 exitiosus
617 2135 644 2156 et
658 2132 806 2156 multorum
820 2133 953 2156 malorum
969 2138 1066 2159 causa;
1083 2139 1107 2155 v.
1123 2133 1200 2156 Hist.
1217 2133 1255 2157 1v.
1271 2138 1343 2156 iso.—
1355 2140 1377 2157 ις.
1391 2135 1435 2159 Se-

104 2167 242 2190 natorum.
258 2167 357 2191 Plinius
372 2168 405 2191 de
419 2173 450 2190 ea
464 2173 503 2196 re,
519 2167 610 2197 Epist.
628 2168 678 2196 lx,
696 2173 721 2191 ¹3
736 2174 742 2191 ι
757 2177 771 2187 «ε
784 2170 856 2192 tntcr
870 2168 953 2191 multa
970 2167 1072 2192 scelera
1087 2168 1232 2192 inultorum
1247 2168 1350 2192 nullum
1364 2172 1436 2195 atro-

104 2208 120 2219 n
134 2200 190 2224 cius
204 2201 346 2226 videbatur
360 2208 440 2231 quam
455 2202 526 2231 qnod
541 2203 568 2226 in
578 2205 675 2226 senatu
689 2204 801 2227 senator
814 2204 932 2226 senatori
945 2222 951 2231 ,
965 2204 1109 2232 praetorius
1125 2202 1276 2230 consulari,
1291 2209 1338 2227 rco
1353 2204 1435 2228 index

104 2243 118 2254 «ι
134 2235 278 2265 (Publicius
292 2238 395 2266 Certus)
414 2243 510 2262 manus
529 2237 672 2262 intulisset.
684 2247 698 2259 n
712 2238 852 2262 Helvidius
872 2238 914 2261 bic
933 2238 1003 2261 filius
1023 2239 1081 2261 crat
1102 2238 1219 2262 Helvidii
1239 2244 1253 2262 a
1270 2239 1435 2268 vespasiano

104 2269 252 2299 interfecti,
267 2271 300 2295 dc
314 2278 367 2301 quo
381 2278 462 2302 supra
475 2278 499 2296 c.
513 2277 565 2296 2.-
575 2278 600 2298 e.
615 2273 647 2296 Hi
661 2273 760 2297 tratres
774 2274 853 2297 erant
866 2273 936 2297 Junii
949 2279 956 2296 z
971 2273 1106 2296 Mauricus
1120 2273 1145 2296 in
1159 2273 1280 2296 exsilium
1295 2275 1386 2303 actus;
1401 2273 1435 2297 de

106 2310 139 2329 eo
153 2304 264 2334 minim,
284 2306 372 2335 Epist.
393 2307 444 2337 ill,
461 2313 502 2336 ¹¹}
518 2308 561 2337 lv,
581 2312 620 2332 22.
647 2309 685 2331 De
706 2308 815 2332 Aruleni
836 2308 937 2331 Rustici
958 2309 1044 2331 morte
1064 2313 1091 2331 v.
1112 2313 1192 2337 snpra
1213 2314 1239 2331 c.
1259 2313 1290 2336 2,
1313 2309 1378 2332 item
1400 2308 1434 2332 de

106 2339 242 2363 Herennio
253 2341 411 2366 Senecione.
426 2355 455 2360 —
465 2347 487 2366 7.
502 2343 683 2367 Domitianum
700 2344 792 2367 videre
805 2349 866 2367 reos
880 2345 908 2366 et
920 2344 1006 2372 ipsum
1021 2343 1133 2372 adspici.
1145 2355 1173 2360 »-
1184 2349 1205 2366 3.
1222 2344 1251 2366 tn
1265 2343 1434 2369 delationum

105 2373 213 2398 libellos
226 2375 382 2406 subscriptis
395 2378 509 2402 testibus
523 2378 752 2402 refer-remun—o.
767 2379 816 2408 Qui
832 2378 911 2402 tacite
925 2378 1088 2402 nascebatur
1103 2378 1269 2408 Domitiano,
1284 2379 1327 2402 cui
1340 2379 1370 2403 in
1384 2384 1433 2402 oro

107 2409 287 2440 impudentia
300 2412 391 2437 multo
402 2413 508 2438 rubore
523 2414 648 2443 suffusa,
667 2414 765 2438 Plinius
778 2414 918 2443 Paneyyr.
934 2419 957 2438 c.
972 2418 1079 2438 ηιμ-ιο.
1094 2414 1229 2443 Quantum
1243 2413 1271 2436 ln
1286 2414 1313 2437 te
1326 2413 1386 2438 tuit.

1228 2467 1287 2504 ¹9.
