1539 2668
111 187 172 217 562
503 185 637 215 TACITI
659 184 870 213 ANNALIUM
892 186 965 213 LIB.
990 185 1056 213 XII.

426 363 624 413 LIBER
647 362 1107 414 DUODECIMUS.

619 535 865 566 ARGUMENTU
872 538 912 565 M.

134 605 197 634 Cap.
218 609 227 627 ι
243 603 271 627 et
283 607 306 627 2.
321 601 448 625 Claudius
463 601 495 624 de
507 601 682 625 matrimonio
696 607 756 625 cum
771 601 877 626 libertis
892 602 1033 626 deliberat.
1048 614 1078 619 —-
1093 607 1117 626 3.
1140 602 1297 631 Agrippina,
1323 602 1438 626 Germa-

104 641 159 665 nici
177 639 268 664 fratris
283 639 340 667 ejus
354 638 416 661 iilia.
431 637 491 660 aliis
508 637 628 667 praelatn‚
643 638 669 661 L.
681 638 781 666 Silam),
798 638 841 661 cui
860 638 997 667 desponsa
1026 638 1149 665 Octavia.
1165 638 1276 661 insidias
1302 638 1394 665 struit,
1409 650 1437 653 —

105 682 126 701 ι.
145 675 303 699 administro
322 672 439 699 vitellio,
453 684 481 688 —
495 678 563 696 5-7.
586 674 661 701 cujus
679 673 783 697 artibus
798 674 902 697 inducti
924 674 1035 696 senatus
1062 674 1234 703 populusque
1250 673 1367 696 infames
1384 678 1437 696 nu-

103 712 173 741 ptias
187 710 311 739 probant.
326 720 353 725 —
370 714 391 731 e.
404 707 509 732 Silanus
535 710 651 732 mortem
676 708 726 732 sibi
742 708 898 732 consciscit.
920 709 1026 732 Seneca
1054 708 1087 732 ab
1109 708 1203 731 exsilio
1227 708 1313 731 redux
1339 708 1438 731 studiis

104 747 219 770 Neronis
231 745 336 774 praeest,
351 757 379 760 -
390 748 414 770 9,
429 745 473 768 cui
486 744 674 773 despondetur
685 744 811 767 Octavia.

137 788 174 805 ιο.
196 780 288 805 Parthi
306 785 399 809 regem
412 780 494 803 Roma
510 781 607 808 petunt
622 780 856 807 Meherdatem‚—
870 784 905 802 ιι.
921 785 1001 808 quem
1016 779 1124 802 missum
1139 785 1153 802 a
1165 778 1275 803 Claudio
1289 778 1394 803 Cassius
1408 777 1437 800 in

103 822 218 847 regnum
232 816 332 838 duccrc
344 817 469 838 conatur.
485 827 514 831 —
528 820 561 838 ια.
580 815 671 838 obstat
684 814 758 838 fraus
775 815 873 838 Acbari
887 828 911 831 —
933 820 967 837 ιε’».
984 816 1011 838 et
1026 814 1114 838 Izatis.
1129 827 1156 831 —
1170 819 1205 838 ιι.
1225 814 1314 837 victus
1325 812 1436 837 Meher-

102 855 180 878 dates
193 851 301 875 Gotarzi
315 851 441 874 traditur.
457 850 510 873 hoc
534 851 642 873 mortuo
661 856 775 879 regnum
795 851 822 873 in
837 851 986 877 Vononem,
1007 849 1069 873 dein
1085 849 1237 878 Vologesen
1255 848 1431 873 transfertur-

103 901 133 907 —
145 894 181 912 ¹5.
196 886 355 914 Mithridati,
370 891 483 914 regnum
499 886 576 909 Ponti
589 891 753 913 recuperare
767 886 834 912 niso,
846 886 959 908 Romani
974 885 1103 908 resistunt
1117 886 1144 908 et
1157 886 1240 914 Cotys
1255 886 1283 908 et
1296 884 1433 908 Eunones.

103 936 134 941 —
149 928 186 947 ir».
200 923 270 951 Uspe
283 921 351 944 urbe
364 922 452 950 capta,
466 934 496 937 —
512 925 547 944 ι7.
565 921 690 944 Zorsines
705 920 808 944 descrit
822 920 1014 949 Mithridatem,
1033 921 1078 949 qui
1094 933 1121 936 —
1137 925 1172 944 ¹8.
1193 919 1308 949 supplex
1330 918 1436 944 Eunoni

105 971 133 977 -
150 963 247 982 ιθραι.
266 962 314 986 per
329 962 389 979 cum
407 962 421 979 a
438 956 561 985 Principe
572 956 679 979 veniam
695 956 823 984 impetrat
838 957 1004 985 Romamque
1019 956 1188 985 perducitur.

133 998 171 1018 ξε.
191 992 344 1022 Agrippinae
358 991 461 1015 artibus
477 991 559 1014 Lollia
572 991 670 1014 cedere
686 991 760 1014 ltalia
770 991 890 1019 jubetur,
903 991 1047 1019 Calpurnia
1061 990 1273 1019 pervertitur.ss
1286 995 1320 1013 23.
1336 988 1437 1014 salutis

103 1029 256 1059 augurium.
274 1028 435 1057 pomcerium
450 1027 529 1051 Urbis
551 1026 697 1056 prolatum,
713 1039 737 1042 —
755 1031 791 1050 24.
810 1028 837 1049 et
857 1027 902 1055 qui
923 1026 986 1049 olim
1009 1026 1184 1055 protulerint.
1197 1038 1225 1042 —-
1238 1030 1277 1049 25.
1294 1026 1367 1049 Nero
1381 1026 1435 1048 bo-

103 1066 196 1089 mitius
209 1070 225 1087 a
236 1063 348 1087 Claudio
362 1063 508 1092 adoptatur
523 1064 689 1086 auctoritate
711 1062 845 1086 Pallantis.
858 1075 885 1078 —
899 1067 936 1086 26.
964 1062 1134 1085 Britannicus
1157 1062 1312 1090 depressus.
1328 1074 1355 1077 —
1366 1065 1393 1084 ¹27
1407 1061 1436 1084 et

102 1105 142 1125 28.
159 1099 268 1123 Colonia
286 1100 313 1122 in
329 1098 409 1122 Ubios
422 1098 546 1121 deducta.
565 1098 655 1121 Chatti
669 1097 810 1121 latrocinia
821 1098 958 1127 agitantes
969 1098 1125 1121 vincuntur.
1141 1109 1169 1113 —
1179 1102 1208 1120 2¹.»
1219 1098 1246 1120 et
1263 1102 1300 1120 50.
1314 1097 1435 1120 Vannius

101 1136 253 1161 suevorum
268 1139 315 1157 rex
327 1140 341 1156 a
355 1133 409 1156 suis
423 1133 523 1161 pulsus.

132 1176 171 1194 5¹.
189 1171 218 1193 In
235 1168 371 1192 Britannia
384 1168 528 1191 turbantes
547 1167 668 1197 reprimit
682 1167 805 1191 Ostorius
825 1167 929 1195 [cr-nos,
944 1179 972 1183 —
983 1172 1019 1189 52.
1036 1167 1151 1195 Gangas,
1169 1166 1322 1196 Brigantes.
1335 1179 1363 1183 -
1377 1172 1437 1191 55-

101 1211 140 1230 55.
156 1204 274 1228 Silurum
289 1209 381 1232 regem
396 1203 576 1225 Caractacum
594 1203 688 1225 vincit.
703 1207 777 1225 —5e.
793 1203 814 1225 is
828 1204 939 1225 Romam
956 1202 1105 1231 perductus
1117 1214 1143 1217 ἡ
1158 1206 1194 1224 57.
1212 1202 1330 1226 mascule
1351 1202 1437 1226 Caesa-

103 1247 160 1265 rem
176 1239 320 1268 alloquitur
333 1239 360 1261 ct
371 1238 477 1261 veniam
492 1238 628 1266 impetrat.
641 1250 669 1253 —
680 1243 708 1260 58
720 1238 746 1261 ct
757 1243 797 1261 39.
813 1237 934 1261 Britanni
947 1237 1017 1260 vires
1030 1238 1169 1266 reparant.
1180 1237 1302 1260 Ostorius
1316 1237 1437 1261 obtentis

103 1275 238 1304 triumphi
250 1273 401 1304 insignibus
418 1273 483 1297 obit.
500 1286 527 1289 —
538 1278 577 1296 ιο.
596 1273 621 1296 ei
636 1273 727 1296 Didius
746 1273 888 1297 suffectus.
908 1272 1010 1297 bellum
1028 1273 1189 1296 intestinum
1205 1273 1313 1297 Venutii
1328 1273 1357 1296 et
1371 1273 1435 1296 Car-

102 1310 271 1335 tismanduae.

136 1353 174 1371 tii.
194 1345 298 1369 Neroni
324 1343 408 1367 virilis
433 1345 500 1373 toga·
520 1345 687 1373 maturatur,
713 1343 869 1373 posthabito
895 1343 1062 1367 Britannico.
1078 1355 1105 1359 —
1122 1348 1162 1367 42.
1186 1344 1287 1367 Burrus
1306 1342 1434 1373 praetorio

102 1383 255 1414 plait-ctus.
271 1380 425 1409 Agrippinae
438 1380 608 1409 arrogantia.
623 1379 729 1402 Vitellio
744 1380 825 1403 favet.
839 1392 867 1395 -
884 1384 922 1402 ‘13-
941 1378 1063 1407 Prodigia
1079 1379 1176 1402 Roniae.
1195 1379 1295 1402 caritas
1309 1383 1435 1402 annonae.

136 1425 146 1441 >i
156 1422 231 1440 s—47.
244 1415 344 1439 Bellum
359 1415 502 1438 Armenios
514 1416 584 1438 inter
595 1416 622 1438 ct
638 1414 740 1438 Iberos.
757 1414 943 1438 Rhadamistus
958 1413 1146 1437 Pharasmanis
1157 1414 1226 1437 filius
1238 1414 1333 1437 Iberus
1343 1413 1435 1443 specie

102 1454 212 1478 finieris
223 1451 411 1475 Mithridatem
432 1450 544 1478 invadit,
559 1449 654 1473 vinclis
668 1451 773 1477 onerat,
788 1450 926 1473 interimit.
939 1462 966 1466 —
978 1454 1017 1472 48.
1032 1449 1185 1477 Quadratus
1197 1450 1280 1478 Syriae
1292 1455 1389 1479 praeses
1401 1449 1436 1473 de

102 1491 207 1514 uitione
218 1486 359 1510 deliberat.
370 1498 398 1501 -
413 1490 448 1508 49.
464 1485 590 1514 Pelignus
608 1485 811 1509 Rhadamistum
827 1487 930 1508 temere
945 1485 1049 1514 regium
1061 1483 1165 1514 insigne
1177 1490 1284 1508 sumere
1298 1485 1435 1509 hortatur.

103 1538 130 1542 —
145 1529 184 1548 50.
203 1522 295 1547 Parthi
306 1521 459 1545 Armeniam
475 1520 616 1544 invadunt.
627 1533 654 1536 —-
668 1526 708 1544 si.
727 1520 918 1545 Rhadamistus
932 1526 946 1543 a
961 1520 1015 1543 suis
1026 1518 1144 1548 pellitur.
1156 1520 1273 1544 Zenobia
1287 1521 1387 1550 conjux
1399 1519 1434 1544 ab

103 1565 137 1585 eo
155 1558 298 1582 vulnerata
308 1562 379 1586 aegre
393 1557 525 1579 servatur.

134 1600 174 1619 52.
194 1593 288 1617 Furius
312 1592 504 1616 Scribonianus
529 1591 673 1619 relegatus.
699 1592 745 1615 SC.
765 1591 798 1615 de
819 1591 1116 1615 mathematicis—53.
1141 1592 1186 1615 SC.
1203 1591 1379 1616 Claudianum
1400 1591 1436 1616 de

103 1630 212 1656 feminis
235 1634 294 1658 quae
318 1627 403 1650 servis
425 1628 667 1656 conjungerentur.
696 1627 823 1650 Adulatio
838 1628 865 1650 in
882 1627 1129 1650 Pallantein.—-54.
1146 1627 1221 1651 Felix
1244 1628 1271 1650 et
1295 1627 1435 1650 Ventidius

101 1665 219 1691 turbant
231 1663 359 1687 Judaeam.
373 1662 526 1691 Quadratus
539 1662 659 1691 quietem
674 1662 773 1685 reddit.
790 1674 817 1678 —
827 1667 863 1685 5:3-
880 1663 966 1685 motus
982 1662 1007 1684 in
1020 1661 1111 1685 Cilicia
1123 1662 1200 1686 sedat
1211 1668 1257 1685 rcx
1274 1662 1434 1686 Antiochus.

133 1706 172 1725 56.
186 1701 270 1724 Lacus
283 1698 399 1721 Fucinus
416 1698 528 1720 emissus
543 1699 572 1720 et
589 1698 615 1720 in
630 1703 662 1721 eo
682 1697 776 1720 navale
794 1697 980 1726 spectaculum
996 1702 1062 1720 ἤὶ47.
1075 1699 1102 1721 ct
1117 1698 1271 1721 convivium
1285 1703 1347 1721 cuin
1360 1698 1435 1726 peri-

104 1735 176 1761 culo.
191 1748 220 1752 —
230 1739 266 1757 58.
283 1733 356 1756 Nero
371 1733 447 1756 ducit
461 1733 612 1756 Octaviam.
625 1746 652 1749 —
663 1738 703 1756 59.
719 1732 841 1756 Statilius
860 1733 963 1756 Taurus
983 1738 1101 1756 eversus.
1113 1746 1142 1750 —-
1156 1738 1198 1756 oo.
1223 1734 1434 1762 procuratorum

103 1773 131 1796 in
145 1769 290 1801 provinciis
310 1769 459 1791 auctoritas
486 1769 577 1791 aucta.
590 1780 619 1785 —-
632 1773 669 1791 oi.
689 1769 749 1791 Cois
774 1774 905 1791 concessa
926 1768 1091 1791 immunitas.
1106 1773 1173 1792 —62
1193 1770 1221 1792 et
1239 1773 1279 1792 63.
1297 1769 1435 1798 Byzantiis

111 1806 233 1831 ributum
249 1804 281 1827 ad
297 1805 404 1832 tempus
419 1804 571 1826 remissum.
585 1804 642 1832 ejiis
657 1803 733 1827 urbis
745 1804 824 1826 situs.

137 1845 173 1864 64.
189 1839 315 1868 Prodigia
333 1839 487 1862 Claudiana}
508 1839 590 1862 necis.
604 1851 633 1855 —
649 1843 686 1861 ee..
708 1838 813 1867 Lepidae
827 1844 899 1861 mors
921 1837 1031 1861 indicta.
1049 1839 1169 1862 Narcissi
1183 1838 1275 1862 liberae
1292 1843 1386 1863 voces.
1406 1851 1435 1856 —-

100 1881 132 1901 es
144 1879 171 1900 et
184 1881 221 1899 ⁶⁷.
237 1874 375 1899 Claudium
393 1874 541 1902 Agrippina
556 1879 662 1897 veneno
678 1873 758 1897 tollit.
772 1887 799 1889 —
812 1878 850 1896 ea.
868 1874 938 1898 Nero
960 1874 1109 1903 primordia
1133 1874 1238 1904 imperii
1257 1875 1378 1905 capia—
1395 1878 1426 1898 69

103 1912 194 1936 Funus
208 1912 236 1934 et
250 1910 422 1933 consecratio
439 1908 553 1933 Claudii.

133 1948 214 1971 Gesta
231 1945 288 1969 baec
303 1945 379 1968 annis
395 1950 451 1973 sex,
463 1949 487 1973 p.
502 1944 564 1968 Chr.
582 1948 678 1968 [ιθ-ει.

698 2008 844 2018 ψ-

145 2063 170 2090 Ι.
194 2057 289 2089 Caede
303 2056 481 2088 Messalinae
501 2056 657 2088 convulsa
672 2056 830 2097 Principis
848 2056 985 2096 domus,
1012 2056 1084 2088 orto
1107 2055 1193 2096 apud
1214 2056 1347 2088 libertos
1367 2066 1434 2089 cer-

102 2106 226 2140 tamine
240 2105 314 2144 quis
333 2105 486 2143 deligeret
502 2113 636 2135 uxorein
654 2103 788 2135 Claudio
803 2126 812 2141 ,
835 2103 957 2134 caelibis
974 2102 1051 2134 vitae
1066 2103 1255 2135 intoleranti
1277 2104 1310 2135 et
1324 2104 1435 2144 conju-

103 2162 181 2193 gum
196 2150 338 2191 imperiis
348 2151 500 2182 obnoxio.
518 2160 577 2182 nee
591 2152 714 2183 minore
729 2150 855 2182 ambitu
871 2150 999 2181 feminae
1012 2152 1199 2181 exarserant
1216 2160 1222 2180 ς
1241 2159 1334 2182 suam
1350 2161 1436 2191 quae-

103 2208 167 2241 que
180 2198 394 2236 nobilitatem,
410 2197 560 2238 sormam,
574 2208 651 2238 opes
667 2197 860 2229 contendere
874 2198 879 2214 ¹
899 2206 935 2228 ac
948 2197 1078 2237 diguam
1092 2196 1102 2213 ²
1120 2198 1211 2228 tanto
1226 2198 1434 2231 matrimonio

103 2247 280 2280 ostentare.
302 2245 356 2276 sed
382 2245 523 2276 maxime
545 2245 768 2285 ambigebatur
787 2248 871 2276 inter
893 2244 1026 2275 Lolliam
1050 2244 1248 2284 Paullinam‚
1270 2249 1312 2276 M.
1341 2246 1434 2278 Lollii

102 2293 281 2326 consularis
296 2291 420 2332 [liliam]
431 2317 438 2331 ,
454 2294 487 2323 et
504 2293 620 2323 Juliam
633 2293 836 2333 Agrippinam
852 2291 1041 2323 Germanico
1052 2292 1192 2330 genitam
1209 2302 1215 2322 :
1232 2292 1308 2323 huie
1320 2293 1433 2333 Pallas,

105 2341 153 2374 illi
168 2340 316 2372 Callistus
334 2339 474 2370 fautores
492 2340 634 2371 aderant.
650 2342 684 2370 at
699 2340 773 2370 AElia
789 2339 900 2370 Petina
912 2363 920 2377 ‚
939 2347 956 2369 e
974 2338 1094 2369 familia
1110 2339 1331 2379 Tuberonum,
1355 2343 1434 2370 Nar-

104 2389 191 2421 cisso
212 2386 383 2418 fovebatur
400 2386 424 2417 ³.
454 2387 521 2427 ipse
546 2387 642 2419 modo
663 2388 726 2418 huc
750 2386 846 2417 modo
870 2386 964 2424 illuc,
990 2387 1027 2417 ut
1044 2394 1206 2426 quemque
1224 2386 1432 2419 suadentium

174 2452 197 2470 i.
212 2445 399 2475 Comparando
415 2445 557 2471 cxtollere.
574 2458 586 2462 ο
612 2450 637 2470 2.
655 2448 696 2470 Sc.
711 2452 748 2469 se.
761 2458 789 2462 -
799 2451 819 2469 a.
832 2445 952 2468 Narcissi
966 2445 1088 2468 favorem
1102 2445 1231 2470 habebat.

1536 622 1538 634 )
