1539 2668
105 181 166 212 270
477 178 611 208 TACITI
632 178 908 208 HISTORIARUM
931 177 1004 205 Llss.
1030 177 1056 206 1.

107 255 179 279 exitu
194 254 337 278 inhonesto
351 253 440 277 foedat.
451 266 480 270 --
490 258 527 276 73.
537 251 629 276 Galvia
639 250 789 281 Crispinilla
804 257 864 275 cum
879 250 948 274 mala
957 249 1156 274 Othonisiama
1164 249 1283 278 periculo
1295 250 1428 279 exempta.

106 303 136 309 —
146 294 182 314 7⁴.
195 289 333 318 Principes
344 290 438 312 mutuo
450 288 500 311 sibi
514 288 684 311 conditiones
695 286 828 314 ofterunt;
841 292 900 309 mox
913 287 1032 309 rixantes
1044 286 1140 314 flagitia
1153 285 1268 308 invicem
1282 284 1430 314 objectant,

107 328 135 351 et
150 338 175 342 -
187 329 224 349 ⁷5.
237 325 405 349 insidiatores
418 324 567 347 inmittunt.
581 334 607 338 —
620 327 657 346 76.
671 322 806 346 distractis
822 323 892 346 inter
909 322 1054 350 utrumque
1069 320 1232 344 exercitibus
1243 326 1275 344 ac
1286 319 1430 349 provinciis

105 360 185 386 bello
192 366 272 390 opus·
285 373 315 377 —
325 365 362 384 77.
373 359 444 384 Otho
458 360 654 387 Imperatorem
676 358 746 387 agit;
763 357 890 386 honores,
902 369 929 374 -—
938 362 974 380 78.
988 357 1138 384 civitatem,
1149 357 1210 385 jura
1225 355 1385 386 dilargitum
1397 352 1431 377 de

106 395 269 420 celebranda
283 396 396 419 Neronis
411 395 539 418 memoria
553 394 645 421 agitat.
658 405 688 409 -—
699 399 734 417 w.
749 394 879 418 Sarmatae
888 393 1024 417 aenoxuiani
1035 393 1155 416 Moesiam
1167 391 1350 421 inrumpentes
1361 389 1432 416 αεὶ.

106 444 133 448 -
147 437 228 456 80-82.
245 432 346 455 seditio
360 431 452 460 gravis
471 430 499 453 in
518 429 577 458 ipsa
595 429 666 453 Urbe
681 430 784 453 temere
802 431 936 454 ortanum
953 434 1053 457 magno
1076 429 1151 451 metu
1173 429 1255 456 atque
1277 427 1432 451 discrimine

106 467 255 496 primorum
279 466 412 493 civitatis,
435 465 565 494 precibus
579 466 610 488 et
628 464 875 489 lacrimis-Othonis
893 464 1075 494 componitur,
1089 464 1136 493 qui
1149 468 1270 487 —aa-u.
1286 461 1385 487 miiites
1399 461 1433 486 ad

106 503 283 526 concordiam
299 503 325 525 et
340 501 499 524 modestiam
516 501 653 524 hortatur.
668 513 697 517 —
710 505 746 524 85.
761 501 819 524 istis
831 501 989 530 compositis
1003 500 1093 523 omnia
1106 499 1290 527 suspicionum
1305 499 1334 522 et
1344 498 1434 523 formi-

106 537 175 561 dinis
190 537 278 567 plena,
292 537 419 566 pra‘cipio
434 537 543 560 Pati-uin
559 537 643 560 metu.
658 549 684 552 —
696 541 731 559 ae.
747 536 867 566 prodigia
882 536 995 560 Othonis
1008 535 1112 559 cladem
1125 535 1355 564 praesagientia-
1367 539 1402 557 87.
1412 533 1433 556 is

106 570 219 595 lustrata
244 572 314 596 Urbe
337 572 540 595 Narbonensem
559 570 672 595 Galliam
695 572 807 601 aggredi
828 572 939 598 statuit,
948 593 954 595 ,
966 572 993 594 et
1006 583 1034 587 —-
1048 576 1083 594 83.
1103 576 1162 593 cum
1185 570 1275 593 multis
1299 569 1433 593 nobilibus

106 608 133 631 L.
142 607 278 631 Vitellium
292 607 380 630 aemuli
397 607 509 630 fratrom
527 611 619 630 secum
638 606 723 631 ducit.
740 618 770 623 —-
783 611 819 630 89.
834 606 897 630 inde
908 606 975 630 varii
991 606 1141 629 animorum
1158 606 1257 628 motus.
1270 609 1345 629 -90,
1362 609 1435 628 com-

111 643 238 666 mendata
253 642 374 666 Patribus
388 641 524 671 republica
539 641 608 666 Otho
625 641 738 666 festinat
751 642 785 666 ad
800 641 911 666 bellum.
921 641 1045 665 Trachali
1065 641 1218 670 eloquentia
1232 646 1295 664 usus
1309 640 1387 667 Otho,
1406 640 1433 663 in

111 682 190 706 quein
206 678 293 701 studia
309 678 336 701 et
353 683 435 701 voces
448 677 529 706 vulgi.

141 713 221 736 Gesta
234 713 291 737 haec
302 713 397 742 paucis
415 713 551 737 mensibus
566 712 629 736 anni
642 718 671 736 ca
682 719 708 742 p.
723 712 784 736 Chr.
798 717 825 735 n.

695 801 842 812 ——Q——

148 880 173 908 1.
198 875 330 907 Initium
352 876 431 908 mihi
449 877 553 917 operis
578 881 644 909 Ser.
668 878 765 910 Galba
782 878 919 917 iterum,
945 881 982 909 T.
1001 877 1115 908 Vinius
1130 876 1276 908 consules
1297 877 1303 894 ¹
1325 878 1429 909 erunt.

107 931 184 955 nam
199 924 275 963 post
285 923 450 955 conditam
468 924 585 956 Urbem
601 925 804 965 octingentos
820 927 852 956 et
874 924 987 965 viginti
1006 924 1122 964 prioris
1138 923 1200 955 aevi
1218 932 1319 955 annos
1340 925 1433 956 multi

107 973 259 1002 auctores
275 971 473 1009 retulerunt,
489 971 568 1002 dum
592 981 642 1003 res
660 972 768 1012 populi
795 972 929 1004 Romani
944 971 956 989 ²
977 970 1247 1008 memorabantur,
1273 971 1342 1011 pari
1366 971 1441 1003 elo->

107 1017 242 1056 quentia
256 1026 293 1048 ac
309 1017 475 1058 libertate3
494 1022 664 1059 postquam
693 1019 845 1051 bellatum
863 1019 946 1060 apud
965 1019 1092 1050 Actium
1112 1020 1208 1058 atque
1225 1026 1356 1050 omnem
1374 1027 1441 1059 po-›

107 1063 241 1095 tentiam
266 1064 306 1094 ad
326 1074 426 1095 unum
453 1065 592 1096 conferri
617 1066 704 1105 pacis
723 1066 867 1097 interfuit
878 1089 887 1106 ,
919 1074 1034 1106 magna
1064 1066 1115 1096 illa
1133 1065 1261 1105 ingenia
1289 1074 1433 1107 cessere,

107 1111 204 1142 simul
222 1111 339 1142 veritas
354 1112 500 1151 piu-ribus
512 1111 620 1143 'modis
638 1113 789 1152 infracta,
808 1113 949 1152 primum
964 1112 1096 1143 inscitia
1110 1111 1296 1152 reipublicae
1311 1114 1346 1144 ut
1359 1113 1436 1146 alie«

107 1167 158 1190 nae
177 1158 202 1196 ³,
223 1167 298 1188 mox
319 1158 450 1190 libidine
467 1159 669 1199 assentandi,
685 1161 740 1191 aut
756 1169 869 1191 rursus
888 1160 962 1191 odio
978 1159 1134 1191 adversus
1151 1159 1375 1191 dominantes:
1390 1160 1437 1192 ita

108 1204 232 1237 neutris
248 1213 325 1235 cura
342 1205 540 1244 posteritatis
551 1230 560 1245 ‚
579 1206 661 1237 inter
675 1207 824 1238 infensos
840 1207 889 1238 vel
907 1206 1064 1238 obnoxios
1078 1206 1104 1236 ⁴.
1123 1207 1177 1238 sed
1195 1206 1407 1239 ambitionem
1421 1207 1432 1226 ⁵

107 1251 276 1291 scriptoris
294 1251 386 1283 facile
399 1253 555 1284 averseris
567 1277 575 1292 ,
589 1253 784 1285 obtrectatio
801 1257 834 1286 et
847 1254 927 1285 livor
944 1254 1052 1294 pronis
1066 1254 1196 1285 auribus
1211 1255 1413 1294 accipiuntur
1424 1263 1437 1285 ι

107 1298 226 1338 quippe
239 1298 417 1330 adulationi
439 1300 500 1330 foed
507 1309 560 1331 um
574 1302 696 1331 crimen
711 1302 892 1341 servitutis,
904 1301 1095 1341 malignitati
1116 1302 1192 1332 salsa
1205 1302 1326 1342 species
1342 1301 1438 1333 liber-¹

107 1345 184 1378 tatis
203 1345 214 1363 ⁶
234 1345 327 1376 inest.
350 1346 429 1377 milii
459 1347 577 1387 Galba,
605 1348 690 1379 Otho
698 1372 706 1387 ,
731 1349 879 1380 Vitellius
904 1358 964 1379 nec
992 1348 1145 1379 beneficio
1169 1357 1228 1379 nec
1251 1348 1366 1389 injuria
1383 1357 1438 1380 co-·

107 1392 200 1432 gniti.
215 1393 403 1432 dignitatem
416 1396 559 1425 nostram
575 1404 593 1425 a
607 1396 804 1435 vespasiano
817 1396 1014 1434 inchoatam,
1024 1404 1042 1426 a
1052 1396 1123 1426 Tito
1138 1396 1277 1435 auctam,
1296 1404 1314 1426 a
1327 1395 1435 1427 Domi-

107 1440 195 1473 tiano
206 1440 332 1480 longius
348 1444 535 1481 provectam
549 1442 557 1459 ⁷
577 1452 642 1473 non
656 1443 823 1474 abnuerim
843 1453 850 1473 :
868 1443 923 1475 sed
940 1444 1160 1484 incorruptam
1179 1442 1273 1474 fidem
1288 1443 1436 1483 professis

108 1496 212 1527 neque
229 1497 336 1520 amore
353 1489 526 1528 qnisquam
541 1493 574 1520 et
589 1490 658 1521 sine
675 1490 751 1521 odio
773 1490 929 1522 dicendus
946 1493 1004 1522 est.
1021 1490 1137 1531 quodsi
1154 1490 1221 1521 vita
1237 1490 1436 1531 suppeditet,-

107 1535 323 1575 principatum
339 1536 406 1567 divi
423 1541 536 1568 Nervae
545 1539 581 1568 :et
597 1537 770 1577 imperium
796 1538 944 1577 Tiajani,
970 1538 1150 1569 uberiorem
1176 1537 1435 1578 securioremque

107 1583 298 1621 materiam,
316 1584 477 1614 senectuti
497 1584 625 1624 seposui
639 1608 647 1623 ,
663 1594 734 1616 rara
750 1586 935 1625 temporum
953 1585 1108 1616 felicitate
1120 1609 1129 1624 ‚
1147 1584 1204 1615 uhi
1221 1584 1340 1616 sentire
1361 1592 1435 1625 quae

109 1630 256 1668 velis‚et
273 1638 345 1668 quae
362 1631 483 1661 sentias
501 1631 605 1662 dicere
621 1631 706 1663 licet.

150 1679 189 1707 ΙΙ.
216 1680 306 1715 Opus
332 1676 497 1715 aggredior
512 1677 658 1717 opimum
676 1678 823 1718 casibus,
849 1678 943 1709 atrox
966 1677 1109 1718 proeliis,
1127 1677 1252 1709 discors
1271 1677 1434 1710 seditioni·

108 1722 170 1755 bus
181 1747 189 1762 ,
204 1721 273 1762 ipsa
292 1723 388 1753 etiam
405 1724 495 1763 pace*
519 1733 653 1756 saevum.
665 1727 827 1765 quattuor
840 1725 1002 1765 Principes
1018 1725 1101 1756 ferro
1117 1724 1334 1765 interempti2.
1349 1724 1436 1757 trina

108 1770 192 1804 heila
205 1769 313 1800 civilia
325 1769 349 1807 ³,
361 1770 452 1810 plura
466 1772 611 1811 externa,
624 1780 662 1802 ac
679 1772 867 1811 plerumque
883 1771 1052 1812 permixta.
1070 1771 1276 1812 prosperaein
1292 1771 1435 1814 Oriente,

108 1819 253 1851 adversae
271 1816 303 1847 in
322 1817 496 1849 Occidente
520 1827 584 1849 res.
600 1819 767 1850 turbatum
785 1819 948 1859 Illyricum
964 1830 973 1857 ;
1000 1818 1109 1849 Galliae
1125 1820 1296 1859 nutantes;
1319 1818 1435 1859 perdo.-

108 1865 192 1898 mita
205 1863 368 1894 Britannia
385 1866 415 1895 et
435 1864 545 1895 statim
561 1865 658 1897 missa
669 1865 678 1883 ⁴
697 1877 705 1905 ;
719 1868 839 1898 coortae
855 1865 887 1897 in
905 1875 964 1897 nos
976 1868 1191 1898 Sarmatarum
1208 1874 1248 1896 ac
1258 1868 1437 1898 suevorum

108 1914 239 1952 gentes3
266 1911 455 1943 nobilitatus
470 1912 616 1944 cladibus
630 1913 753 1945 mutuis
768 1918 894 1951 Dacus3
916 1915 1004 1945 mota
1021 1922 1118 1954 prope
1132 1913 1229 1945 etiam
1244 1913 1436 1945 Parthorum

108 1967 198 1990 arma
217 1958 288 1989 falsi
314 1959 450 1990 Neronis
479 1959 618 1991 ludibrio
635 1960 660 1990 ⁵.
684 1965 751 2000 jam
769 1969 847 1992 vero
873 1960 967 1992 Italia
991 1960 1086 1992 novis
1121 1960 1267 1993 cladibus
1287 1960 1338 1993 vel
1358 1962 1438 2001 *post

108 2006 234 2045 longam
251 2005 445 2037 saeeuiorum
461 2005 577 2038 seriem
592 2007 737 2048 repetitis
752 2007 883 2039 afflicta.
901 2007 1025 2040 haustae
1043 2009 1100 2040 aut
1115 2007 1241 2039 obrutae
1254 2007 1352 2040 urbes
1369 2007 1436 2039 ἰω-

139 2097 158 2120 1.
173 2102 196 2120 ι.
214 2098 282 2120 Anni
297 2097 326 2122 U.
339 2103 390 2126 822,
405 2104 430 2128 p.
443 2098 505 2123 Chr.
514 2104 553 2123 69.
567 2104 631 2124 -2,
643 2100 768 2125 Nondum
781 2100 905 2124 exuuias
918 2100 1040 2129 potentia
1051 2099 1211 2130 pendentis.
1224 2100 1285 2124 Post
1294 2099 1434 2125 Actiacam

109 2138 237 2162 pugnam,
251 2133 316 2156 a.U.
336 2138 389 2161 7⁴23,
403 2139 448 2157 res
460 2135 631 2165 Principum
654 2137 744 2164 potins
756 2136 822 2160 sunt
836 2141 916 2165 quam
931 2135 1045 2164 populi.
1059 2147 1085 2151 -
1100 2140 1121 2159 s.
1142 2135 1219 2164 Quod
1237 2134 1359 2159 homines
1376 2136 1433 2161 tum

109 2174 185 2191 suam
200 2168 393 2197 rempublicam
408 2176 462 2194 uzon
474 2172 561 2200 magis
571 2171 753 2196 ‹serenosscnt
765 2171 988 2201 quamatienam.
1001 2171 1084 2195 rebus
1097 2170 1223 2200 plurimis
1230 2176 1292 2200 non,
1304 2172 1334 2196 ut
1343 2172 1433 2202 antea,

110 2203 229 2232 publice,
241 2204 288 2228 sed
301 2206 406 2229 secreto
419 2212 502 2236 penes
522 2208 674 2237 Principem
687 2207 799 2232 tractari
812 2206 914 2237 coeptiss.
931 2207 1001 2236 Lege
1014 2206 1128 2230 Dionem
1146 2206 1217 2232 Cass.
1231 2206 1296 2235 Llll,
1312 2211 1349 2231 σθ.
1366 2220 1395 2224 -
1411 2212 1433 2233 ι.

110 2244 492 2305 ΒερεέααῐηεΣ-ὧΡΙ-ῗζῗηώ
500 2248 674 2278 Principibus
685 2246 1067 2276 .studium.r-6.Sc.·1loquendt,
1079 2246 1160 2271 liberi
1170 2247 1233 2276 oris,
1247 2241 1431 2284 παῤῥησίας,

108 2284 171 2302 -⁷.
204 2285 238 2303 un
255 2298 261 2303 .
300 2286 319 2304 n
375 2298 392 2304 ..
434 2287 487 2310 ‚li-

142 2316 164 2340 ll
187 2320 206 2339 ι,
216 2317 289 2340 Pacis
303 2321 435 2345 tempor&
455 2318 492 2341 Ad
506 2318 654 2343 Domitiani
665 2317 1085 2349 regnumspoetatdeiatorihus-
1093 2316 1258 2342 t'oecundum.
1269 2329 1296 2334 -
1306 2323 1329 2342 2.
1340 2318 1432 2348 Galba,

113 2351 194 2380 omo,
209 2352 340 2382 vitellius,
356 2354 535 2378 Domitianus.
550 2367 579 2372 -
589 2360 613 2379 s.
627 2355 742 2380 omanis
755 2353 944 2382 immensum
962 2353 1061 2378 Vitellii
1074 2353 1100 2376 in
1116 2353 1325 2382 vespasianum>
1340 2354 1433 2379 nan-

113 2387 180 2411 tonii
194 2388 221 2410 in
237 2388 424 2412 Domitianum.
438 2401 467 2406 —
479 2395 502 2414 4.
516 2389 632 2419 Omissa,
642 2389 782 2420 neglecta.
795 2390 859 2414 Haec-
870 2389 1009 2418 expeditio
1021 2389 1130 2412 narrata
1145 2389 1171 2413 in
1186 2388 1246 2413 vita
1259 2387 1434 2418 Agricolam

113 2426 136 2447 ὅ.
152 2423 250 2452 Viginti
263 2424 338 2447 annis
350 2426 412 2453 post
425 2423 582 2450 defunctum
596 2426 746 2454 Neronum
760 2425 836 2450 coefi
850 2425 881 2453 ui.
899 2430 922 2453 8„
937 2425 1048 2450 sueton.
1058 2424 1173 2449 Nerone
1184 2423 1232 2449 sm.
1243 2435 1269 2443 -
1282 2428 1303 2447 e.
1315 2421 1434 2453 Pompeii
