1539 2668
512 206 549 234 A.
572 207 611 235 U.
635 207 670 235 C.
695 206 767 235 776.
791 206 828 235 A.
854 206 890 235 C.
914 204 967 234 23.
1361 200 1405 232 93

441 384 638 435 LIBER
676 383 1046 452 QUARTUS„

635 518 854 534 —Qm-

600 631 789 660 ARGUMEN
793 630 893 661 TUM.

88 710 92 718 ”
117 708 182 738 cap.
200 709 222 732 1.
236 707 360 732 Tiberius
380 705 466 730 saevit.
488 710 568 729 causa
587 710 669 734 penes
689 704 786 728 AEiium
807 704 944 733 sejanum,
969 703 1046 732 cujus
1072 703 1211 733 ingenium
1226 704 1254 727 et
1269 707 1369 726 mores.
1383 715 1412 720 —-

88 750 110 769 ς.
125 745 147 768 is
161 743 373 767 dominationem
387 742 497 771 aspirat,
511 746 564 770 quo
581 741 612 764 ut
627 740 777 770 perveniat.
796 741 885 763 Romae
898 740 925 762 in
939 740 1028 763 castra
1042 739 1167 768 praitoria
1185 738 1295 763 militem
1308 737 1412 762 condu-

90 780 136 804 cit.
149 792 173 795 —
186 784 209 802 3.
223 779 309 802 Druso
321 777 423 800 Tiberii
435 775 490 799 filio
505 775 648 798 insidiatur
661 780 710 804 per
724 780 838 797 uxorem
853 775 919 803 ejus,
934 774 1066 797 adulterio
1081 773 1220 803 pollutam.
1232 785 1260 790 --
1271 778 1294 796 ⁴.
1311 773 1414 796 Drusus

91 814 245 838 Germanici
257 814 348 842 togam
359 811 465 834 virilem
488 811 579 833 sumit.
595 811 686 834 Status
700 809 832 839 publicus,
847 815 975 833 numerus
989 809 1137 838 legionum,
1150 821 1178 826 —
1190 814 1211 832 5.
1222 814 1315 832 carum
1329 810 1357 832 et
1370 813 1414 831 co-

93 849 210 874 hortium
237 849 264 872 et
284 847 409 871 classium
428 846 488 869 loca
505 847 689 874 exponuntur.
707 857 736 862 —
749 850 771 868 6.
793 844 877 868 civilis
903 844 1102 867 administratio
1129 844 1216 873 qualis
1238 844 1414 867 hactenus.—

92 890 116 908 7.
131 885 243 915 Sejanus
257 883 408 912 potentiam
420 882 511 910 auget,
520 892 547 897 -—
558 886 579 903 a.
588 880 694 903 subiato
703 886 751 909 per
763 885 899 903 venenum
912 880 1006 903 Druso.
1021 879 1144 902 Tiberius
1152 879 1269 902 animum
1281 879 1414 905 obfirmat,

93 920 218 943 senatum
231 918 318 947 erigit,
335 918 414 946 eique
429 916 498 939 filios
510 915 663 938 Germanici
677 915 744 938 duos
762 915 937 938 commendat
953 916 984 938 ut
1000 914 1107 943 imperii
1121 914 1245 937 heredes.
1257 926 1284 930 —
1297 918 1321 937 9.
1336 913 1416 937 funus

95 955 180 978 Druso
198 953 349 977 illustre.—
365 957 390 975 io
404 953 431 975 et
445 956 480 975 n.
498 950 564 974 falsa
584 950 616 973 de
632 951 709 974 Drusi
733 950 766 974 ab
788 951 896 973 incauto
916 951 993 978 patre
1013 949 1103 972 necati
1126 949 1206 972 fama.
1220 961 1249 965 -
1267 953 1302 972 aa.
1324 948 1416 978 popuii

93 990 168 1013 lavor
182 988 243 1012 filiis
257 987 408 1011 Germanici
421 987 524 1010 noxius.
536 986 566 1009 iis
581 987 609 1008 et
626 986 780 1014 Agrippinae
795 986 910 1013 Sejanus
928 984 1038 1008 insidias
1049 985 1138 1007 struit.

124 1030 160 1048 is.
172 1024 297 1048 Tiberius
314 1022 463 1052 legationes
481 1022 509 1045 et
527 1022 717 1044 accusationes
736 1021 878 1044 civitatum
905 1021 932 1043 et
956 1020 1160 1049 provinciarum
1182 1019 1265 1042 audit.
1280 1032 1308 1035 —
1329 1023 1365 1042 Μ.
1384 1018 1417 1041 de

94 1059 176 1088 asylis
189 1060 294 1084 actum:
315 1057 462 1081 histriones
484 1056 562 1081 Italia
578 1056 658 1086 pulsi.
672 1068 702 1072 —
717 1061 752 1079 «ὅ.
770 1055 846 1080 Alter
862 1061 895 1078 ex
910 1055 989 1078 Drusi
1011 1054 1104 1078 liberis
1127 1054 1191 1077 obit.
1217 1055 1281 1077 item
1302 1054 1418 1078 Lucilius

95 1095 209 1123 Longus,
221 1092 352 1122 Principis
362 1092 475 1116 amicus.
489 1092 587 1121 Capito
605 1091 757 1115 damnatus
771 1103 798 1108 —-
811 1095 848 1113 ¹6.
867 1091 920 1114 Lex
936 1090 990 1113 lata
1008 1090 1041 1113 de
1055 1089 1162 1113 fiamine
1174 1089 1253 1113 Diali.
1269 1089 1418 1113 Vestalibus

95 1129 201 1154 babitus
212 1129 309 1153 honos.

126 1169 160 1187 ¹⁷.
174 1164 301 1187 solennia
314 1163 377 1186 vota
393 1167 441 1192 pro
458 1162 590 1191 Principe.
611 1161 643 1185 iis
655 1161 748 1185 inserti
762 1161 836 1185 Nero
856 1161 885 1184 et
908 1161 1018 1184 Drusus.
1031 1160 1095 1184 hinc
1112 1161 1202 1184 odium
1220 1160 1328 1187 Tiberii,
1340 1165 1419 1188 quem

95 1200 209 1228 Sejanus
223 1198 349 1222 stimulat.
363 1209 393 1214 —
409 1202 444 1220 is.
462 1197 505 1220 hic
519 1197 672 1220 Germanici
689 1197 790 1219 amicos
808 1196 974 1225 aggreditur.
986 1207 1014 1211 —
1029 1200 1057 1218 ¹9
1080 1195 1160 1219 Silius
1172 1195 1324 1218 damnatur.
1339 1206 1369 1210 -
1382 1198 1419 1217 20.

98 1240 167 1258 uxor
181 1235 238 1263 ejus
252 1233 328 1257 Sosia
345 1233 372 1255 in
387 1231 509 1255 exsilium
528 1231 646 1260 pellitur.
668 1231 702 1254 M.
730 1231 821 1259 Lepidi
838 1231 998 1254 moderatio.
1010 1242 1038 1247 —-
1051 1235 1087 1253 2¹.
1109 1231 1167 1253 Piso
1190 1231 1333 1253 accusatus
1355 1229 1419 1253 obit.

98 1269 204 1293 Cassius
218 1270 332 1293 Severus
348 1268 375 1290 in
389 1272 484 1290 saxum
496 1266 646 1295 scripulum
658 1265 806 1294 relegatur.
819 1278 846 1282 —
860 1270 899 1289 22.
917 1265 1037 1289 Plautius
1050 1265 1176 1288 Silvanus
1188 1266 1266 1294 perit.

128 1310 165 1328 25.
176 1304 378 1328 'racfarinatem
393 1301 463 1325 belia
475 1306 568 1324 rursus
588 1301 745 1324 moventem
759 1313 787 1316 —
804 1305 843 1323 24.
859 1300 998 1323 Dolabella
1015 1300 1145 1329 opprimit
1157 1312 1184 1316 —-
1198 1306 1238 1324 25.
1251 1301 1279 1324 et
1294 1299 1382 1323 caedit.
1393 1310 1422 1315 —

98 1345 136 1364 2⁶.
149 1338 322 1367 triumphalia
343 1343 398 1360 non
421 1338 557 1366 impetrat.
568 1336 728 1360 Ptolemaeus
741 1341 854 1359 munera
867 1335 977 1365 accipit.
988 1348 1017 1352 —
1031 1340 1068 1358 27.
1085 1335 1196 1359 Serviiis
1219 1337 1309 1360 motus
1321 1335 1421 1358 semina

100 1380 148 1403 per
162 1374 266 1397 ltaliam
280 1377 418 1402 oppressa.

128 1413 164 1432 28.
182 1410 214 1438 Q.
230 1408 321 1431 Vibius
336 1408 454 1431 Serenus
468 1411 483 1428 a
497 1405 553 1429 filio
569 1406 721 1434 accusatus,
736 1410 803 1429 -29
820 1407 848 1428 et
860 1410 897 1428 so.
914 1406 1061 1434 Amorgum
1074 1405 1244 1433 deportatur.
1259 1405 1366 1433 praemia
1380 1405 1424 1428 de-

99 1443 232 1468 latoribus
243 1445 355 1467 statuta.
370 1455 398 1458 —
412 1447 450 1465 5¹.
466 1441 496 1464 P.
523 1441 622 1465 Suiiius
635 1442 803 1470 deportatur,
818 1441 932 1464 Firmius
951 1441 1048 1464 senatu
1059 1441 1195 1463 movetur.
1213 1452 1240 1456 —
1254 1445 1281 1463 52
1294 1441 1321 1463 et
1331 1446 1368 1463 53.
1380 1440 1424 1468 ju-

100 1479 199 1503 dicium
216 1479 250 1502 de
266 1479 306 1502 his
320 1477 473 1503 annalibus,

131 1520 168 1538 5-1.
183 1514 337 1537 Cremutius
347 1512 461 1540 Cordus,
482 1511 601 1535 historiae
611 1512 736 1540 scriptor,
752 1511 786 1535 ob
804 1511 879 1534 Bruti
892 1512 919 1534 et
930 1510 1013 1534 Cassii
1027 1509 1120 1533 laudes
1133 1511 1277 1533 accusatus
1292 1510 1375 1534 iibere
1397 1515 1425 1532 sc

102 1550 224 1573 defendit
237 1550 264 1572 et
277 1554 354 1572 —3⁵.
369 1548 451 1571 vitam
471 1547 636 1570 abstinentia
655 1547 722 1570 finit.
744 1547 807 1570 libri
830 1548 886 1575 ejus
907 1547 1030 1569 cremati.
1044 1558 1071 1562 —
1088 1551 1124 1569 ³6.
1143 1546 1281 1575 Cyzicenis
1300 1545 1425 1573 adempta

105 1585 222 1608 libertas.
239 1596 266 1600 —-
278 1588 305 1607 37
320 1585 347 1607 et
357 1588 394 1606 aa.
411 1582 515 1611 Templi
529 1582 660 1605 bonorem
673 1582 706 1605 ab
717 1582 841 1611 Hispanis
852 1581 972 1605 oblatum
986 1581 1108 1605 Tiberius
1127 1582 1239 1610 spernit.
1257 1593 1286 1597 -
1299 1585 1337 1603 39.
1351 1582 1425 1608 seja-

104 1626 163 1648 nus,
178 1620 259 1643 nimia
273 1618 383 1642 fortuna
396 1624 501 1646 socors,
516 1618 615 1641 Liviam
633 1617 683 1641 sibi
699 1623 810 1640 uxorem
825 1623 840 1640 a
855 1618 978 1646 Principe
997 1618 1073 1645 petit,
1088 1618 1134 1645 qui
1145 1628 1172 1632 —
1189 1621 1225 1640 4ο.
1241 1616 1364 1639 modeste
1380 1620 1426 1638 nc-

105 1657 153 1684 gat
167 1656 193 1678 et
204 1655 294 1684 sejani
307 1653 427 1677 rationes
442 1652 549 1677 refellit.
566 1665 593 1669 —
607 1657 643 1676 ιι.
664 1653 718 1681 hic,
733 1652 863 1681 augendae
878 1653 1016 1681 potentiae,
1033 1651 1141 1675 Tiberio
1155 1657 1291 1675 secessum
1308 1650 1341 1674 ab
1357 1650 1427 1673 Urbe

103 1690 209 1715 suadet.
224 1702 253 1707 —
269 1694 307 1713 42.
321 1689 419 1713 auditis
436 1688 463 1711 in
475 1694 555 1711 causa
573 1687 681 1711 Votieni
694 1688 817 1711 Montani
829 1688 1001 1711 contumeliis
1016 1687 1170 1717 persuadet.

136 1731 172 1750 45.
187 1727 276 1749 Romae
289 1724 440 1754 legationes
456 1724 610 1747 Graecorum
629 1723 725 1746 audita:
743 1723 849 1752 dejure
864 1723 1012 1752 asyiorum.
1030 1735 1057 1739 -
1070 1727 1108 1746 4⁴.
1123 1723 1196 1745 Mors
1210 1722 1323 1749 Lentuli,
1339 1720 1427 1744 Domi<

106 1762 144 1789 tii,
161 1761 279 1784 Antonii.
297 1771 325 1777 -
339 1765 375 1783 ⁴5.
392 1760 418 1782 L.
432 1759 492 1782 Piso
507 1760 607 1788 praetor
617 1764 633 1782 a
644 1758 760 1788 quodam
773 1760 879 1787 agreste
890 1758 1061 1781 interficitur.
1081 1770 1109 1774 —
1122 1761 1158 1780 46.
1173 1755 1429 1781 Thracesmontani

108 1796 272 1855 rebdeiidantcs
289 1807 316 1812 -—
326 1798 354 1818 47
363 1794 397 1817 ad
407 1799 444 1817 si.
455 1799 470 1817 a
480 1794 581 1818 Sabino
592 1793 739 1823 pelluntur,
752 1794 901 1823 exeduntur,
909 1793 1078 1822 obsidentur,
1090 1792 1191 1817 trustra
1203 1793 1346 1822 eruptione
1357 1790 1429 1815 facta

108 1838 138 1856 se
169 1837 183 1855 e
205 1832 262 1854 unt.

138 1872 173 1889 52.
190 1864 302 1888 Claudia
325 1864 440 1888 Pulchra
461 1864 551 1887 Romae
571 1862 699 1887 adulterii
719 1864 847 1886 accusata
867 1863 1022 1887 damnatur.
1040 1875 1068 1880 —-
1083 1868 1123 1887 55.
1144 1863 1290 1892 Agrippina
1303 1861 1428 1885 maritum

109 1902 179 1930 petit
193 1905 244 1923 nec
258 1899 395 1928 impetrat.
410 1898 473 1921 ei—
487 1903 526 1921 54.
540 1898 652 1927 Sejanus
666 1898 776 1921 insidias
788 1898 877 1922 struit.
891 1909 921 1915 —
935 1903 974 1922 ὅτι.
987 1897 1115 1922 Undecim
1133 1898 1214 1921 urbes
1231 1898 1300 1920 Asiae
1313 1897 1345 1920 de
1359 1897 1428 1919 tem-

109 1936 154 1967 plo
168 1934 275 1959 Tiberio
285 1933 416 1957 struendo
428 1933 542 1956 certant.
554 1945 583 1948 --
593 1937 630 1955 56.
644 1932 747 1962 praelati
760 1933 898 1961 Smyrnaei.
909 1944 939 1950 —
951 1937 980 1956 57
991 1933 1018 1956 et
1028 1938 1065 1955 58.
1079 1932 1200 1955 Tiberius
1214 1932 1292 1955 dubia
1308 1932 1340 1954 de
1349 1936 1430 1954 causa

110 1972 136 1997 in
147 1969 317 1999 Campaniam
329 1967 460 1994 abscedit,
475 1969 552 1991 arcto
565 1967 704 1991 comitatu.
717 1980 744 1983 —
753 1972 790 1990 sa.
806 1968 833 1990 in
843 1967 971 1996 spelunca
982 1967 1125 1996 repentino
1139 1967 1256 1995 lapidum
1268 1967 1344 1995 lapsu
1357 1965 1429 1994 peri-

112 2006 221 2029 clitatus
235 2010 249 2027 a
263 2004 361 2032 sejano
375 2003 511 2026 servatur.
529 2001 593 2025 hinc
606 2002 692 2031 major
706 2002 763 2030 ejus
780 2002 857 2025 fides,
874 2002 1012 2025 Neronem
1026 2002 1178 2026 Germanici
1193 2001 1350 2031 aggreditur
1363 2002 1430 2024 et·-

110 2047 147 2066 eo.
159 2038 301 2064 calumniis
314 2037 457 2061 subvertit.
472 2049 501 2054 —-
513 2042 549 2060 ei.
567 2038 640 2060 Mors
657 2037 741 2061 Asinii
752 2038 876 2066 Agrippae
890 2038 918 2061 et
934 2038 964 2066 Q.
980 2037 1088 2061 Haterii.

139 2081 169 2100 εἳ
184 2076 211 2099 et
224 2079 261 2097 es.
277 2072 475 2102 Amphitheatri
489 2077 553 2095 casu
564 2072 670 2095 Fidenis
684 2072 769 2095 multa
783 2072 920 2095 hominum
932 2072 1016 2095 millia
1027 2072 1167 2096 debilitata
1183 2071 1227 2095 vel
1240 2071 1346 2095 obruta.
1360 2083 1387 2087 —
1401 2076 1429 2094 oi

110 2114 138 2137 et
149 2117 186 2136 es.
201 2111 292 2133 Romae
305 2108 460 2132 incendium
475 2107 565 2132 deurit
577 2107 686 2132 Coelium
701 2109 833 2131 montem.
849 2120 876 2124 —
887 2112 926 2131 se.
940 2108 1025 2131 varus
1041 2109 1194 2132 accusatur.
1205 2119 1235 2124 —-
1250 2111 1288 2131 67.
1303 2107 1428 2136 Princeps

111 2148 226 2176 Capreas
238 2146 266 2169 ln
279 2143 392 2168 insulam
412 2149 442 2166 sc
459 2143 544 2167 abdit.
561 2156 587 2160 -
601 2148 630 2167 68
644 2144 677 2167 ad
689 2148 726 2167 70.
740 2143 825 2167 Titius
838 2143 951 2166 Sabinus
970 2144 1042 2172 turpi
1056 2143 1152 2167 fraude
1167 2143 1367 2167 circumventus
1385 2142 1428 2165 da-

112 2182 221 2205 mnatur
236 2180 300 2210 ipsis
316 2180 380 2204 anni
394 2178 532 2203 Kalendis.
547 2192 572 2196 —
586 2184 623 2203 ⁷¹.
634 2179 756 2202 Tiberius
770 2180 888 2202 mentem
901 2185 976 2202 suam
990 2179 1093 2202 recludi
1109 2179 1272 2208 indignatur.
1288 2178 1356 2201 Juiia
1381 2183 1427 2200 ne—

111 2218 164 2245 ptis
187 2215 299 2246 Augusti
322 2215 425 2238 obit.—
437 2219 473 2237 72.
488 2214 594 2241 Frisios,
609 2214 681 2243 quod
698 2219 780 2237 avare
794 2213 888 2242 babiti,
901 2213 1074 2242 rebellantes,
1087 2227 1114 2232 —
1128 2219 1166 2237 75.
1180 2214 1206 2237 L.
1231 2214 1364 2242 Apronius
1382 2219 1428 2236 re—

111 2257 232 2280 pressum
247 2251 276 2277 it,
287 2255 382 2279 parum
397 2248 523 2272 feliciter.
540 2261 564 2265 —-
580 2253 618 2273 74.
636 2249 733 2278 Turpis
746 2248 864 2272 adulatio
875 2250 994 2279 senatus,
1007 2250 1097 2278 sejani
1110 2250 1275 2278 arrogantia.
1289 2261 1316 2265 —
1330 2253 1366 2272 75.
1380 2249 1428 2273 Cn.

114 2286 246 2309 Domitius
258 2285 443 2314 Agrippinam,
453 2285 606 2307 Germanici
619 2284 711 2312 filiam,
723 2289 834 2308 uxorem
845 2282 952 2314 accipit.

142 2320 205 2344 Haec
222 2320 348 2344 sexennio
360 2320 416 2343 iere
427 2320 510 2349 gesta,
524 2324 550 2349 p.
564 2319 624 2344 Chr.
637 2324 664 2343 25
674 2332 696 2336 —
715 2324 752 2343 28.

698 2414 841 2425 dab—-
