1539 2668
487 156 524 186 A.
548 157 587 187 U.
611 157 646 187 C.
671 155 743 186 767.
766 156 804 187 A.
827 156 862 187 C.
890 155 940 186 14.
1338 156 1375 186 13

54 234 191 268 milittae
200 245 212 273 ‚·
240 234 280 264 ut
304 231 470 264 denarius
499 229 668 262 diurnum
692 229 902 270 stipendium
919 228 1037 269 foret;
1064 237 1105 261 ne
1130 231 1285 261 veterani
1312 230 1376 262 sub

52 281 180 312 vexillo
208 279 432 311 haberentur.
455 277 501 309 Ad
525 286 562 309 ea
589 281 713 308 Drusus
727 286 828 317 quum
840 276 1011 308 arbitrium
1025 278 1156 307 senatus
1164 278 1196 307 et
1210 277 1310 316 patris
1321 277 1377 308 ob-

52 327 223 365 tenderet,
250 325 389 357 clamore
414 324 566 356 turbatur
587 333 594 355 :
618 338 633 350 «
659 333 718 355 cur
740 324 903 364 venisset,
932 332 1036 364 neque
1061 323 1213 363 augendis
1235 323 1375 355 militum

55 386 69 400 «
89 373 278 414 stipendiis,
302 380 407 411 neque
426 371 605 403 allevandis
628 371 793 403 laboribus
816 371 847 410 ¹,
874 371 1013 412 denique
1048 370 1134 401 nulla
1160 369 1376 402 benefaciendi

55 435 69 449 «
89 421 241 453 licentia?
259 422 291 450 at
311 419 439 450 hercule
452 419 585 450 verbera
601 421 633 450 et
659 427 771 450 necem
797 419 923 449 cunctis
943 417 1094 459 permitti.
1114 417 1277 449 Tiberium
1300 418 1377 448 olim

54 481 69 496 ⁴<
90 467 219 499 nomine
247 465 380 505 Augusti
414 465 573 497 desideria
601 465 763 505 legionum
792 465 938 496 frustrari
963 465 1096 496 solitum
1115 475 1121 495 :
1137 466 1265 496 easdem
1292 466 1378 495 artes

57 528 69 541 a
91 519 230 545 Drusum
249 512 409 544 retulisse.
439 521 649 553 nunquamne
671 512 733 543 nisi
756 512 796 543 ad
813 521 847 543 se
860 512 941 543 tilios
956 511 1148 543 familiarum
1162 511 1173 529 ²
1199 513 1379 543 venturos?

55 574 70 588 ιι
88 569 210 592 novum
228 559 261 590 id
277 559 389 600 plane,
407 559 492 600 quod
517 561 692 600 Imperator
716 559 784 590 sola
800 559 910 590 militis
924 559 1093 591 commoda
1110 559 1150 591 ad
1167 560 1316 590 senatum
1333 567 1378 589 re-

54 619 69 634 «
83 607 181 647 J'iciat.
210 607 348 638 eundem
374 616 449 647 ergo
467 609 615 637 senatum
630 606 883 645 consulendum,
901 607 1028 647 quoties
1045 606 1202 647 supplicia
1226 607 1283 637 aut
1298 614 1378 646 prue-

53 666 68 681 α
87 653 129 685 lia
145 654 341 686 indicantur.
359 663 397 685 an
414 653 545 694 praemia
563 653 624 685 sub
641 653 800 692 dominis,
818 663 929 694 poenas
946 654 1015 685 sine
1031 654 1152 685 arbitro
1169 655 1260 685 esse?
1276 666 1292 680 ν

92 704 214 732 XXVII.
238 703 405 732 Postremo
420 700 571 732 deserunt
590 700 753 740 tribunal,
772 702 809 732 ut
825 700 897 741 quis
916 701 922 718 ¹
946 701 1212 741 praetorianorum
1240 699 1379 730 militum

51 748 272 780 amicorumve
289 748 422 787 Caesaris
446 750 648 787 occurreret,
665 757 780 780 manus
798 748 992 779 intentantes
1006 747 1032 787 ²,
1053 757 1182 779 causam
1207 746 1380 778 discordiae

51 797 84 827 et
101 795 231 826 initium
248 804 411 826 armorum
428 820 436 834 ‚
456 795 594 827 maxime
608 795 727 827 infensi
746 799 801 827 Cn.
828 795 962 827 Lentulo
978 819 986 834 ,
1004 795 1090 835 quod
1110 795 1138 826 is
1151 819 1159 834 ,
1178 797 1250 825 ante
1268 794 1346 825 alios
1366 792 1378 810 ³

51 844 145 873 aetate
162 845 195 873 et
212 842 311 882 gloria
331 842 420 882 belli,
442 842 568 874 firmare
586 847 727 874 Drusum
748 842 937 874 credebatur
954 844 986 873 et
1008 842 1061 873 illa
1083 842 1209 873 militiae
1232 840 1350 881 flagitia
1365 839 1375 857 ⁴

51 889 175 930 primus
197 890 373 930 aspernari.
405 898 463 920 nec
480 889 582 920 multo
600 892 673 930 post
690 889 921 929 digredientem
938 898 1011 919 cnm
1027 893 1151 921 Caesare
1164 898 1201 920 ac
1216 888 1347 929 provisu
1367 887 1378 905 ⁵

50 935 183 975 periculi
194 936 325 968 hiberna
337 940 441 967 castra
453 939 647 977 repetentem
662 936 919 975 circumsistunt,
934 937 1105 976 rogitantes
1120 944 1185 977 quo
1196 936 1353 976 perqeret
1364 937 1380 966 .²

50 982 98 1014 ad
109 985 359 1022 Imperatorem
373 992 417 1014 an
435 983 483 1014 ad
494 985 631 1023 Patres,
646 986 685 1015 ut
706 984 779 1015 illic
789 992 920 1024 quoque
933 984 1114 1015 commodis
1136 984 1307 1023 leqae'omcm
1322 981 1381 1013 ad-

50 1033 279 1062 versaretur?
294 1031 388 1062 simul
404 1030 567 1070 ingruunt,
586 1039 664 1062 saxa
675 1031 811 1070 jaciunt.
824 1031 955 1072 jamque
969 1031 1085 1072 lapidis
1105 1031 1168 1062 ictu
1183 1032 1334 1062 cruentus
1348 1031 1380 1062 et

51 1076 142 1108 exitii
158 1080 276 1117 certus,
293 1086 427 1109 accursu
446 1078 682 1117 multitudinis,
701 1086 774 1118 quae
787 1087 862 1109 cum
880 1080 986 1110 Druso
1005 1078 1197 1117 advenerat,
1217 1080 1380 1119 protectus

51 1125 110 1154 est.

93 1173 232 1201 XXVIII.
258 1174 391 1202 Noctem
406 1171 565 1201 minacem
582 1171 614 1201 et
631 1170 663 1200 in
678 1171 782 1201 scelus
797 1174 982 1212 erupturam
997 1172 1062 1203 sors
1076 1172 1199 1203 lenivit.
1214 1180 1289 1202 nam
1306 1171 1381 1201 luna

53 1217 140 1249 claro
162 1220 291 1257 repente
317 1217 398 1248 coeto
420 1217 490 1248 visa
514 1217 718 1256 languescere
739 1217 761 1248 ¹.
785 1218 816 1248 id
839 1218 931 1249 miles
948 1219 1083 1250 rationis
1107 1219 1238 1258 ignarus
1255 1227 1350 1249 omen
1367 1217 1378 1234 ²

53 1264 261 1304 praesentium
285 1264 407 1304 accepit
424 1289 431 1303 ‚
456 1273 493 1295 ac
516 1263 583 1295 suis
609 1263 774 1295 laboribus
795 1264 1010 1296 defectionem
1034 1265 1149 1296 sideris
1174 1265 1380 1303 assimilans,

51 1319 280 1351 prospereque
294 1311 305 1328 ³
323 1319 465 1342 cessura
488 1319 566 1351 quse
580 1313 767 1350 perqerenc
779 1335 788 1349 ‚
802 1311 965 1351 sisulqor
982 1314 1014 1342 ct
1031 1312 1209 1342 claritudo
1223 1312 1296 1342 deoe
1310 1311 1381 1343 red-

51 1357 212 1396 deretur,
240 1357 336 1397 igitur
358 1358 430 1388 aeris
456 1366 557 1396 sono,
585 1357 737 1388 tubarum
765 1366 989 1398 cornuumque
1002 1360 1161 1389 concentu
1179 1362 1320 1398 strepere
1339 1357 1348 1375 ⁴
1372 1368 1379 1387 :

53 1407 149 1444 prout
163 1405 362 1445 splendidior
378 1404 598 1438 obscuriorve,
618 1404 720 1435 laetari
739 1406 793 1435 aut
811 1413 964 1444 moerere3
985 1407 1017 1436 et
1034 1408 1204 1445 postquam
1226 1407 1304 1435 ortae
1322 1414 1381 1435 nu-

54 1451 108 1483 bes
134 1451 271 1483 offecere
302 1452 385 1482 visui
413 1451 637 1492 creditumque
661 1451 825 1482 conditam
857 1452 1017 1491 tenebris,
1040 1456 1075 1482 ut
1092 1455 1167 1483 sunt
1191 1451 1325 1483 mobiles
1342 1451 1382 1482 ad

51 1499 312 1539 superstitionem
331 1499 485 1539 perculsae
505 1499 602 1531 semel
622 1502 757 1538 mentes,
775 1499 839 1530 sibe·
856 1502 1027 1531 oeternum
1045 1499 1197 1530 laborem
1208 1498 1380 1539 portendi,

50 1545 294 1586 suasacinora
315 1550 474 1578 aversari
490 1547 567 1578 deos
582 1547 809 1578 lamentantur.
825 1547 988 1579 Utendum
1006 1547 1212 1578 inclinatione
1226 1556 1263 1578 ea
1277 1550 1383 1578 Caesar

51 1594 85 1625 et
101 1602 175 1633 quae
191 1603 286 1625 casus
300 1594 484 1633 obtulerat,
502 1594 533 1625 in
551 1594 740 1635 sapientiam
759 1594 914 1626 vertenda
932 1598 1019 1626 ratus
1035 1620 1043 1634 ,
1068 1594 1229 1626 circumiri
1247 1594 1381 1625 tentoria

50 1641 155 1681 jubet.
170 1642 294 1672 accitur
315 1642 461 1673 centurio
475 1641 622 1673 Clemens
637 1645 667 1673 et
687 1643 713 1673 si
731 1642 785 1673 alii
805 1642 898 1674 bonis
914 1642 1040 1674 artibus
1058 1643 1138 1682 grati
1154 1642 1183 1672 in
1204 1641 1318 1681 vulgus
1338 1651 1344 1671 :
1361 1640 1380 1671 ii

54 1688 182 1729 vigiliis,
192 1688 397 1727 stationibus,
407 1689 563 1720 custodiis
581 1691 747 1729 portarum
765 1698 799 1720 se
813 1689 971 1728 inserunt,
984 1698 1073 1729 spem
1094 1689 1245 1725 ossei-unt,
1261 1691 1381 1720 metum

54 1735 238 1767 intendunt.
259 1747 274 1762 α
287 1740 462 1776 Quousque
480 1736 578 1767 lilium
600 1736 806 1777 Imperatoris
819 1736 1149 1776 obsidel)imus?quis
1167 1736 1381 1767 certaminum

57 1795 73 1810 ι
90 1782 189 1813 finis?
205 1782 422 1814 Percennione
447 1785 479 1815 et
495 1783 654 1815 Vibuleno
679 1786 917 1815 sacramentum
937 1783 1057 1815 dicturi
1089 1786 1226 1814 sumus?
1253 1787 1382 1814 Percen-

58 1842 73 1855 ι
92 1829 164 1860 nius
180 1830 212 1860 et
228 1829 407 1861 Vibulenus
427 1831 589 1870 stipendia
616 1830 791 1870 militibus,
811 1839 904 1871 agros
920 1830 1062 1862 emeritis
1081 1830 1280 1870 largientur?
1296 1830 1382 1860 deni-

57 1887 74 1902 «
92 1884 154 1915 que
171 1884 229 1916 pro
244 1876 424 1907 Neronibus
444 1880 475 1908 et
495 1877 606 1908 Drusis
627 1877 799 1917 imperium
816 1877 926 1918 populi
943 1877 1079 1909 Romani
1093 1880 1261 1917 capessent
1276 1880 1288 1907 Ρ
1304 1876 1381 1917 quin

58 1934 72 1949 κ
91 1922 212 1962 potius,
229 1923 267 1954 ut
283 1923 450 1954 novissimi
469 1923 502 1954 in
518 1924 657 1964 culpam,
673 1924 718 1954 ita
732 1924 827 1964 primi
843 1924 884 1955 ad
897 1924 1117 1965 poeniteutiam
1133 1926 1267 1954 sumus?
1281 1923 1382 1954 Tarda

56 1982 70 1994 α
88 1971 165 2000 sunt
180 1978 253 2009 quae
266 1969 298 2000 in
313 1978 485 2002 commune
495 1970 742 2011 expostulantur
757 1980 765 2001 z
781 1970 939 2011 privatam
954 1970 1091 2011 gratiam
1106 1970 1214 2002 statim
1230 1978 1382 2009 mercare,

84 2066 176 2090 xxw.
197 2071 218 2089 ι.
234 2065 302 2089 Sunt
313 2066 405 2090 dativi.
425 2079 453 2082 —-
465 2070 487 2089 2.
503 2067 552 2096 Qui
567 2066 593 2090 in
607 2067 744 2096 potestate
757 2066 842 2096 patris
857 2066 920 2095 sint,
935 2071 989 2089 non
1003 2065 1119 2095 suijuris
1132 2066 1160 2088 ct
1173 2066 1355 2090 auctoritatis.

85 2102 195 2125 xxvu.
211 2107 230 2125 ι.
241 2101 353 2129 Quoties
366 2101 529 2131 aliquiS.—2.
542 2102 610 2125 Huic
625 2108 719 2125 manus
732 2102 833 2125 inferre
844 2102 1007 2125 minitantes.
1018 2101 1146 2130 Sequitur
1159 2101 1288 2130 appositio
1300 2102 1384 2125 totius

57 2137 255 2161 enunciationis
268 2141 274 2158 ε
292 2143 354 2166 quoe
365 2139 430 2161 erat
441 2143 530 2161 causa
544 2138 685 2161 discordiae
698 2139 768 2161 inter
784 2138 954 2161 Pannonicos
967 2136 1026 2161 illos
1040 2136 1137 2160 milites
1151 2137 1179 2160 et
1192 2137 1381 2165 praetorianos.

56 2186 86 2191 —
95 2180 120 2199 ⁵.
130 2173 229 2203 supple
243 2168 285 2199 ὢν
299 2174 375 2201 (ensl.
388 2179 440 2202 quo
456 2173 595 2202 participio
607 2175 682 2197 caret
695 2174 795 2197 Latinae
808 2173 905 2202 linguae
919 2172 1088 2196 consuetudo
1101 2179 1107 2196 z
1122 2172 1198 2201 quasi
1209 2172 1316 2201 dixerIt,
1326 2172 1383 2196 aliis

56 2209 180 2239 superior
190 2211 270 2234 aetate
280 2212 332 2234 etc.
343 2209 467 2233 Lentulus
480 2208 575 2232 consul
586 2209 673 2232 fuerat
683 2215 709 2233 a.
721 2209 750 2232 U.
760 2213 812 2238 ⁷53,
825 2209 852 2232 et
865 2208 898 2232 de
911 2208 1020 2233 Gaetulis
1033 2207 1257 2237 triumphaverat.
1268 2221 1298 2225 —
1309 2213 1322 2232 4
1333 2209 1383 2232 Res

58 2251 74 2270 a
88 2244 216 2269 militibus
229 2246 374 2276 flagitatas.
385 2257 413 2260 —
426 2249 448 2267 s.
467 2244 606 2272 cautione,
621 2250 673 2273 quo
688 2245 800 2268 caveret
810 2243 971 2274 periculum.

88 2279 205 2304 XXVIII.
221 2286 243 2304 ι.
265 2283 343 2305 Lunae
356 2279 399 2304 vel
418 2279 481 2303 solis
495 2279 617 2303 defectus
632 2281 703 2303 inter
716 2279 774 2303 dira
794 2279 884 2303 omina
898 2278 1059 2303 habebatur.
1080 2279 1129 2303 Hic
1145 2278 1268 2302 defectus
1287 2277 1384 2302 incidit

58 2314 122 2338 anui
140 2319 167 2338 η
179 2320 203 2344 p.
217 2315 280 2340 Chr.
295 2316 338 2340 die
349 2321 377 2339 2⁶
389 2314 550 2344 Septembri,
565 2314 630 2338 hora
642 2320 664 2338 5.
682 2316 727 2339 ιε’.
742 2315 786 2338 32¹¹
800 2314 834 2338 ad
847 2314 876 2338 h.
887 2319 908 2338 ⁷.
920 2316 953 2338 ε’.
964 2315 1018 2338 ³2¹¹.
1029 2319 1090 2338 -ε,
1103 2315 1241 2343 Tanquam
1251 2319 1337 2338 omen.
1354 2315 1383 2337 Et

58 2354 120 2374 eum
135 2350 255 2379 igmarus
270 2352 354 2381 junge
370 2356 405 2374 ac
417 2363 445 2366 -
462 2350 636 2375 assimilans.
655 2363 683 2367 —
700 2356 722 2374 ³.
741 2350 777 2374 Et
799 2350 912 2380 opinans
923 2355 1062 2380 prospere
1079 2351 1147 2378 etc.,
1166 2349 1327 2373 eliciendum
1351 2356 1381 2372 ex

58 2385 234 2414 assimilans,
242 2386 356 2410 similem
368 2392 426 2410 esse
437 2387 557 2415 opinans.
569 2386 690 2416 Peryere
702 2385 824 2416 aliquid,
838 2386 971 2416 persequi,
981 2386 1094 2416 impigre
1106 2390 1199 2414 agere.
1207 2396 1238 2402 —
1248 2388 1268 2407 ⁴.
1283 2384 1383 2413 Quibus

59 2421 115 2446 vim
128 2421 327 2453 incantationis,
342 2428 393 2452 qua
413 2423 501 2448 teneri
516 2423 580 2448 luna
597 2424 769 2454 credebatur,
786 2424 952 2448 averterent.
