1539 2668
100 136 163 167 240
495 133 629 163 TACITI
652 133 862 164 ANNALIUM
884 134 958 165 LIB.
982 134 1052 166 XV.

99 208 305 250 obsepserat‚
323 207 437 249 pergit.
458 207 491 240 et
517 207 687 239 venientes
710 208 862 240 Tiridatis
889 208 1120 249 Vologesisque
1142 209 1182 241 de
1205 218 1284 250 paee
1307 210 1427 252 legatos

100 257 190 289 haud
205 259 411 296 aspernatus,
429 254 576 296 adJ'ungit
592 255 632 286 iis
653 256 857 287 centuriones
874 265 946 288 cum
966 256 1128 287 mandatis
1142 265 1206 287 non
1221 256 1401 290 immitibus
1415 267 1425 290 z

103 318 120 334 «
138 312 198 336 nec
215 303 302 335 enim
325 302 431 334 adhuc
447 311 485 334 eo
502 306 638 334 ventum
651 326 660 342 ,
687 304 724 334 ut
740 303 913 335 certamine
936 305 1081 335 extremo
1103 313 1185 344 opus
1209 305 1302 336 esset.
1324 305 1428 336 multa

99 366 117 378 «
135 351 289 384 Romanis
304 349 461 389 secunda,
485 350 633 390 quaedam
657 350 783 383 Parthis
799 352 944 383 evenisse
972 351 1167 383 documento
1190 351 1346 384 adversus
1372 360 1428 383 su·

101 411 118 427 κ
137 399 300 440 perbiam:
315 397 451 439 proinde
465 400 497 429 et
512 397 646 429 Tiridati
663 398 842 432 conducere
859 399 1019 431 intactum
1030 398 1267 431 vastationibus
1292 407 1428 439 regnum

101 459 119 476 «
136 448 222 479 dono
239 446 400 485 accipere,
430 447 463 476 et
489 440 665 486 Vologesen
695 447 811 479 melius
839 447 992 479 societate
1009 451 1153 479 Romana
1179 455 1276 487 quam
1301 445 1428 478 damnis

100 505 118 522 α
135 494 259 526 mutuis
278 493 364 534 genti
383 492 573 524 Parthorum
591 493 825 525 consulturum.
848 495 928 526 scire
953 497 1113 535 quantum
1136 494 1225 526 intus
1253 492 1428 525 discordia·

100 553 117 569 «
135 551 226 581 rum,
253 548 418 581 quamque
432 539 605 571 indomitas
621 542 653 572 et
669 541 858 581 praeferoces
877 542 1024 573 nationes
1042 543 1175 581 regeret.
1198 542 1311 572 contra
1325 544 1429 581 Impe-

97 602 113 614 «
130 588 229 621 ratori
250 596 309 620 suo
335 588 503 618 immotam
527 587 646 629 ubique
671 597 783 629 pacem
814 590 846 620 et
865 598 965 620 unum
989 589 1022 619 id
1045 589 1164 620 bellum
1192 597 1299 620 esse.»
1327 586 1430 619 Simul

97 637 231 668 consilio
248 637 402 666 terrorem
425 634 583 673 adjicere,
600 638 632 667 et
656 636 851 676 megistanas
865 635 876 653 ²
904 635 1072 667 Armenios
1085 660 1094 675 ,
1120 635 1175 675 qui
1192 635 1287 676 primi
1301 644 1319 666 a
1334 634 1429 667 nobis

97 683 300 720 defecerant,
318 682 407 722 pellit
426 682 572 722 sedibus,
586 683 721 715 castella
734 691 848 715 eorum
862 682 1032 722 exscindit,
1051 683 1163 723 plana,
1181 682 1284 721 edita,
1303 681 1429 713 validos

96 730 322 770 invalidosque
338 729 406 769 pari
421 731 509 761 metu
525 730 677 770 complet.

140 781 278 810 XXVIII.
303 778 372 808 Non
390 776 566 817 insensum,
594 786 652 809 nec
667 786 742 809 cum
766 777 876 808 hostili
897 776 971 807 odio
989 776 1182 808 Corbulonis
1198 783 1318 808 nomen
1332 773 1432 806 etiam

96 824 243 857 barbaris
261 824 438 855 habebatur
457 824 480 863 ¹,
508 833 611 864 eoque
628 825 800 856 consilium
818 824 886 864 ejus
913 823 1013 855 fidum
1032 824 1217 856 credebant.
1248 832 1323 864 ergo
1338 821 1433 853 Volo-

96 882 187 913 geses
201 881 307 912 neque
325 874 416 903 atrox
433 871 465 902 in
482 880 643 903 summam
654 897 662 912 ,
681 872 727 904 et²
744 872 936 912 quibusdam
959 872 1158 912 praefecturis
1182 870 1326 903 inducias
1339 867 1431 910 petit.

97 920 258 952 Tiridates
275 921 382 951 locum
403 920 555 960 diemque
575 919 738 960 colloquio
761 920 877 960 poscit.
903 921 1031 960 tempus
1053 920 1290 960 propinquum,
1320 920 1431 955 locus,

95 967 130 999 in
152 977 218 1008 quo
235 977 339 1008 nuper
356 967 497 998 obsessae
514 976 588 998 cum
606 968 696 998 Paeto
715 967 859 1006 legiones
875 969 984 1005 erant,
1005 976 1106 1007 quum
1128 967 1272 998 barbaris
1289 966 1433 998 delectus

96 1017 183 1047 esset
198 1015 240 1046 ob
257 1015 447 1045 memoriam
464 1014 598 1045 laetioris
612 1014 672 1045 sibi
692 1014 758 1052 rei,
782 1014 956 1045 Corbuloni
974 1023 1038 1045 non
1059 1014 1180 1045 vitatus
1193 1039 1201 1054 ‚
1220 1016 1256 1046 ut
1273 1012 1433 1045 dissimili-

94 1063 176 1095 tudo
199 1063 336 1093 fortuna·
350 1061 482 1101 gloriam
508 1063 646 1100 augeret.
666 1070 771 1101 neque
797 1061 930 1092 infamia
953 1062 1028 1092 Paeti
1047 1062 1221 1100 angebatur
1238 1061 1248 1079 ³
1266 1071 1273 1091 :
1292 1060 1378 1100 quod
1395 1068 1433 1091 eo

96 1110 239 1142 maxime
263 1110 389 1150 patuit,
406 1109 482 1148 quia
497 1107 562 1139 silio
589 1108 658 1147 ejus
685 1109 820 1139 tribuno
839 1108 957 1139 ducere
980 1109 1162 1148 manipulos
1185 1110 1282 1148 atque
1309 1107 1435 1148 operire

95 1158 248 1197 reliquias
267 1156 358 1187 malae
376 1164 491 1196 pugnae
507 1155 691 1195 imperavit.
722 1156 779 1186 Die
805 1158 899 1195 pacta
921 1155 1069 1186 Tiberius
1089 1155 1279 1195 Alexander,
1298 1153 1433 1186 illustris

95 1214 194 1245 eques
211 1209 376 1235 Romanus
388 1228 396 1242 ,
417 1203 562 1234 minister
578 1203 663 1233 bello
679 1202 807 1242 datus&
825 1205 856 1234 et
868 1203 1022 1234 Vinianus
1040 1204 1162 1235 Annius
1176 1228 1184 1242 ,
1204 1212 1299 1243 gener
1312 1202 1433 1235 Corbu·

95 1252 182 1285 lonis
195 1277 203 1291 ,
218 1251 363 1282 nondum
379 1251 541 1281 senatoria
555 1252 650 1282 aetate
667 1250 692 1290 ⁵,
711 1251 765 1282 sed
782 1259 838 1291 pro
853 1250 957 1290 legato
971 1251 1094 1291 quintae
1115 1251 1229 1291 legioni
1248 1250 1432 1291 impositus,

96 1299 129 1331 in
144 1301 250 1331 castra
266 1299 416 1329 Tiridatis
434 1307 567 1337 venere,
591 1298 705 1329 lionori
730 1299 814 1337 ejus,
842 1307 879 1329 ac
906 1307 946 1329 ne
971 1300 1131 1329 metueret
1158 1298 1289 1329 insidias
1313 1297 1371 1329 tali
1388 1297 1433 1338 pi-

95 1356 206 1387 gnore.
223 1346 325 1377 viceni
345 1346 461 1376 deliine
475 1346 602 1385 equites
619 1345 790 1386 assumpti.
815 1346 846 1376 et
863 1345 934 1376 viso
959 1346 1142 1376 Corbulone
1162 1354 1215 1376 rex
1241 1345 1327 1385 prior
1349 1353 1433 1386 equo

95 1394 243 1431 desiluit3
265 1402 323 1423 nec
338 1396 507 1423 cunctatus
525 1393 663 1424 Corbulo
675 1417 684 1432 ‚
707 1393 761 1423 sed
779 1393 875 1433 pedes
894 1395 1029 1433 uterque
1042 1393 1171 1423 dextras
1186 1392 1355 1424 miscuere.

138 1445 245 1474 XXIX.
271 1440 347 1471 Exin
372 1444 534 1471 Romanus
567 1440 678 1471 laudat
703 1440 855 1480 juvenem
885 1442 1017 1471 omissis
1042 1440 1278 1480 prcecipilibus
1300 1441 1375 1470 τ’ῑιῖα
1398 1440 1431 1470 ec

96 1490 277 1521 salutaria
303 1490 546 1527 capessentem.
577 1487 630 1518 ille
660 1487 701 1518 (le
731 1487 910 1519 nobilitare
935 1489 1066 1527 gyenere's
1092 1488 1231 1517 multum
1259 1486 1432 1526 praefatus,

97 1537 203 1568 cetera
222 1538 437 1574 temperanter
454 1535 624 1574 adjungit:
650 1537 784 1566 iturum
808 1536 932 1575 quippe
960 1538 1098 1566 Romam
1126 1535 1353 1574 telluremque
1377 1540 1432 1564 no-

96 1592 179 1616 vum
203 1584 334 1615 Owsart
351 1582 470 1620 decus,
488 1590 554 1613 non
572 1581 727 1613 adversis
743 1582 955 1612 Parthorum
974 1582 1073 1612 rebus
1091 1582 1281 1620 supplicem
1298 1580 1433 1611 Arsaci·

97 1632 173 1665 den.
195 1632 265 1660 tum
282 1629 402 1669 placuit
419 1629 581 1660 Tiridaten
600 1637 718 1668 ponere
735 1629 820 1668 apud
834 1628 969 1667 effigiem
993 1629 1127 1659 Caesaris
1146 1628 1269 1667 insigne
1285 1628 1407 1668 regium
1421 1654 1429 1670 ‚

96 1688 156 1710 nec
169 1677 228 1709 nisi
243 1685 341 1706 manu
358 1675 493 1706 Neronis
506 1684 680 1715 resumere3
697 1677 729 1706 et
742 1676 937 1715 colloquium
950 1676 1061 1705 osculo
1078 1675 1216 1706 finitum.
1230 1676 1305 1705 Dein
1321 1678 1432 1715 paucis

96 1726 211 1758 diebus
240 1722 435 1761 interjectis,
458 1732 573 1762 magna
599 1723 763 1763 urrimque
790 1723 916 1763 specie,
939 1723 1012 1753 inde
1040 1731 1137 1762 eques
1153 1722 1351 1762 compositus
1375 1733 1432 1764 per

96 1775 222 1807 turmas
238 1772 270 1801 et
292 1770 473 1807 insignibus
498 1770 627 1810 patriis,
653 1771 728 1801 liinc
747 1770 874 1809 agmina
903 1770 1063 1809 legionum
1089 1772 1206 1800 stetere
1236 1769 1432 1808 fulgentibus

96 1820 213 1861 aquilis
229 1817 393 1856 signisque
419 1819 452 1848 et
478 1818 661 1848 simulacris
678 1817 775 1848 deum
789 1841 796 1855 ,
818 1818 848 1847 in
866 1817 998 1847 modum
1018 1816 1138 1856 templi.
1168 1816 1274 1847 medio
1291 1817 1432 1848 tribunal

96 1867 206 1899 sedem
222 1866 366 1897 curulem
382 1866 415 1895 et
432 1864 523 1895 sedes
539 1865 675 1904 effigiem
698 1864 832 1896 Neronis
852 1864 1042 1895 sustinebat.
1061 1864 1100 1894 ad
1127 1873 1225 1903 quam
1248 1873 1431 1904 progressus

96 1914 255 1948 Tiridates
266 1938 273 1952 ,
289 1913 382 1944 caesis
396 1920 434 1942 ex
450 1921 539 1943 more
553 1912 693 1943 victimis
704 1937 712 1951 ‚
731 1912 894 1943 sublatum
913 1912 1017 1952 capite
1034 1911 1182 1942 diadema
1202 1911 1333 1951 imagini
1353 1910 1430 1943 snb-

94 1963 192 2005 jecit,
219 1961 344 1999 magnis
372 1960 457 2000 apud
487 1962 621 1991 cunctos
648 1960 832 1991 animorum
862 1960 1023 1997 motibus,
1058 1967 1140 1998 quos
1169 1958 1306 1998 angebat
1335 1959 1430 1989 insita

97 2010 204 2040 adhuc
217 2009 319 2039 oculis
342 2007 543 2038 exercituum
560 2011 781 2038 Romanorum
803 2007 910 2038 eredes
925 2010 977 2037 aut
991 2006 1118 2037 obsidio
1133 2014 1141 2036 :
1157 2014 1197 2036 ac
1214 2014 1304 2036 nunc
1319 2014 1430 2036 versos

97 2065 198 2088 casus
216 2066 225 2085 :
241 2057 376 2087 iturum
407 2054 586 2086 Tiridaten
604 2056 754 2086 ostentui
772 2054 928 2094 qentibus
950 2054 1083 2094 quanto
1113 2054 1227 2083 minas
1245 2060 1351 2092 quam
1375 2061 1429 2083 ca-

92 2104 256 2145 ptivum!

139 2154 229 2182 XXX.
255 2149 388 2180 Addidit
405 2149 514 2189 gloriae
532 2148 673 2181 Corbulo
691 2148 879 2180 comitatem
899 2147 1095 2187 epulasque3
1121 2147 1153 2177 et
1178 2145 1337 2185 rogitante
1358 2153 1429 2184 rege

97 2255 308 2284 -2.Mar;natcs,
318 2255 429 2284 proprio
440 2255 529 2282 gentis
538 2255 671 2279 vocabulo
683 2251 828 2278 mehestrin
840 2253 865 2276 in
878 2251 1096 2282 graeciscrmonis
1104 2250 1305 2274 similitudinem
1317 2250 1432 2274 deflexu·

128 2291 239 2317 xxvnt
267 2296 288 2313 i.
305 2290 403 2313 Eadem
424 2290 561 2314 locutione
582 2291 642 2319 ΧΗ,
660 2296 684 2314 18
700 2296 705 2313 :
724 2291 811 2313 Omne
827 2289 918 2312 scelus
938 2289 1090 2311 externum
1114 2292 1178 2309 cum
1204 2286 1308 2310 lertitia
1329 2285 1431 2310 habem-

97 2328 230 2352 dum.——2.
246 2325 395 2354 Vologeses
411 2326 438 2349 et
456 2326 489 2348 ad
512 2332 644 2349 summam
660 2332 716 2349 rein
743 2325 942 2348 decernendam
963 2328 1025 2351 (sur
1039 2323 1063 2346 le
1076 2321 1225 2350 principa!
1238 2321 1273 2344 de
1289 2320 1432 2351 l'assaire)

99 2369 153 2387 non
166 2362 587 2389 ornati-ox,et....—:..Cor1›i110
606 2367 656 2385 -4.
672 2362 690 2385 Α
709 2362 814 2386 Nerone
826 2360 904 2383 datus
919 2359 1087 2388 expeditioni
1107 2356 1266 2380 Corbulonis
1278 2358 1307 2380 nt
1328 2356 1435 2383 arbiter

99 2400 128 2424 et
144 2399 252 2428 adjutor
267 2396 512 2422 consiliorum-c.
527 2398 591 2427 Qua:
608 2400 665 2423 tuin
680 2398 738 2424 tere
753 2398 813 2423 erat
829 2395 974 2426 vigesimus
985 2395 1095 2425 quintus
1109 2393 1195 2419 winus.
1209 2398 1304 2416 annus.
