1539 2668
144 159 202 190 194
518 153 654 183 TACITI
678 152 890 183 ANNALIUM
913 152 987 182 Lm.
1011 152 1094 180 XIII.

141 247 157 262 a
173 233 237 264 rito
256 230 298 263 ad
316 230 507 263 servitutem
528 228 670 267 retrahi,
701 228 739 259 ut
764 229 855 258 metu
880 227 1090 258 coerceantur
1117 234 1200 265 quos
1225 225 1382 260 beneficia
1407 238 1473 262 non

140 293 157 309 ιε
173 278 400 312 mutavissent.
420 290 436 305 n

178 328 303 359 XXVII.
330 323 552 356 Disserebatur
577 325 691 354 contra
705 346 714 362 ,
736 333 751 349 «
767 329 944 362 paucorum
962 321 1089 361 culpam
1117 319 1195 360 ipsis
1214 320 1384 353 exitiosam
1403 331 1475 354 esse

139 388 156 403 «
173 374 308 413 debere,
326 372 408 403 nihil
428 371 654 402 universorum
669 369 734 408 juri
751 368 984 409 derogandum.
1003 368 1121 408 quippe
1141 368 1206 398 late
1224 366 1334 399 susum
1359 369 1390 401 id
1406 378 1475 400 cor·

140 434 156 450 «
173 430 245 462 pus.
270 419 367 452 hinc¹
387 419 578 459 plerumque
599 417 705 448 tribus
718 416 745 456 ²,
768 416 918 447 decurias
934 415 961 455 ³,
984 415 1161 447 ministeria
1187 415 1426 454 magistratibus
1444 420 1476 448 et

139 481 156 497 «ι
173 467 414 505 sacerdotibus,
433 465 583 496 cohortes
596 464 694 495 etiam
708 464 741 494 in
759 463 846 495 Urbe
863 463 1082 503 conscriptas;
1101 465 1132 493 et
1145 461 1295 503 plurimis
1310 463 1475 504 Equitum,

139 529 157 545 «ι
172 516 335 557 plerisque
361 512 565 545 senatoribus
578 521 642 542 non
663 511 792 542 aliunde
809 511 966 550 originem
980 511 1075 542 trahi.
1095 510 1119 541 si
1142 513 1366 550 separarentur
1381 511 1476 542 liber·

140 577 157 593 «
173 563 253 603 tini,
270 561 473 593 manifestam
488 559 557 590 fore
568 559 736 599 penuriam
750 559 977 598 ingenuorum.
995 567 1061 588 non
1077 558 1197 588 frustra
1212 559 1363 598 majores,
1374 566 1477 598 quum

141 625 157 640 «
174 611 365 651 dignitatem
384 607 536 639 ordinum
563 606 764 645 dividerent,
782 605 964 636 libertatem
980 605 1013 635 in
1029 606 1195 636 communi
1213 606 1372 645 posuisse.
1398 605 1476 645 quin

137 671 155 687 «ι
174 660 206 691 et
223 655 471 689 manumittendi
490 654 572 686 duas
587 653 712 694 species
729 652 933 693 institutas'·‚
960 654 997 683 ut
1023 653 1261 693 relinqueretur
1279 653 1477 694 poenitentiae

139 719 155 734 «ι
174 708 230 737 aut
247 714 333 736 novo
351 703 506 735 beneficio
528 702 630 733 locus.
650 710 731 741 quos
746 701 890 732 vindicta
913 701 1069 740 patronus
1088 709 1151 731 non
1168 700 1372 741 liberaverit,
1389 701 1478 732 velut

139 766 156 781 «ι
173 752 304 785 vinculo
317 750 484 783 servitutis
501 749 639 780 attineri.
653 748 824 788 dispiceret
840 748 977 788 quisque
1000 746 1133 787 merita,
1152 747 1306 788 tardeque
1321 747 1476 778 concede-

139 813 156 828 «
172 801 221 832 ret
234 799 320 840 quod
349 798 462 830 datum
491 806 556 828 non
582 797 792 828 adimeretur.
809 808 824 823 n
850 799 925 827 Haec
949 795 1110 826 sententia
1134 795 1256 834 valuit,
1284 792 1488 835 scripsitque

136 851 243 880 Caesar
258 845 407 884 senatui,
427 846 598 885 privatim
615 844 625 861 ⁵
650 842 884 883 expenderent
909 851 1053 874 causam
1068 842 1272 874 libertorum
1285 867 1296 882 ,
1310 843 1441 883 quoties
1455 851 1478 873 a

134 896 297 936 patronis
322 893 561 932 affluerentur
581 902 591 922 .·
616 892 651 921 in
673 898 853 921 commune
870 890 961 921 nihil
985 889 1158 930 clei-oyem.
1188 894 1254 921 Nec
1281 889 1384 920 multo
1406 892 1479 929 post

132 943 267 982 ereptus
284 940 393 971 amitae
412 939 549 969 libertus
564 937 652 968 Paris
672 937 765 977 quasi
779 938 851 977 jure
865 937 973 976 civili,
989 946 1055 967 non
1072 937 1141 968 sinc
1156 937 1290 968 infamia
1306 936 1478 977 Principis,

139 989 232 1029 cujus
244 988 333 1027 jussu
349 986 569 1026 perpetratum
586 983 795 1024 ingenuitatis
815 983 973 1022 judicium
991 985 1058 1014 erat
1073 984 1098 1014 ⁶.

184 1037 323 1066 XXVIII.
348 1032 497 1064 Manebat
527 1031 737 1062 nibilominus
767 1030 915 1070 quaedam
936 1031 1041 1070 imago
1068 1029 1266 1070 reipublicae.
1290 1038 1366 1061 nam
1395 1029 1479 1061 inter

141 1082 322 1114 Vibullium
340 1081 512 1120 praetorem
537 1081 569 1109 et
586 1078 691 1118 plebei
709 1077 877 1108 tribunum
896 1078 1069 1108 Antistium
1087 1081 1195 1108 ortum
1217 1080 1377 1108 certamen
1389 1101 1397 1117 ,
1414 1086 1435 1117 q
1456 1087 1475 1108 u

138 1128 355 1161 immodestos
373 1127 516 1157 fautores
537 1124 732 1155 histrionum
750 1126 783 1154 et
799 1133 818 1154 a
834 1127 971 1163 praetore
994 1124 1027 1154 in
1040 1124 1172 1155 vincula
1190 1123 1306 1155 ductos
1326 1123 1478 1155 tribunus

140 1177 254 1208 omitti
272 1175 279 1192 ¹
299 1174 458 1213 jussisset.
484 1171 736 1211 comprobavere
754 1172 874 1209 Patres,
890 1171 1034 1201 incusata
1051 1172 1188 1202 Antistii
1206 1171 1354 1202 licentia.
1377 1169 1478 1202 simul

135 1221 292 1263 prohibiti
310 1220 452 1255 tribuni,
476 1219 538 1257 jus
552 1220 749 1258 prcetorum
770 1219 803 1249 et
831 1218 1013 1248 romulum
1038 1220 1250 1258 prcerc'pcre,
1271 1220 1337 1249 aut
1357 1226 1478 1249 voc-are

137 1278 180 1301 cx
199 1270 312 1300 Italia
329 1276 406 1298 cum
423 1266 546 1306 [sumus
566 1265 636 1304 leae
654 1267 710 1304 aqi
724 1267 840 1305 posset
854 1264 879 1295 ².
897 1264 1022 1296 addidit
1037 1269 1072 1296 L.
1090 1265 1175 1304 Piso,
1194 1265 1381 1303 designatus
1400 1274 1476 1296 con-

136 1318 186 1349 sul
198 1342 206 1356 ‚
222 1325 262 1348 ne
279 1314 362 1356 quid
378 1316 475 1345 incra
498 1312 638 1343 domum
655 1312 665 1328 ³
686 1321 752 1353 pro
770 1314 943 1352 potestate
959 1312 1181 1343 adverterent
1192 1334 1202 1348 ,
1228 1320 1309 1343 neve
1325 1312 1478 1344 minuam

137 1364 181 1396 ab
212 1366 254 1394 iis
280 1362 413 1394 dictam
442 1362 629 1401 quoestores
655 1361 777 1391 (eretria
793 1361 829 1391 in
855 1359 1015 1398 publicas
1042 1359 1184 1391 tabulas
1206 1360 1288 1390 ante
1309 1361 1478 1398 quattuor

136 1418 267 1443 menses
281 1408 455 1446 referrent
467 1416 478 1442 ,·
498 1406 607 1437 medio
627 1408 788 1446 temporis
803 1408 926 1437 contra
944 1406 1055 1437 dicere
1070 1407 1188 1437 lic-eret
1201 1430 1209 1445 ‚
1225 1405 1334 1446 deque
1350 1414 1387 1436 eo
1400 1414 1476 1437 con-

136 1459 228 1491 sales
242 1456 449 1488 statuerent.
461 1454 610 1485 cohibita
627 1455 747 1484 arctius
760 1455 792 1484 et
803 1452 946 1484 aedilium
961 1455 1115 1493 potestas,
1131 1455 1355 1492 statutumque
1369 1461 1476 1492 quan-

139 1507 215 1538 tum
237 1504 398 1537 curules,
416 1503 590 1542 quantum
605 1502 717 1541 plebei
736 1502 894 1541 piqnorts
908 1503 1073 1541 caperent
1091 1500 1100 1517 ⁴
1124 1501 1178 1531 vel
1200 1508 1316 1539 paenae
1340 1501 1477 1539 irroqa-

138 1555 229 1585 rent.
247 1560 284 1582 eo
301 1549 467 1581 Helvidius
483 1548 629 1588 Priscus,
652 1548 806 1579 tribunus
822 1547 924 1588 plebis
938 1572 947 1587 ‚
969 1547 1125 1579 adversus
1139 1546 1368 1578 Obultronium
1385 1546 1477 1577 sabi-

138 1608 239 1639 num,
258 1597 363 1630 aerarii
387 1598 602 1636 quaestorem,
624 1595 848 1626 contentiones
877 1595 1022 1634 proprias
1044 1596 1206 1634 exercuit,
1226 1596 1396 1634 tanquam
1415 1595 1478 1635 ,βας

166 1675 274 1699 XXVII.
290 1680 310 1699 I.
325 1675 360 1698 Ex
375 1674 509 1698 libertinis
523 1671 681 1701 (constare).
699 1683 726 1687 ——
741 1676 763 1694 2.
775 1672 816 1695 Sc.
849 1670 967 1695 urbanas
980 1689 985 1699 ,
1000 1671 1027 1694 in
1041 1671 1139 1700 quibus
1158 1673 1247 1701 capite
1260 1673 1335 1697 censi
1352 1674 1380 1696 ct
1393 1672 1477 1697 liber-

138 1709 189 1734 tini
202 1712 295 1738 erant5
307 1715 461 1739 quanquam
477 1710 532 1732 tum
546 1707 623 1731 multi
635 1708 717 1730 etium
732 1707 759 1729 in
773 1706 891 1730 rusticis
904 1706 1034 1730 tribubus
1046 1706 1224 1730 nobilioribus
1236 1708 1429 1732 censebantur.
1448 1722 1477 1725 —

138 1751 164 1771 ³.
177 1746 294 1775 collegia
306 1745 471 1773 scribarum,
488 1744 633 1771 lictorum,
649 1743 800 1769 viatorum,
815 1748 988 1771 praeconum,
1003 1747 1182 1765 accensorum
1196 1762 1201 1772 ,
1217 1745 1270 1767 etc.
1282 1763 1286 1772 ‚
1299 1750 1358 1773 quae
1377 1744 1476 1774 partim

138 1782 238 1806 iterum
252 1781 438 1811 significantur
451 1779 628 1809 sequentibus
641 1778 822 1806 ministeria,
846 1779 900 1801 etc.
920 1789 947 1793 -
965 1781 986 1800 4.
1005 1778 1074 1801 Olim
1093 1778 1202 1806 plures:
1220 1779 1253 1803 de
1268 1780 1364 1808 quibus
1375 1785 1400 1803 ν.
1416 1780 1476 1803 Βα-

140 1822 269 1846 ctmrroy
283 1835 288 1846 ,
302 1817 449 1840 Institutas
461 1815 632 1844 empliquees,
646 1814 744 1843 §72-77-
763 1813 874 1836 Tacitus
883 1813 1008 1842 {oquitur
1028 1814 1061 1837 dc
1072 1814 1210 1844 vindicta,
1230 1821 1283 1843 qua
1296 1821 1390 1838 servus
1404 1815 1477 1838 civili

136 1853 197 1883 iure
205 1858 346 1882 possessus
359 1858 450 1875 coram
460 1852 574 1880 praetore
588 1850 746 1873 solennibus
763 1848 854 1872 verbis
870 1850 897 1872 in
911 1849 1067 1873 libertatem
1082 1849 1290 1879 vindicabatur;
1305 1856 1336 1874 ea
1347 1850 1405 1874 sola
1418 1852 1476 1874 tum

134 1888 245 1919 justam
260 1889 287 1911 et
304 1887 411 1916 plenam
430 1886 591 1910 libertatem
611 1885 759 1915 praebebat.
778 1884 869 1908 Ceteri
888 1885 988 1914 praeter
1002 1884 1151 1908 vindictam
1165 1886 1241 1908 modi
1256 1885 1476 1909 manumissionis

139 1924 224 1954 (velut
242 1924 320 1947 incer·
333 1923 438 1946 amicos
452 1923 536 1945 testes
550 1921 638 1945 verbis
653 1921 714 1944 data
726 1939 731 1949 ‚
747 1926 799 1949 per
811 1920 973 1949 epistolam,
992 1926 1048 1949 per
1069 1926 1197 1944 *inensam
1211 1939 1217 1950 ‚
1232 1927 1283 1950 per
1296 1921 1477 1951 emptionem)

140 1960 268 1984 revocari
288 1959 429 1988 poterant,
444 1958 482 1981 ita
497 1959 526 1980 ut
543 1957 723 1980 manumissus
739 1957 862 1979 maneret
876 1956 985 1984 quidem
1003 1961 1051 1984 per
1065 1957 1147 1980 vitam
1163 1956 1247 1984 liber,
1261 1957 1307 1979 sed
1323 1957 1477 1980 moreretur

140 1996 171 2017 ut
184 2000 287 2022 servus,
303 1994 380 2017 bonis
398 1994 426 2017 et
440 1992 534 2016 liberis
551 1992 583 2015 ad
599 1992 657 2015 heri
680 1991 849 2015 lieredumve
861 1992 918 2020 ejus
938 1992 1135 2020 possessionem
1150 1992 1327 2015 redeuntibus
1341 1998 1347 2015 z
1362 1993 1401 2015 sic
1414 1997 1475 2016 mox

141 2030 268 2053 dicuntur
279 2029 304 2052 hi
316 2030 393 2052 velut
405 2028 520 2051 vinculo
538 2027 687 2051 servitutis
704 2027 836 2050 attineri.
849 2027 928 2050 Tales
942 2028 1034 2050 autem
1056 2027 1148 2050 liberti
1168 2027 1307 2056 obsequiis
1325 2028 1473 2056 impetrare

140 2065 286 2088 studebant
300 2070 314 2087 a
328 2064 449 2093 patronis
459 2082 466 2092 ,
481 2065 510 2086 ut
525 2069 571 2092 per
586 2063 733 2086 vindictam
748 2063 936 2085 assererentur
955 2062 982 2085 in
997 2063 1097 2090 justam
1111 2062 1269 2086 libertatem
1283 2068 1289 2084 ι
1304 2068 1385 2091 quam
1399 2068 1474 2092 spem

140 2100 247 2130 patroni
262 2099 305 2122 vel
319 2099 428 2128 explere
439 2100 566 2128 poterant
582 2103 653 2121 novo
664 2098 810 2127 beneficio,
824 2096 869 2120 vel
888 2096 1022 2126 repellere
1034 2115 1039 2125 ,
1052 2098 1091 2120 sic
1114 2097 1289 2126 poenc'tentioe
1314 2097 1405 2121 locum
1423 2097 1474 2121 sibi

142 2140 300 2159 concessum
315 2134 456 2157 habentes.
478 2147 504 2151 —
523 2139 544 2157 5.
560 2134 711 2163 separatim
723 2134 863 2162 cujusque.
874 2145 902 2148 ——
915 2138 937 2156 6.
952 2132 1079 2156 Nimirum
1100 2133 1278 2161 Paris-pretio
1292 2133 1362 2156 clato
1376 2138 1474 2156 manu-

141 2170 238 2194 missus
252 2169 340 2191 fuerat
355 2175 369 2192 a
392 2169 508 2192 Domitia
521 2175 526 2191 :
539 2169 610 2198 jam.
626 2169 750 2197 Principe
766 2169 878 2192 auctore
889 2185 896 2195 ,
911 2169 1029 2196 pretium
1044 2167 1109 2191 illud
1131 2169 1240 2197 repetiit
1254 2174 1268 2191 a
1292 2170 1408 2197 patrona
1423 2173 1474 2197 pro

141 2203 279 2232 tribunali,
292 2203 428 2233 judicibus
441 2210 502 2227 eum
517 2205 673 2234 inqenuum
688 2206 791 2228 natum
806 2209 864 2227 esse
878 2204 906 2226 et
917 2203 1015 2231 injuria
1027 2209 1075 2232 pro
1089 2209 1168 2227 servo
1183 2203 1305 2227 habitum
1319 2203 1401 2227 fuisse
1410 2209 1473 2227 cen-

142 2239 273 2263 sentibus.

174 2275 291 2299 XXVIII.
310 2280 331 2298 I·
343 2275 403 2299 Non
416 2274 530 2304 amplius
545 2275 682 2298 custodiri.
694 2280 753 2299 ——2.
772 2275 862 2299 Citare
876 2274 909 2297 ad
921 2271 1041 2303 judicem
1053 2280 1114 2298 reos
1125 2280 1156 2298 ex
1173 2274 1249 2298 ltalia
1262 2281 1267 2298 :
1280 2281 1341 2299 nam
1352 2275 1473 2304 potestas

141 2310 315 2334 tribunorum
329 2310 406 2334 Urbis
435 2311 559 2334 terminis
581 2311 787 2340 circumscripta
805 2311 874 2334 erat.
895 2310 947 2334 Sed
961 2310 1024 2333 olim
1037 2314 1077 2339 {ne
1094 2311 1121 2333 in
1144 2311 1214 2334 Urbe
1234 2311 1342 2340 quidem
1368 2315 1472 2335 vocare

141 2346 277 2374 poterant,
292 2345 362 2375 quod
381 2346 440 2369 tum
449 2344 557 2368 licuisse
577 2346 607 2368 iis
628 2346 772 2370 videtur.—
787 2352 808 2369 5-
822 2346 873 2369 Sed
887 2346 994 2376 publice
1011 2347 1039 2369 et
1055 2352 1103 2375 pro
1115 2346 1252 2370 tribunali.
1267 2359 1294 2363 —-
1306 2351 1330 2370 4.
1342 2346 1470 2375 Piynora

108 2381 111 2384 “
141 2381 259 2410 (mulctat
271 2380 418 2410 solvendae)
433 2381 613 2410 capiebantur
626 2382 653 2404 in
667 2382 792 2405 domibus
806 2382 905 2406 civium
920 2382 966 2411 qui
986 2383 1061 2406 citati
1077 2383 1110 2406 ad
1130 2384 1304 2412 magistratus
1317 2389 1373 2408 non
1388 2387 1470 2413 pare-

142 2417 220 2445 rent,
232 2416 313 2440 ctiam
327 2417 483 2440 senatorum
502 2417 548 2446 qui
562 2418 651 2440 vocati
666 2418 724 2441 sinc
739 2423 829 2442 causa
845 2418 956 2442 sontica
970 2419 997 2441 in
1011 2419 1115 2442 curiam
1125 2424 1181 2443 non
1194 2420 1327 2445 venirent.
1339 2419 1467 2445 AEouium
