1539 2668
121 154 164 182 22
531 151 661 179 TACITI
686 150 893 179 ANNALIUM
915 150 990 180 LIB.
1014 151 1039 180 1.

125 225 316 258 ceciderant.
335 224 462 256 Excivit
477 233 513 255 ea
530 223 637 255 caedes
653 225 820 253 Bructeros
833 247 841 262 ‚
857 223 1020 255 Tubantes
1036 248 1044 263 ,
1068 223 1234 264 Usipetes,
1259 223 1447 266 saltusque,

125 282 180 313 per
194 281 276 313 quos
293 272 446 304 exercitui
464 279 637 310 regressus,
656 269 812 301 insedere.
831 271 919 310 quod.
935 279 1070 310 gnarum
1089 270 1176 310 duci,
1191 271 1386 311 incessitque
1398 273 1448 305 iti-

124 319 193 351 neri
212 323 243 351 et
266 319 377 359 proelio
391 318 417 348 ².
444 327 518 358 pars
533 318 679 357 equitum
707 318 739 348 et
767 317 943 348 auxiliariae
971 318 1119 349 cohortes
1142 317 1302 349 ducebant
1318 317 1349 358 ³3
1373 328 1448 352 mox

125 367 229 407 prima
251 366 331 406 legio
346 390 354 405 ‚
383 368 415 397 et
437 364 554 396 mediis
577 363 814 404 impedimentis
837 364 1003 396 sinistrum
1034 365 1116 396 latus
1142 365 1448 406 unaetvicesimani,

125 414 277 445 dextrum
294 412 441 452 quintani
459 411 621 449 clausere;
639 410 794 442 vicesima
814 411 892 451 legio
910 413 998 451 terga
1011 411 1150 443 firmavit
1167 421 1174 442 ;
1196 414 1269 452 post
1287 411 1385 443 ceteri
1401 420 1449 443 so-

125 459 260 491 ciorum.
279 459 338 490 sed
354 460 480 496 hostes,
496 458 599 489 donec
615 466 728 497 agmen
743 467 799 498 per
816 458 916 490 saltus
931 458 1145 498 porrigeretur
1160 457 1186 497 ⁴,
1215 458 1357 498 immoti3
1375 458 1449 490 dein

124 507 224 538 latera
239 509 271 538 et
286 507 422 537 frontem
439 505 561 536 modice
578 504 773 537 assultantes
786 529 794 545 ‚
814 506 883 537 tota
906 505 936 536 vi
958 506 1157 537 novissimos
1173 506 1335 537 incurrere
1357 515 1364 535 ε
1383 507 1450 537 tur-

124 553 349 593 babanturque
371 553 480 583 densis
505 556 736 583 Germanorum
760 553 900 584 catervis
924 552 1010 583 leves
1031 553 1199 591 cohortes,
1217 562 1317 593 quum
1344 556 1449 584 Caesar

124 599 280 631 advectus
304 600 345 630 ad
366 599 579 630 vicesimanos
606 607 683 629 voce
709 607 843 639 magna,
862 602 934 631 Hoc
954 599 1045 631 illud
1065 601 1196 639 tempus
1222 599 1450 631 obliterandae

122 647 299 678 seditionis
313 673 322 686 ,
345 645 531 677 clamitabat
548 655 555 676 t
571 648 771 685 per-yerent,
786 648 1020 687 properarent
1044 647 1184 686 culpam
1204 648 1237 677 in
1255 646 1356 678 decus
1374 655 1449 678 ver·

124 694 206 725 tere.
226 702 372 724 exarsere
400 692 534 730 animis,
559 701 690 732 unoque
714 692 835 733 impetu
859 697 1047 733 perruptum
1069 693 1192 724 hostem
1213 693 1361 732 redigunt
1377 693 1387 711 ⁵
1414 694 1449 724 in

122 741 233 780 aperta
262 740 463 779 caeduntque.
488 739 584 770 simul
613 739 708 779 primi
732 740 868 779 agminis
884 740 986 780 copiae
1010 748 1141 771 evasere
1157 740 1256 770 silvas
1281 743 1449 780 castraque

122 787 373 818 communivere.
392 786 546 825 Quietum
561 785 636 817 iude
649 786 724 825 iter3
742 786 909 827 fidensque
922 786 1103 818 recentibus
1118 795 1155 818 ac
1169 787 1313 827 priorum
1330 786 1449 819 oblitus

121 834 211 865 miles
229 833 260 864 in
278 833 419 865 hibernis
435 833 570 864 locatur.

163 884 227 912 LII.
253 881 409 912 Nunciata
424 889 460 912 ea
476 880 640 912 Tiberium
655 880 767 912 laetitia
783 889 925 921 curaque
940 880 1075 912 affecere
1094 893 1100 909 ι
1120 880 1302 921 gaudebat,
1320 888 1448 921 oppres·

122 935 188 959 sam
208 927 417 967 seditionem3
442 927 498 959 sed
515 927 601 967 quod
618 928 789 968 largiendis
808 928 953 969 pecuniis
970 931 1000 959 et
1018 928 1172 959 missione
1196 928 1346 959 festinata
1359 928 1448 958 favo·

121 983 188 1006 rem
212 975 351 1005 militum
376 974 582 1014 quaesivisset
598 975 605 992 ¹
623 998 631 1014 ,
652 975 764 1006 bellica
789 984 916 1016 quoque
931 975 1110 1007 Germanici
1135 975 1235 1015 gloria
1260 974 1447 1014 angebatur.

122 1022 231 1053 retulit
246 1025 350 1053 tamen
368 1022 409 1054 ad
431 1024 577 1053 senatum
601 1023 640 1053 de
658 1022 753 1053 rebus
776 1022 874 1062 gestis
887 1045 896 1061 ,
915 1022 1082 1062 multaque
1097 1022 1137 1053 ‹le
1162 1022 1282 1053 virtute
1299 1023 1368 1063 ejus
1384 1029 1448 1052 me·

121 1070 270 1108 moravst,
286 1069 388 1108 magis
401 1069 433 1100 in
450 1069 589 1109 speciem
605 1068 712 1100 verbis
735 1069 902 1108 adornata,
921 1078 1018 1109 quam
1039 1071 1075 1101 ut
1098 1069 1225 1109 penitus
1244 1069 1363 1100 sentire
1379 1076 1447 1100 cre-

121 1116 260 1147 deretur.
281 1116 488 1156 paucioribus
504 1120 644 1147 Drusum
665 1119 696 1147 et
712 1115 809 1147 finem
829 1116 947 1156 Illyrici
964 1118 1073 1147 motus
1090 1115 1251 1155 laudavit,
1274 1115 1330 1147 sed
1352 1115 1448 1146 inten-

120 1163 182 1194 tior
195 1162 206 1179 ²
225 1164 256 1193 et
274 1163 334 1193 lida
351 1162 515 1202 oratione;
532 1166 735 1202 cunctaque,
761 1171 835 1203 quae
857 1162 1064 1194 Germanicus
1088 1162 1281 1202 indulserat,
1307 1159 1450 1194 servavit

119 1210 214 1241 etiam
236 1210 319 1250 apud
337 1210 539 1241 Pannonicos
556 1210 729 1240 exercitus.

162 1261 241 1288 LIH.
269 1257 383 1288 Eodem
403 1266 487 1288 anno
503 1256 587 1288 Julia
608 1265 795 1297 supremum
816 1255 902 1287 diem
920 1256 1022 1295 obiit,
1043 1256 1086 1287 ob
1110 1256 1343 1296 impudicitiam
1369 1256 1447 1288 olim

119 1313 136 1334 a
150 1308 238 1344 putre
252 1308 393 1343 Angusto
410 1304 598 1335 Pandateria
612 1304 717 1333 insula
730 1327 738 1342 ,
755 1312 829 1333 mox
847 1303 968 1343 oppido
985 1303 1213 1343 ffloeginorum,
1232 1303 1288 1342 qui
1304 1303 1446 1335 Siculum

119 1351 238 1381 fretum
259 1351 431 1389 accolunt,
449 1350 569 1381 clausa.
593 1351 697 1380 suerat
715 1350 749 1380 in
778 1349 984 1380 matrimonio
1007 1349 1123 1380 Tiberii
1139 1374 1148 1389 ,
1166 1349 1355 1381 florentibus
1373 1349 1447 1381 Caio

119 1399 151 1428 et
165 1397 261 1427 Lucio
278 1396 459 1428 Caesaribus
471 1420 479 1434 ‚
506 1399 736 1436 spreveratque
761 1399 796 1427 ut
815 1396 971 1436 imparem
991 1396 1012 1426 ¹.
1032 1405 1090 1426 nec
1107 1396 1168 1426 alia
1184 1398 1249 1428 tam
1264 1397 1376 1428 intima
1393 1397 1442 1427 Ti-

118 1443 207 1474 berio
223 1452 338 1482 causa,
358 1452 414 1473 cnr
437 1443 587 1474 Rhodum
609 1443 806 1474 abscederet.
829 1443 998 1482 imperium
1016 1443 1151 1483 adeptus
1175 1446 1350 1483 extorrem,
1368 1443 1446 1474 insa-

118 1499 217 1529 mem,
232 1494 263 1521 et
276 1494 349 1531 post
362 1491 565 1522 interiectum
590 1493 776 1521 Postumum
794 1491 967 1530 Agrippam
984 1490 1090 1521 omnis
1108 1490 1174 1530 spei
1188 1500 1320 1531 egenam
1338 1491 1446 1531 inopia

118 1546 155 1568 ac
174 1537 245 1568 tabe
261 1538 355 1576 longa
372 1536 524 1578 peremit,
541 1536 711 1568 obscuram
735 1537 802 1568 fore
818 1545 927 1567 necem
943 1537 1176 1577 longinquitate
1191 1537 1201 1554 ²
1222 1537 1325 1569 exsilii
1342 1540 1442 1570 ratus.

112 1588 175 1616 Par
191 1593 287 1615 causa
300 1583 438 1616 saevitiae
454 1584 486 1614 in
503 1584 728 1624 Sempronium
745 1584 941 1623 Gracchum,
969 1584 1023 1623 qui
1046 1585 1167 1615 familia
1187 1584 1306 1624 nobili,
1331 1584 1445 1616 sollers

115 1631 244 1671 ingenio
265 1633 297 1661 et
319 1639 416 1670 prave
440 1630 597 1661 facundus
618 1630 643 1670 ³,
665 1630 801 1661 eandem
814 1630 929 1661 Julian]
946 1630 977 1660 in
1003 1631 1209 1662 matrimonio
1236 1636 1278 1662 M.
1296 1632 1443 1672 Agrippae

117 1681 341 1711 temeraverat.
360 1687 418 1709 nec
431 1678 458 1709 is
478 1678 600 1709 libidini
618 1678 705 1717 finis,
722 1679 873 1710 traditam
890 1679 1016 1710 Tiberio
1038 1678 1189 1719 pervicax
1213 1678 1340 1710 adulter
1368 1688 1443 1710 con-

117 1728 258 1759 tumacia
273 1730 306 1758 et
317 1727 401 1758 odiis
421 1727 452 1757 in
467 1727 618 1758 maritum
634 1726 849 1765 accendebat3
873 1725 1038 1766 literaeque
1050 1751 1058 1765 ‚
1081 1734 1161 1766 quas
1175 1730 1189 1756 J
1195 1725 1257 1757 ulia
1276 1726 1358 1766 patri
1380 1729 1443 1758 Au·

116 1777 211 1814 gusto
231 1782 304 1805 cum
322 1773 533 1804 insectatione
547 1773 664 1804 Tiberii
684 1772 837 1813 scripsit,
864 1782 882 1804 a
900 1773 1040 1804 Graccho
1065 1772 1253 1812 compositae
1272 1772 1442 1805 credeban·

115 1822 179 1851 tur.
198 1821 294 1860 igitur
311 1824 439 1851 amotus
452 1820 620 1851 Cercinam
632 1844 640 1858 ,
658 1819 757 1851 Africi
777 1819 873 1850 maris
888 1819 1050 1859 insulam,
1069 1819 1327 1859 quattuordecim
1351 1820 1442 1853 annis

116 1868 266 1899 exsilium
283 1868 443 1899 toleravit.
460 1869 539 1898 tunc
564 1867 682 1898 milites
699 1866 739 1898 ad
756 1867 878 1898 caedem
904 1866 992 1898 missi
1010 1866 1160 1898 invenere
1187 1867 1218 1897 in
1247 1866 1442 1906 prominenti

115 1914 231 1946 littoris
244 1939 252 1953 ‚
271 1914 349 1945 nihil
368 1914 478 1945 laetum
493 1914 725 1954 opperientem.
742 1922 880 1954 quorum
895 1913 1035 1944 adventu
1051 1913 1148 1945 breve
1167 1915 1300 1954 tempus
1314 1913 1440 1954 petivit,

110 1963 154 1992 vut
168 1970 332 2001 suprema
348 1961 521 1992 mandata
537 1963 642 1992 uxori
660 1961 820 1992 Alliartoe
839 1968 902 2000 per
918 1961 1055 1992 litteras
1077 1960 1202 2000 (ἔα-νει,-
1218 1960 1442 2000 cervicemque

114 2008 357 2048 percussoribus
383 2008 520 2047 obtulit,
542 2007 724 2039 constantia
747 2008 862 2038 mortis
893 2007 977 2038 haud
1004 2007 1157 2047 indignus
1182 2006 1370 2047 Sempronio
1386 2016 1440 2037 no-

114 2055 198 2086 mine
214 2055 223 2072 ‘⁴
243 2065 249 2085 :
272 2055 341 2086 vita
359 2055 619 2095 degeneraverat.
645 2054 785 2095 Quidam
812 2062 877 2085 non
905 2058 1006 2085 Roma
1031 2062 1085 2084 eos
1107 2053 1224 2085 milites
1238 2076 1247 2093 ,
1269 2053 1327 2085 sed
1347 2052 1388 2084 ab
1404 2057 1438 2085 L.

119 2164 141 2168 —-
152 2156 172 2174 2.
183 2151 318 2174 incessum
334 2149 470 2173 exercitus
485 2149 603 2173 instituit
616 2149 717 2174 itineri
730 2149 810 2173 simul
821 2149 849 2173 et
857 2148 967 2178 proeli'o,
983 2148 1013 2172 ut
1026 2149 1133 2177 utrique
1146 2148 1185 2171 rei
1196 2148 1328 2171 inservire
1338 2148 1438 2177 posset.

123 2200 141 2204 -
153 2192 175 2210 ι’..
196 2186 272 2210 Primi
293 2185 457 2210 incedebant
473 2204 478 2214 ,
501 2181 641 2220 ἡγοῦντο.
655 2197 684 2201 -
694 2191 715 2209 ιι.
730 2185 905 2210 procedendo
923 2190 970 2214 per
989 2184 1074 2208 saltus
1091 2183 1288 2208 extenderetur
1303 2185 1336 2207 *et
1349 2183 1438 2207 minus

112 2223 210 2247 densus
224 2221 311 2244 esset,
331 2232 357 2236 —-
375 2225 397 2243 5.
413 2220 461 2243 Hic
475 2222 583 2249 proprio
596 2226 684 2249 sensu,
702 2221 836 2250 repellunt
849 2221 876 2244 in
889 2221 983 2248 aperta
998 2219 1067 2243 loca.

143 2257 196 2281 Lll.
222 2262 242 2280 i.
271 2255 455 2280 Germanicus.
469 2267 497 2272 —
510 2260 533 2279 2.
549 2256 645 2279 Animo
659 2257 744 2285 magis
759 2256 793 2280 ad
806 2257 857 2280 hoc
867 2256 989 2285 intento,
1005 2255 1090 2285 magis
1106 2260 1139 2278 ex
1152 2255 1250 2278 animo.

141 2292 206 2316 Lill.
234 2296 253 2314 i.
287 2290 424 2314 Tiberium
453 2291 487 2314 ut
513 2290 651 2320 imparem
686 2297 785 2321 genere
795 2310 801 2320 ,
830 2297 862 2315 ex
891 2291 964 2319 cive,
996 2295 1049 2313 non
1078 2295 1110 2313 ex
1137 2289 1258 2318 Principe
1288 2290 1386 2314 ortum.
1407 2296 1437 2306 -

111 2333 135 2352 ¹2.
157 2327 340 2350 Diuturnitate
360 2332 366 2349 :
388 2331 449 2349 nam
466 2325 600 2349 decimum
619 2328 742 2356 quintum
761 2332 860 2351 annum
877 2325 962 2350 exsilii
980 2325 1088 2355 agebat.
1111 2338 1138 2342 -
1153 2330 1175 2349 5.
1191 2324 1324 2349 Facundia
1338 2329 1385 2347 sua
1401 2322 1435 2346 ati

112 2368 207 2391 pravas
225 2367 267 2385 res
280 2361 402 2385 abutens.
416 2372 445 2377 —-
471 2365 492 2384 ⁴.
507 2360 580 2384 Talia
601 2361 734 2390 adjective
746 2360 1043 2392 proterunturssaa'um
1057 2365 1171 2385 nomen.
1188 2359 1313 2383 Tullium
1324 2362 1433 2387 nomen,

111 2402 159 2425 pro
177 2396 254 2420 Caii,
273 2396 371 2420 Tullia.
