1539 2668
520 172 556 199 A.
581 172 618 199 U.
643 171 677 199 C.
702 171 773 200 785.
798 173 834 201 A.
858 173 895 203 C.
919 173 970 203 32.
1354 172 1414 202 127

129 251 168 280 Π.
193 249 233 278 At
247 250 359 278 Romae
374 244 532 285 principio
548 244 622 275 anni
635 267 644 282 ‚
667 244 759 284 quasi
776 253 887 277 recens
914 244 1053 285 cognitis
1075 244 1176 277 Liviae
1193 245 1200 263 “
1228 245 1358 286 flagitiis
1374 253 1414 277 ac

82 304 146 327 non
163 293 289 335 pridem
305 293 402 324 etiam
419 291 559 331 punitis,
577 294 702 322 atroces
718 292 887 323 sententiae
903 292 1105 332 dicebantur,
1128 292 1162 324 in
1184 293 1305 331 effigies
1331 301 1409 332 quo-

83 350 147 382 que
162 350 200 372 ac
214 341 402 372 memoriam
416 339 485 377 ejus
499 361 507 376 ,
522 341 553 369 et
576 338 663 369 bona
678 339 791 377 sejam·
805 339 930 371 ablata
943 341 1073 371 aerario
1084 363 1093 378 ‚
1111 342 1151 371 ut
1176 341 1212 371 in
1222 339 1351 379 fisczmi
1367 348 1415 370 co-

82 391 269 429 ycrencur,
287 389 451 426 tamquam
466 386 598 417 referret
610 385 636 416 ².
655 386 819 425 Scipiones
837 387 907 418 haec
931 388 964 418 et
982 387 1081 418 Silani
1095 388 1128 418 et
1145 387 1248 418 Cassii
1264 411 1272 426 ,
1299 387 1414 418 iisdem

83 436 184 467 ferme
205 437 262 466 aut
288 435 431 475 paullum
460 433 639 464 immutatis
661 432 769 464 verbis
786 454 796 468 ‚
822 435 1063 466 asseveratione
1090 435 1194 465 multa
1221 435 1412 473 censebant,

83 491 185 523 quum
202 483 332 522 repente
348 480 510 520 Togonius
526 480 646 518 Gallus,
662 480 740 511 dum
760 480 993 519 ignobilitatem
1013 490 1105 513 suam
1125 481 1251 521 magnis
1272 480 1416 511 nomini-

84 530 143 562 bus
167 529 301 568 inserit,
326 537 383 568 per
412 527 625 559 deridiculum
652 528 793 558 auditur.
823 537 897 559 nam
922 529 1103 569 Principem
1126 529 1240 559 orabat
1262 528 1416 567 deliqere

81 578 267 614 senatores,
284 584 327 606 ex
345 574 422 616 quis
441 576 563 614 viqinlt
578 576 670 605 sorte
686 574 782 605 ducti
800 576 833 605 et
837 575 940 614 ferro
954 577 1113 615 accincti,
1129 577 1262 616 quoties
1277 577 1416 605 curiam

83 625 214 662 inisset,
229 623 381 654 salutem
395 623 468 662 eJ‘us
483 622 715 661 defenderent.
736 621 915 653 crediderat
928 623 1081 654 nimirum
1104 622 1249 663 epistolae
1265 621 1416 653 subsidio

81 670 145 702 sibz‘
158 671 313 702 alterum
323 678 367 701 ex
379 670 577 701 consulibus
592 669 764 709 poscentis,
778 670 818 700 ut
831 671 928 701 tectus
942 679 965 702 α
980 672 1123 710 Capreis
1138 669 1261 701 Urbem
1269 669 1415 709 peteret.

83 717 230 749 Tiberius
246 720 371 755 tamon,
391 716 531 747 ludibria
547 716 638 747 seriis
655 716 847 756 permiscere
863 717 977 748 solitus
993 741 1002 757 ,
1017 717 1081 756 egit
1097 720 1202 757 grates
1219 716 1416 747 benevolen-

84 765 137 798 tiae
150 767 280 796 Pati-um
297 774 304 795 ε
323 777 337 791 ι(
353 764 407 795 sed
422 773 503 804 quos
518 764 625 795 omitti
640 772 734 804 posse
746 787 755 803 ,
785 773 867 804 quos
880 763 1000 803 deligi?
1016 773 1184 805 semperne
1200 763 1330 796 eosdem
1344 786 1352 800 ,
1376 769 1419 792 an

87 824 104 839 α
118 812 256 844 subinde
272 812 372 843 alios?
397 813 428 842 et
445 811 620 842 honoribus
647 811 833 851 perfunctos
845 835 854 849 ,
880 820 920 843 an
934 811 1069 850 juvenes
1085 812 1120 845 ³?
1146 811 1290 851 privatos
1305 835 1314 849 ,
1340 819 1381 840 an
1398 816 1418 839 e

85 871 103 887 ‹-
117 860 383 899 magistratibus?
400 867 495 898 quam
524 858 641 889 deinde
658 859 796 898 speciem
815 858 882 889 fore
907 859 1107 890 sumentium
1132 859 1165 889 in
1188 858 1298 889 limine
1318 857 1418 888 curioe

87 917 103 932 «ι
117 906 263 946 gladios?
281 915 386 946 neque
402 906 463 936 sibi
482 905 581 936 vitam
600 906 679 937 tanti
695 930 702 944 ,
721 906 747 936 si
763 906 862 936 armis
877 906 1013 944 tegenda
1029 907 1123 937 soret.
1143 918 1158 933 n
1176 905 1245 936 haec
1261 905 1418 935 adversus

85 954 276 994 Togonium,
294 953 402 984 verbis
416 953 585 984 moderans
604 962 611 983 :
631 962 734 992 neque
751 953 834 983 ultra
848 952 1056 984 abolitionem
1079 952 1249 984 sententiae
1268 951 1416 983 suadere.

126 1003 184 1033 111.
209 1004 249 1033 At
264 1001 394 1032 Junium
412 999 587 1031 Gallionem
599 1024 607 1038 ,
628 1000 684 1039 qui
705 1001 875 1031 censuerat
891 1002 932 1031 ut
946 1002 1154 1040 praetoriani
1165 1023 1173 1038 ,
1189 1001 1278 1030 actes
1294 1001 1419 1038 stipen-

85 1047 239 1088 diis‚jus
253 1049 493 1088 apiscerentur
510 1049 546 1078 in
564 1047 845 1087 quattuordecim
866 1046 1044 1079 ordinibus
1059 1047 1066 1065 ¹
1085 1046 1243 1085 sedendi,
1260 1045 1420 1077 violenter

87 1095 263 1135 increpuit,
280 1095 369 1126 velut
382 1104 490 1126 coram
509 1096 650 1134 rogitans
679 1108 694 1122 «ι
710 1095 786 1135 quid
815 1094 862 1126 illi
883 1103 957 1125 cum
986 1094 1165 1126 militibus?
1192 1102 1275 1135 quos
1309 1100 1421 1132 neque

89 1156 105 1171 «
121 1142 207 1174 dicta
221 1143 422 1182 imperatoris
435 1141 445 1158 ²
465 1151 568 1181 neque
586 1142 720 1181 praemia
736 1141 796 1172 nisi
811 1141 852 1172 ab
867 1145 1063 1182 Imperatore
1081 1142 1226 1182 accipere
1244 1150 1301 1182 par
1319 1140 1419 1172 esset.

91 1203 107 1217 «
122 1189 276 1230 reperisse
303 1198 436 1228 prorsus
463 1189 549 1227 quod
576 1189 671 1219 divus
700 1191 862 1228 Augustus
890 1198 955 1219 non
984 1189 1163 1228 providerit
1179 1188 1203 1220 ³.
1240 1197 1281 1220 an
1313 1187 1421 1227 potius

91 1250 106 1264 «
125 1236 319 1268 discordiam
335 1237 366 1267 et
382 1235 574 1266 seditionem
589 1244 607 1265 a
623 1235 759 1266 satellite
776 1234 879 1273 sejani
893 1236 1078 1275 quaesitam,
1099 1245 1162 1276 qua
1179 1235 1276 1266 rudes
1293 1234 1419 1266 animos

91 1298 107 1311 <‹
125 1283 256 1315 nomine
274 1282 405 1313 honoris
429 1282 470 1313 ad
494 1282 769 1321 corrumpendum
796 1282 920 1313 militiae
936 1291 1059 1314 morem
1083 1282 1298 1323 propelleret?
1314 1294 1329 1308 ι»
1351 1285 1421 1312 Hoc

91 1331 231 1371 pretium
245 1330 346 1361 Gallio
362 1330 526 1360 meditatae
543 1329 736 1360 adulationis
750 1329 838 1367 tulit,
856 1330 965 1360 statim
979 1331 1081 1370 curia,
1106 1329 1221 1361 deinde
1240 1329 1330 1360 ltalia
1345 1336 1419 1359 exa—

88 1381 162 1409 ctus
181 1390 188 1407 =
203 1379 236 1409 et
251 1377 327 1417 quia
344 1376 551 1407 incusabatur
568 1376 659 1406 facile
684 1376 883 1407 toleraturus
899 1377 1051 1408 exsilium
1076 1377 1199 1407 delecta
1226 1375 1327 1406 Lesbo
1340 1399 1348 1414 ,
1370 1375 1419 1405 in—

89 1426 162 1457 sula
174 1424 272 1456 nobili
286 1426 319 1455 et
337 1432 475 1461 amoena,
491 1423 666 1454 retrahitur
679 1422 711 1453 in
730 1423 849 1453 Urbem
874 1424 1120 1463 custoditurque
1150 1422 1300 1454 domibus
1320 1422 1420 1460 magi-

87 1474 247 1504 stratuum
263 1471 288 1502 ⁴.
302 1470 420 1502 Iisdem
435 1470 548 1501 litteris
564 1474 669 1501 Caesar
677 1470 821 1501 Sextium
834 1470 1048 1501 Paconianum
1066 1471 1254 1510 praetorium
1273 1471 1420 1510 perculit,

88 1527 206 1560 magno
222 1520 353 1550 Patrum
370 1517 497 1556 gaudio,
512 1520 681 1556 audacem,
703 1518 898 1557 maleucum‚
922 1518 1069 1548 omnium
1087 1521 1209 1549 secreta
1236 1517 1420 1556 rimantem,

87 1567 314 1606 delectumque
327 1574 346 1596 a
358 1564 470 1604 sejano
484 1564 575 1603 cujus
588 1573 649 1603 ope
661 1564 754 1595 dolus
769 1568 803 1596 C.
819 1563 937 1596 Caesari
953 1567 1129 1605 pararetur.
1147 1564 1233 1605 quod
1248 1566 1422 1604 postquam

90 1614 308 1654 patefactum,
339 1620 513 1652 prorupere
537 1618 691 1651 concepta
710 1619 834 1651 pridem
852 1616 926 1644 odia
939 1622 950 1652 ;
979 1613 1012 1644 et
1031 1620 1199 1643 summum
1221 1612 1420 1652 supplicium

88 1660 333 1697 decernebatur,
352 1659 386 1689 ni
400 1658 562 1699 professus
579 1657 735 1690 indicium
751 1659 834 1690 soret
848 1659 873 1691 ⁵.

130 1711 185 1740 IV.
208 1708 250 1739 Ut
263 1715 340 1738 vero
358 1705 518 1737 Latinium
536 1709 692 1737 Latiarem
705 1715 871 1745 ingressus
887 1708 935 1738 est
950 1707 959 1724 ¹
975 1729 985 1745 ‚
1000 1708 1168 1738 accusator
1185 1715 1223 1737 ac
1238 1700 1314 1737 reus
1325 1707 1422 1746 juxta

88 1755 183 1787 invisi
196 1754 412 1794 gratissimum
428 1754 648 1793 spectaculum
663 1754 894 1794 praebebantur
904 1752 931 1784 ².
953 1753 1089 1784 Latiaris
1101 1778 1110 1793 ,
1129 1754 1165 1785 ut
1179 1753 1274 1785 retuli
1290 1753 1301 1771 ³
1316 1777 1325 1792 ,
1340 1761 1420 1793 prae·

86 1803 203 1843 cipuus
211 1801 287 1833 olim
301 1800 576 1831 circumveniendi
592 1800 664 1831 Titii
678 1800 801 1839 sabini,
817 1802 849 1832 et
862 1802 942 1832 tunc
952 1800 1077 1832 luendae
1092 1810 1195 1840 poenae
1209 1801 1330 1841 primus
1344 1800 1421 1832 suit.

89 1850 177 1881 Inter
190 1857 264 1888 quae
283 1848 433 1879 Haterius
447 1850 586 1886 Agrippa
607 1848 758 1878 consules
783 1847 858 1878 anni
879 1848 994 1888 prioris
1026 1847 1167 1886 invasit,
1195 1860 1210 1874 «
1227 1857 1285 1879 cur
1305 1849 1420 1878 mutua

91 1908 109 1923 «
123 1894 326 1927 accusatione
343 1894 466 1925 intenta
480 1902 566 1924 nunc
582 1893 733 1925 silerent?
750 1896 872 1925 metum
889 1903 1023 1934 prorsus
1037 1897 1069 1925 et
1082 1894 1235 1925 noxiam⁴
1254 1894 1421 1925 conscien—

89 1955 108 1971 α
123 1943 178 1974 tiae
195 1951 252 1982 pro
275 1941 394 1972 soedere
417 1940 544 1979 haberi3
572 1942 605 1970 at
621 1949 686 1971 non
710 1941 862 1972 Patribus
886 1940 1051 1972 reticenda
1073 1951 1146 1981 quae
1166 1941 1382 1973 audivissent.
1401 1951 1418 1967 »

89 1991 229 2030 Regulus
244 1997 386 2021 manere
400 1991 534 2027 tempus
546 1989 706 2028 ultionis,
720 1996 821 2029 seque
833 1995 952 2019 coram
968 1990 1129 2029 Principe
1144 1990 1392 2020 eoesecuturum
1404 1994 1421 2023 ,⁸

119 2107 153 2132 Π.
169 2111 190 2130 ι.
206 2104 277 2129 Alibi
294 2103 418 2133 Liviana,
436 2108 496 2132 quae
515 2103 593 2127 Drusi
609 2108 686 2132 uxor,
699 2102 833 2127 scelerum
846 2102 938 2132 sejani
957 2103 1041 2127 socia.
1055 2108 1118 2127 ——2.
1139 2103 1245 2133 Aliquid
1264 2102 1420 2128 interesset.

89 2143 158 2168 Nam
171 2146 225 2165 non
239 2139 294 2163 fisci
314 2139 400 2162 solum
437 2139 481 2167 qui
496 2139 622 2168 proprius
637 2139 813 2168 Imperatori,
833 2138 882 2162 sed
898 2139 985 2162 aerarii
1006 2145 1114 2168 quoque
1132 2139 1233 2168 publici
1253 2140 1374 2168 pecuniae
1391 2139 1421 2163 in

90 2175 262 2207 {inperatoris
275 2176 411 2204 potestate
421 2176 509 2198 erant.
521 2187 548 2190 —
560 2180 581 2197 5.
593 2176 753 2198 Senatorum
767 2174 844 2203 filios,
857 2173 953 2204 quibus
966 2175 1047 2198 curiae
1059 2175 1191 2199 interesse
1202 2176 1339 2205 Augustus
1355 2180 1421 2205 per--

85 2212 217 2240 miserat,
231 2210 353 2239 protinus
364 2209 433 2233 virili
450 2210 525 2239 toga,
540 2209 594 2233 lato
609 2209 686 2233 clavo
698 2209 810 2233 indutis.

121 2248 165 2272 111.
178 2252 199 2270 ι.
212 2247 256 2270 Sc.
268 2245 456 2268 subselliorum
470 2250 495 2268 in
515 2245 643 2273 theatris,
658 2247 718 2274 post
731 2247 888 2268 senatorum
905 2245 1034 2269 subsellia
1047 2245 1150 2274 positis.
1172 2245 1211 2270 nli
1225 2247 1317 2269 autem
1332 2247 1420 2275 quac-

90 2281 252 2309 tuordecim
263 2281 339 2303 erant
354 2280 494 2308 Equitum,
508 2281 620 2309 antiquo
634 2287 684 2304 usu
697 2281 791 2304 Roscia
806 2280 866 2310 lege
880 2286 905 2304 a.
919 2281 948 2305 U.
962 2286 1006 2304 sac
1019 2281 1153 2305 restituto.
1165 2293 1195 2298 --
1205 2285 1227 2304 2.
1241 2282 1319 2305 Jussa
1331 2282 1421 2310 impe-

89 2317 208 2349 ratoria,
225 2315 346 2344 imperia.
359 2327 389 2332 —-
402 2321 424 2338 s.
444 2316 581 2344 Augustus
596 2317 755 2339 secreverat
769 2316 876 2339 tantum
889 2316 967 2339 sedes
985 2316 1099 2340 militum
1111 2316 1138 2339 in
1153 2315 1265 2339 theatris
1282 2321 1296 2339 a
1311 2315 1419 2346 populo,

91 2357 148 2378 non
161 2351 329 2375 honestiores
346 2350 511 2374 reddiderat.
524 2355 587 2374 —4.
605 2351 669 2380 Quae
690 2350 841 2375 vocabatur
856 2352 989 2375 custodia
1008 2351 1108 2376 libera.
1119 2363 1149 2368 —
1161 2356 1182 2375 ὅ.
1201 2352 1257 2376 Nisi
1273 2357 1303 2375 se
1322 2352 1419 2375 noxios

91 2387 160 2411 alios
172 2385 352 2410 indicaturum
369 2384 508 2414 protessus
524 2387 608 2409 esset.

124 2421 169 2446 Ν.
185 2426 208 2446 ι.
233 2422 368 2445 Accusare
384 2420 486 2449 incepit
504 2421 682 2445 Paconianus
692 2433 721 2438 -
732 2426 758 2445 α.
779 2422 814 2446 se
831 2421 1001 2451 praebebant.
1013 2433 1040 2440 —
1053 2427 1075 2446 z.
1095 2423 1137 2452 lv,
1157 2427 1197 2447 ca.
1208 2434 1238 2440 —
1250 2427 1275 2446 ιι.
1292 2422 1420 2452 culpam.
