1539 2668
149 171 208 202 494

492 171 793 200 NOMENCLATOR
814 169 1127 201 GEOGRAPHICUS.

150 246 300 286 Esquiliae
312 271 320 284 ,
339 255 420 277 unus
438 247 560 286 septem
580 245 710 277 collium
728 249 789 277 Ro·
828 244 927 276 Gallia
944 246 1074 276 Comata
1097 245 1469 285 comp1·ehendit›eanias

191 297 273 326 mae,
296 289 411 319 Monte
433 287 469 319 dz·
497 289 680 319 St.-Mar‘ia
697 289 789 327 May-

190 331 291 369 qiore.

150 371 284 409 Etruria,
300 371 331 402 h.
355 370 516 402 Toscana.

150 412 288 449 Euboea,
317 412 423 443 insula
445 421 462 442 e
491 412 618 451 regione
642 411 789 451 Boeotiae,

191 455 406 493 Nem-eponae
421 462 446 483 ε.
466 455 674 493 Nem-epona.

149 495 300 532 Eudoses,
316 494 451 534 populus
468 494 659 533 Germaniae,
678 495 709 525 in
724 495 791 534 ripa

189 536 380 567 occidentali
394 535 494 575 Albis,
506 536 589 567 circa
599 536 790 567 Vismariam

190 579 222 608 et
236 578 457 608 Rostochium.

150 619 336 658 Euphrates,
355 618 471 649 fluvius
486 626 623 658 magnus
639 619 740 659 Asiae,
755 618 788 649 h.

189 661 279 691 Frac
293 669 318 690 s.
335 661 455 691 Forat.

442 720 489 762 F.

148 801 244 831 Feuni
258 826 265 840 ,
297 802 434 841 populus
462 802 640 834 Germaniae
663 804 788 843 septen-

189 843 345 882 trionalis,
365 844 412 874 les
429 845 582 875 Finnois.

147 885 353 915 Ferentinum
365 908 373 922 ,
389 885 545 924 oppidum
566 885 645 917 Latii
658 911 667 926 ,
683 886 713 916 h.
732 888 790 918 Fe-

189 928 334 957 rentino.
360 926 419 957 Sed
437 929 607 958 Ferentum
620 951 629 966 ,
653 927 720 959 sive
737 932 788 959 Fe-

188 969 358 998 rentanuni
376 967 543 1008 oppidum,
562 969 594 999 in
611 969 739 1008 Apulia,
754 969 787 999 h.

187 1010 357 1040 Forenza.

146 1050 302 1089 Feronia,
319 1051 474 1091 oppidum
502 1052 581 1082 Latii
603 1051 681 1082 oliui
705 1051 788 1081 ‹liru-

186 1092 269 1162 gum'
281 1100 356 1122 euni
372 1092 491 1123 celebri
502 1093 575 1124 luco
587 1094 789 1132 cognominis

210 1141 265 1163 eae.

148 1173 282 1212 Fidena,
301 1174 429 1205 Fidenae
441 1199 449 1213 ,
468 1175 623 1215 oppidum
641 1176 741 1206 Italia».
756 1176 788 1206 iu

186 1215 325 1254 Sabinis,
342 1217 433 1255 cujus
450 1217 552 1247 ruinae
568 1218 690 1248 Caslro
709 1219 787 1248 Giu-

188 1256 281 1287 hileo.

144 1296 278 1328 Flevum
292 1321 300 1336 ,
332 1298 497 1330 castellum
529 1299 723 1339 Frisiorum,
753 1299 786 1331 h.

191 1338 366 1379 Wz'esstiet,
383 1340 453 1371 aliis
467 1341 640 1372 Flz'edoro.

144 1380 298 1418 Formiae,
329 1382 483 1421 oppidum
504 1382 603 1420 Latii,
626 1383 658 1413 in
679 1386 788 1416 Terra

186 1420 221 1451 di
240 1423 389 1458 Latmum
408 1432 467 1462 pro
494 1432 531 1454 eo
550 1424 686 1456 habetur
701 1426 786 1465 quod

186 1462 281 1493 hodie
294 1464 391 1495 Mola
410 1464 446 1495 (li
467 1466 585 1496 Gaela.

143 1504 368 1543 Forojuliensis
378 1506 514 1546 colonia,
526 1511 644 1538 Forum
656 1508 786 1547 Julium,

186 1545 217 1575 iu
233 1546 334 1576 Gallia
349 1547 560 1586 Narbonensi,
575 1549 606 1579 h.
627 1550 763 1588 Fre'jus.

144 1587 233 1624 Fosi,
249 1588 388 1627 populus
409 1590 586 1620 Germaniae
598 1614 606 1628 ,
622 1590 655 1620 in
681 1593 785 1620 tractu

186 1628 377 1660 Hildesiensi
397 1630 652 1671 (Hildeslwe'm),
670 1632 707 1662 ut
734 1631 787 1662 ubi

186 1669 304 1700 fluvius
319 1670 360 1701 sit
372 1673 476 1702 Fusa.

142 1710 254 1749 Frisii,
285 1712 422 1750 populus
451 1712 627 1743 Germaniae
656 1714 784 1753 septen-

186 1752 344 1789 trionalis,
363 1755 509 1784 tenentes
526 1755 563 1786 Za
578 1756 690 1794 Frise,
711 1756 787 1785 Gro-

186 1794 326 1832 nmque,
346 1795 533 1834 Overyssel.

143 1834 284 1865 Fucinus
302 1835 408 1873 lacus,
422 1836 455 1866 in
470 1836 586 1868 finibus
603 1836 785 1868 occidenta-

186 1875 270 1906 libus
286 1877 385 1915 Latii,
406 1876 439 1907 h.
462 1879 555 1918 Layo
567 1878 604 1909 da
621 1878 745 1910 celano
759 1887 784 1909 s.

185 1917 221 1948 cli
241 1919 461 1957 capistrano.

144 1959 291 1989 Fundani
306 1962 450 1999 monteS,
465 1961 505 1991 ad
524 1961 674 2000 Fundos,
693 1961 786 2001 oppi-

187 2000 265 2031 dum
279 2001 360 2032 Latii
371 2001 406 2032 in
420 2002 556 2043 Volscis,
574 2003 606 2034 h.
622 2002 743 2035 Fondi.

436 2069 492 2112 G.

144 2145 303 2178 Gabinum
318 2154 445 2185 saxum,
466 2156 505 2179 ex
520 2148 626 2180 Gabiis
637 2172 645 2187 ,
668 2147 786 2188 oppido

187 2187 281 2226 Latii,
296 2187 360 2218 sito
375 2187 429 2218 ubi
443 2189 536 2221 hodie
555 2190 748 2221 Gallicano.

144 2228 282 2268 Gaetuli,
305 2229 444 2268 populus
469 2231 585 2262 Africae
607 2232 640 2262 in
664 2235 788 2262 Maure-

184 2270 272 2301 tania
285 2271 465 2310 Tingitana,
475 2272 627 2304 videntur
640 2272 785 2303 hodierni

187 2311 361 2343 Berberes.

145 2353 283 2392 Galatia,
299 2354 461 2392 provincia
477 2356 558 2387 Asiae
571 2356 721 2394 Minoris,
740 2355 784 2386 in-

185 2395 235 2426 ter
251 2396 503 2436 Cappadociam,
526 2397 714 2437 Phrygiam,
737 2397 784 2428 Bi-

187 2435 332 2476 thyniam
353 2440 385 2469 et
402 2439 658 2478 Paphlagoniam.

870 286 1121 333 Narbonensem,
1136 288 1394 328 Lugdunensem,
1406 290 1470 321 Bel-

870 335 984 367 gream.

828 368 1021 408 Gambrivii,
1034 369 1172 409 populus
1190 372 1366 402 Germaniae
1382 371 1467 403 sedis

869 410 997 450 ignotae.
1020 410 1172 441 Nonnulli
1207 411 1292 442 eirca
1310 413 1466 444 Hambur-

873 461 948 491 gum
967 451 1127 483 habitasse
1145 454 1270 492 putant.

829 496 1057 531 Garamantes,
1081 493 1218 533 populus
1245 494 1360 526 Africae
1385 495 1466 527 inte-

871 534 981 573 rioris,
999 534 1084 566 inter
1110 538 1275 574 AEgyptum
1297 538 1330 567 et
1358 537 1465 576 Syrtin

869 576 1032 615 Majorem.

829 616 987 656 Gelduba,
1001 616 1155 656 oppidum
1170 617 1326 649 Ubiorum
1343 618 1377 649 in
1389 623 1466 651 Ger·

870 658 975 688 mania
990 657 1160 695 Inferiore,
1175 667 1274 698 prope
1297 660 1465 699 Rhenum,

870 698 902 770 P.
941 699 1026 745 Geld
1067 698 1100 730 in
1135 700 1240 730 tractu
1281 701 1470 733 Dusseldor-

881 749 973 771 rensr

828 779 956 820 Gindes,
968 781 1088 812 fluvius
1105 781 1239 820 Assyriae
1250 805 1259 820 ,
1274 781 1314 813 de
1330 791 1395 822 quo
1409 786 1470 814 He-

869 822 974 853 rodot.
988 826 1014 862 I,
1033 826 1089 854 189
1104 823 1239 862 εᾳᾳνδίο
1253 824 1469 864 nonnullivpro

870 863 1002 899 Sinde&
1022 864 1149 895 Annal.
1168 868 1222 903 XI,
1244 867 1292 895 10.

829 909 978 944 Gorneae,
995 905 1161 936 castellum
1186 905 1345 936 Armeniae
1368 906 1470 945 Majo-

870 947 923 985 ris,
939 947 1024 977 intra
1041 946 1132 977 initia
1148 948 1260 977 Araxis
1278 948 1310 978 et
1326 947 1467 987 Euphra-

868 988 924 1026 tis,
940 987 981 1018 ad
997 996 1145 1018 oceasum
1162 990 1403 1019 Artaxaioruin.

827 1029 955 1060 Gothini
966 1053 974 1067 ,
996 1029 1134 1068 populus
1151 1030 1329 1060 Germaniae
1340 1054 1348 1067 ,
1362 1029 1414 1060 vel
1435 1029 1468 1060 in

868 1071 1022 1101 Craeovia
1041 1072 1073 1100 et
1092 1070 1284 1101 occidentali
1314 1071 1382 1110 ripa
1408 1071 1469 1101 Vi-

868 1111 974 1149 stulae,
987 1110 1037 1142 vel
1051 1110 1082 1141 in
1095 1111 1248 1142 Moraviae
1264 1113 1296 1142 et
1308 1111 1469 1143 Bohemiae

869 1152 1025 1192 partibus.

827 1194 1002 1232 Gotliones,
1021 1193 1160 1233 populus
1180 1194 1368 1232 Germaniae,
1382 1194 1469 1226 circa

869 1235 950 1267 ostia
967 1235 1102 1267 vistulae
1122 1236 1155 1266 et
1177 1235 1210 1266 in
1234 1235 1384 1267 orientali
1397 1235 1470 1277 ripa

869 1285 948 1315 ejus.

827 1319 939 1349 Graiae.
957 1318 1037 1349 Vide
1054 1318 1161 1357 Alpes.

827 1359 1015 1399 Grampius,
1042 1368 1134 1390 mons
1164 1359 1336 1391 Britanniae
1349 1384 1358 1399 ,
1378 1368 1468 1400 sepa-

868 1410 944 1432 rans
958 1402 1067 1432 scotos
1079 1400 1305 1432 cismontanos
1313 1402 1346 1432 et
1353 1405 1468 1433 Trans-

868 1444 1051 1479 montanos,
1074 1443 1291 1482 Grmnpians.

827 1484 977 1523 Grinnes,
1006 1483 1162 1523 oppidum
1192 1483 1305 1514 insulae
1328 1484 1465 1515 Batavo—

868 1534 952 1555 rum.

826 1566 982 1605 Cugerni,
1005 1564 1144 1605 populus
1180 1565 1357 1596 Germaniae
1379 1565 1469 1597 Inse-

867 1607 977 1645 rioris,
993 1606 1049 1636 nbi
1070 1605 1348 1645 Cleve3‚Calca11·‚
1369 1608 1462 1639 Xan-

869 1650 924 1678 ten
938 1650 971 1678 et
988 1647 1192 1686 Rlzz'nsberq.

826 1692 948 1728 Gyaros
959 1713 967 1727 ,
986 1689 1089 1719 insula
1119 1688 1322 1728 Archipelagi
1349 1698 1467 1729 seopu-

867 1731 951 1768 losa,
968 1730 1001 1761 h.
1018 1731 1129 1761 Joura
1148 1729 1202 1760 vel
1218 1729 1353 1761 Clziero.

1119 1788 1174 1831 H.

826 1860 957 1888 Haemus
967 1880 975 1895 ,
991 1865 1084 1888 mons
1096 1856 1258 1895 Thraciae,
1273 1855 1306 1887 h.
1328 1856 1466 1889 Ballvan

868 1906 893 1928 s.
914 1898 1091 1938 Tclzenqje.

826 1939 1084 1977 Halicarnassus,
1099 1938 1177 1969 urbs
1198 1938 1360 1970 maritima
1381 1939 1465 1971 Asiae

867 1981 999 2011 Minoris
1026 1980 1058 2011 in
1076 1981 1185 2019 Caria,
1211 1980 1244 2010 ll.
1271 1980 1410 2012 Bodrou
1436 1989 1463 2012 s.

867 2022 1068 2053 Boudroun.

826 2063 934 2101 Halus,
951 2063 1107 2103 oppidum
1120 2062 1305 2094 Parthicum
1318 2061 1352 2092 in
1368 2065 1464 2102 Assy—

867 2105 933 2144 ria,
950 2105 1035 2135 inter
1054 2103 1254 2145 Apolloniam
1271 2106 1303 2135 et
1324 2103 1463 2135 Artemi-

866 2147 952 2185 tam,
970 2145 1043 2176 sort.
1058 2146 1090 2176 h.
1114 2145 1253 2177 Galula.

825 2188 930 2226 Harii,
945 2187 1082 2228 populus
1102 2185 1295 2224 Germaniae,
1318 2185 1356 2216 ad
1379 2185 1463 2217 latus

866 2228 1111 2269 septentrionale
1131 2229 1162 2259 et
1180 2227 1316 2257 australe
1331 2227 1463 2258 sudeta-

866 2279 938 2301 rum
960 2270 1132 2307 montium,
1147 2268 1219 2299 aliis
1239 2268 1273 2298 in
1291 2267 1403 2300 Silesia
1420 2268 1462 2300 ad

865 2311 1019 2343 viadrum
1038 2310 1176 2350 (oder).

826 2353 1008 2393 Heliopolis,
1026 2352 1104 2383 urbs
1117 2350 1249 2391 AEgypti,
1263 2349 1319 2381 ubi
1334 2350 1463 2393 hensa-

868 2397 925 2426 ίαν
951 2394 1001 2426 elz.
1377 2396 1381 2401 ‘

824 2404 947 2475 Helisiiqs
958 2434 1096 2477 populus
1111 2433 1301 2473 Germaniae,
1314 2431 1465 2464 invenien-
