1539 2668
511 188 606 215 VITA
628 186 726 214 JULll
751 185 964 213 AGRICOLAE.
1334 182 1398 214 439

75 264 153 296 colae
169 262 343 301 destinari,
363 270 499 292 vacuam
518 262 587 291 tum
609 261 713 290 morte
736 259 819 290 Atilii
847 257 919 289 Rufi
940 255 1118 287 consularis
1137 258 1168 287 et
1191 254 1395 294 maj0rihus³

75 314 280 344 reservatam.
296 309 466 341 Credidere
479 307 641 348 plerique,
663 307 813 338 libertum
832 314 868 337 ex
885 303 1112 336 secretioribus
1127 303 1312 334 ministeriis
1325 303 1399 335 mis·

73 368 144 391 sum
159 358 199 389 ad
216 357 394 398 Agricolam
407 379 416 394 ,
430 355 590 386 codicillos
604 353 630 394 ⁴,
646 354 765 394 quibus
781 354 810 384 ei
828 353 916 392 Syria
933 351 1085 390 dabatur,
1100 350 1212 381 tulisse
1225 359 1301 381 cum
1317 358 1400 391 prae·

75 409 186 445 cepto,
210 407 268 443 ut,
293 406 323 435 si
346 406 383 435 in
404 403 597 434 Britannia
611 401 725 441 joret,
748 400 977 432 traderentur
998 410 1008 430 :
1030 407 1170 437 eumque
1191 397 1343 429 libertum
1365 398 1401 430 in

73 451 143 491 ipso
166 452 246 483 freto
263 450 384 483 Oceani
397 449 530 481 obvium
544 448 717 489 Agricolae,
743 457 783 479 ne
801 447 961 487 appellato
975 446 985 464 ⁵
1009 445 1140 486 quidem
1155 453 1192 475 eo
1207 469 1214 483 ,
1233 444 1273 475 ad
1292 445 1402 477 Domi·

74 498 199 530 tianum
219 507 397 530 remeasse:
416 497 484 528 sive
499 506 610 528 verum
628 495 714 526 istud
729 518 738 533 ,
761 495 828 526 sive
850 503 889 526 ex
910 493 1037 534 ingenio
1058 492 1211 532 Principis
1232 492 1343 523 fictum
1363 501 1402 524 ac

74 546 289 586 compositum
315 546 372 576 est.
394 543 582 576 Tradiderat
605 543 734 574 interim
759 542 905 582 Agricola
921 539 1102 572 successori
1120 549 1179 570 suo
1200 540 1403 579 provinciam

74 593 215 634 quietam
229 594 411 632 tutamque.
430 600 466 622 ac
479 600 519 622 ne
533 590 687 621 notabilis
700 589 887 621 celebritate
910 591 942 620 et
962 587 1140 628 frequentia
1159 587 1403 619 occurrentium

73 639 225 672 introitus
244 641 347 678 esset,
361 639 465 671 vitato
484 638 662 670 amicorum
685 637 792 668 officio
815 640 911 667 noctu
932 636 965 666 in
986 635 1102 667 Urbem
1115 659 1123 674 ‚
1142 637 1241 666 noctu
1263 635 1296 666 in
1318 636 1405 676 pala.

73 686 156 718 tium
169 711 178 727 ,
192 687 238 718 ita
260 688 296 718 ut
310 690 510 726 praeceptum
528 688 615 724 erat,
637 685 728 716 venit
755 696 762 715 :
778 686 999 723 exceptusque
1020 681 1111 713 brevi
1130 682 1241 712 osculo
1260 685 1292 714 et
1315 683 1404 715 nullo

73 743 222 768 sermone
234 758 243 774 ,
260 734 363 765 turbae
376 733 589 764 servientium
603 732 773 763 immixtus
786 734 845 762 est.
862 733 1006 762 ceterum
1020 753 1029 768 ,
1046 729 1094 760 uti
1108 729 1246 760 militare
1263 739 1381 761 nomen
1394 754 1406 771 ,

73 790 170 822 grave
197 781 279 812 inter
304 781 424 812 otiosos
440 805 449 820 ‚
474 780 546 811 aliis
569 779 748 810 virtutibus
774 780 988 818 temperaret,
1014 777 1281 816 tranquillitatem
1307 779 1406 817 atque

72 828 176 861 otium
192 828 322 869 penitus
334 829 426 860 auxit
436 828 462 867 ὃ,
475 828 562 858 cultu
579 826 727 857 modicus
737 851 745 865 ‚
760 834 908 857 sermone
922 824 1024 856 facilis
1037 848 1045 863 ,
1062 833 1126 854 uno
1140 825 1195 854 aut
1213 824 1314 855 altero
1328 825 1408 856 ami-

73 884 185 906 corum
200 876 372 907 comitatus
388 885 395 905 ε
410 875 490 906 adeo
504 876 539 905 ut
553 874 716 914 plerique,
733 872 854 912 quibus
867 880 1000 911 magnos
1013 871 1100 901 viros
1117 879 1173 910 per
1196 871 1405 902 ambitionem

73 922 235 954 aestimare
252 932 322 954 mos
339 925 405 961 est,
424 922 496 953 viso
513 922 732 961 adspectoque
747 919 915 960 Agricola,
940 920 1123 959 quaererent
1147 918 1263 949 samam
1276 942 1285 957 ,
1311 918 1407 958 pauci

75 969 368 1010 interpretarentur
381 970 405 1001 ⁷.

116 1018 196 1048 XLI.
218 1018 337 1049 Crebro
365 1026 420 1057 per
440 1025 495 1048 eos
511 1016 579 1047 dies
599 1015 684 1055 apud
708 1015 927 1045 Domitianum
942 1013 1058 1044 absens
1077 1015 1247 1043 accusatus
1260 1038 1268 1052 ,
1290 1013 1409 1046 absens

74 1063 243 1095 absolutus
263 1067 322 1096 est.
346 1073 442 1095 causa
467 1062 602 1103 periculi
626 1071 690 1093 non
707 1062 828 1093 crimen
851 1061 952 1091 ullum
976 1063 1031 1090 aut
1054 1060 1185 1098 querela
1207 1060 1277 1090 laesi
1300 1064 1410 1101 cujus-

75 1120 191 1150 quam,
217 1111 271 1142 sed
299 1111 446 1142 infensus
472 1109 650 1140 virtutibus
672 1110 845 1147 Princeps,
870 1110 902 1139 et
923 1107 1021 1146 gloria
1046 1107 1127 1144 viri,
1146 1115 1200 1146 ac,
1228 1107 1408 1147 pessimum

76 1157 282 1190 inimicorum
309 1167 428 1198 genus,
453 1157 631 1188 laudantes.
654 1159 686 1187 et
711 1166 748 1187 ea
771 1157 917 1186 insecuta
934 1156 1010 1186 sunt
1028 1153 1213 1193 reipublicae
1236 1158 1381 1195 tempora
1395 1178 1408 1196 ,

76 1213 149 1244 quae
171 1206 258 1237 sileri
281 1205 462 1245 Agricolam
480 1214 542 1235 non
561 1204 704 1235 sinerent
722 1213 728 1233 z
750 1205 798 1234 tot
815 1203 978 1233 exercitus
1004 1201 1037 1232 in
1063 1200 1172 1231 Moesia
1196 1202 1360 1242 Daciaque
1375 1206 1410 1237 et

76 1254 246 1286 Germania
266 1256 298 1284 et
317 1253 480 1284 Pannonia
503 1251 685 1283 temeritate
702 1253 758 1282 aut
782 1259 838 1290 per
856 1249 1016 1288 ignaviam
1034 1248 1154 1279 ducum
1171 1249 1280 1281 amissi
1298 1250 1305 1266 ¹
1328 1259 1335 1280 z
1358 1251 1411 1283 tot

76 1302 231 1333 militares
249 1300 309 1332 viri
326 1309 400 1331 cum
417 1302 467 1330 tot
488 1298 676 1331 cohortibus
693 1298 867 1337 expugnati
894 1299 925 1328 et
947 1296 1034 1336 capti
1059 1306 1067 1326 :
1091 1306 1150 1328 nec
1164 1300 1230 1337 jam
1249 1298 1288 1329 de
1306 1297 1411 1331 limite

76 1347 204 1388 imperii
217 1351 249 1379 et
261 1347 330 1387 ripa
339 1347 365 1386 ²,
379 1347 433 1378 sed
448 1346 588 1378 bibernis
602 1345 764 1385 legionum
775 1348 807 1376 et
820 1344 1023 1385 possessione
1035 1344 1232 1376 dubitatum.
1247 1345 1292 1376 ita
1305 1355 1409 1386 quum

77 1395 194 1427 damna
217 1394 345 1426 damnis
368 1394 634 1425 continuarentur
646 1416 656 1431 ‚
674 1396 770 1432 atque
786 1392 891 1423 omnis
907 1401 1010 1424 annus
1030 1392 1198 1424 funeribus
1214 1395 1246 1424 et
1262 1392 1410 1425 cladibus

77 1442 295 1481 insigniretur,
317 1442 512 1482 poscebatur
530 1450 585 1472 ore
609 1440 697 1479 vulgi
724 1440 791 1471 dux
811 1439 980 1479 Agricola:
997 1439 1260 1480 comparantibus
1281 1440 1410 1472 cunctis

77 1490 232 1529 vigorem,
248 1489 464 1520 constantiam
477 1491 509 1519 et
523 1490 693 1528 expertum
706 1487 799 1518 bellis
812 1487 956 1518 animum
973 1496 1046 1518 cum
1062 1487 1175 1518 inertia
1188 1490 1219 1518 et
1237 1487 1412 1520 formidine

74 1544 190 1568 eorum
207 1537 241 1551 *³*
254 1535 275 1565 ³.
291 1536 416 1575 Quibus
433 1535 638 1567 sermonibus
654 1534 732 1565 satis
749 1536 877 1565 constat
895 1534 1070 1565 Domitiani
1085 1543 1215 1574 quoque
1230 1544 1324 1566 aures
1338 1543 1412 1567 ver-

76 1582 220 1620 beratas,
237 1583 315 1614 dum
329 1584 472 1623 optimus
486 1583 624 1623 quisque
639 1582 832 1613 libertorum
846 1591 956 1613 amore
973 1585 1004 1612 et
1019 1581 1079 1612 tide
1092 1605 1100 1619 ‚
1117 1582 1249 1621 pessimi
1268 1582 1412 1622 maligni-

75 1632 142 1662 tate
159 1631 191 1661 et
206 1630 307 1661 livore
325 1639 464 1670 pronum
484 1629 701 1661 deterioribus
716 1629 896 1669 Principem
916 1628 1182 1660 exstimulabant.
1200 1629 1246 1660 sie
1263 1628 1412 1668 Agricola

75 1676 174 1708 simul
199 1678 266 1708 suis
282 1677 484 1716 virtutibus,
506 1677 604 1708 simul
630 1676 719 1708 vitiis
742 1676 880 1707 aliorum
900 1677 932 1707 in
952 1676 1055 1716 ipsam
1084 1675 1217 1715 gloriam
1232 1676 1240 1693 ·⁴
1267 1684 1411 1717 praeceps

77 1724 244 1764 agebatur.

118 1774 211 1802 XLII.
225 1771 342 1802 Aderat
352 1771 420 1809 Jam
432 1779 549 1810 annus,
565 1779 630 1811 quo
644 1771 909 1810 proconsulatum
923 1770 1006 1802 Asiae
1022 1771 1054 1802 et
1072 1769 1185 1801 Africae
1199 1770 1370 1802 sortiretur
1384 1770 1411 1809 ¹,

76 1821 108 1850 et
130 1818 237 1849 occiso
253 1817 385 1849 Civiea²
410 1826 514 1857 nuper
536 1826 595 1848 nec
620 1817 777 1857 Agricolae
799 1817 971 1849 consilium
992 1817 1122 1855 deerat,
1147 1826 1206 1848 nee
1227 1817 1413 1848 Domitiano

76 1865 275 1905 exemplum.
290 1873 454 1896 accessere
468 1864 603 1905 quidam
620 1864 857 1903 cogitationum
870 1864 1028 1904 Principis
1041 1864 1149 1904 periti,
1168 1864 1236 1903 qui,
1253 1866 1412 1896 iturusne

76 1914 162 1944 esset
178 1914 215 1944 z'n
231 1913 471 1952 provinciam,
490 1911 575 1943 ultro
592 1911 774 1951 Agricolam
800 1911 1051 1950 interrogarent.
1072 1919 1112 1942 ac
1129 1911 1235 1951 primo
1253 1911 1413 1944 occultius

77 2031 98 2050 ³.
112 2025 342 2049 Nobilioribus.-—
353 2030 375 2048 ⁴.
392 2025 511 2049 Litteras
524 2024 624 2054 quibus
634 2025 709 2053 jussa
723 2024 901 2053 Imperatoria
914 2023 1135 2051 continebantur,
1150 2024 1180 2046 ut
1192 2023 1302 2047 Annal.
1316 2023 1336 2052 1,
1350 2029 1373 2048 s.
1383 2037 1414 2042 —

77 2067 98 2085 5.
112 2060 344 2088 compellam—e.
359 2061 432 2084 Idem
448 2060 521 2084 valet
534 2066 576 2088 ac,
590 2060 749 2084 sectabatur
760 2059 920 2083 altissimum
934 2059 1031 2083 otium.
1045 2071 1070 2075 —
1083 2063 1106 2082 ⁷.
1120 2058 1244 2087 Plerique
1257 2060 1414 2087 quaererent

75 2096 214 2125 quomodo
230 2095 300 2119 fama
320 2101 378 2118 csse
393 2095 462 2119 adeo
475 2101 571 2125 magna
585 2097 679 2124 posset
696 2095 811 2119 hominis
824 2095 850 2118 in
871 2100 925 2124 quo
940 2095 1044 2118 tantam
1060 2093 1182 2117 viderent
1195 2093 1412 2123 simplieitatem:

76 2132 157 2160 pauci
174 2133 315 2155 externam
336 2130 541 2159 simplicitatem
564 2131 643 2154 altius
661 2131 828 2159 inspicerent
847 2132 875 2154 et
895 2130 960 2160 quid
978 2129 1067 2154 latere
1088 2130 1114 2152 in
1138 2135 1169 2152 ca
1189 2130 1281 2158 posset
1304 2131 1413 2152 scruta-

78 2169 186 2192 rentur.

108 2202 172 2226 XLI.
191 2208 207 2226 ι.
225 2202 296 2226 Bello
316 2202 414 2226 Dacico
428 2203 522 2225 contra
538 2201 700 2225 Decebalum
713 2220 718 2229 ,
733 2201 805 2231 quod
822 2207 845 2224 a.
863 2201 893 2225 U.
905 2205 963 2228 aas,
977 2206 1005 2230 p.
1029 2199 1091 2224 Chr.
1106 2205 1134 2223 aa
1148 2200 1275 2228 coeptum.
1294 2199 1414 2225 Cerma-

78 2237 158 2261 m'am
172 2237 246 2262 addit
257 2238 291 2262 ob
305 2237 410 2261 cladem
424 2237 450 2260 in
462 2238 716 2260 Marcomannorum
732 2236 830 2260 sinibus
841 2237 993 2265 acceptam.
1009 2236 1069 2259 Vid.
1081 2236 1194 2259 sueton.
1213 2241 1234 2257 c.
1252 2240 1280 2261 6,
1297 2235 1412 2258 Dionem

79 2273 150 2296 Cass.
165 2273 264 2301 Lxx'il,
278 2278 292 2296 e
303 2275 330 2297 et
342 2278 417 2297 7.-2.
432 2273 611 2296 bannim—5.
627 2273 763 2296 Excidisse
778 2272 905 2295 vitientur
919 2271 1039 2302 quaedam
1059 2271 1092 2293 de
1104 2270 1217 2293 ducibus
1231 2269 1291 2296 illis,
1306 2270 1413 2297 adjecta

79 2313 128 2337 per
141 2312 236 2330 vocem
248 2309 306 2337 qui,
321 2314 335 2331 a
346 2314 398 2337 qua
409 2309 504 2332 seribae
518 2308 550 2331 ad
563 2313 680 2336 sequens
694 2307 796 2336 quibus
810 2307 1047 2331 aberraverint.-
1056 2310 1076 2329 4.
1089 2306 1152 2334 Quae
1167 2307 1223 2329 tum
1235 2305 1303 2328 adeo
1319 2304 1412 2333 pemi-

79 2344 154 2367 ciosa
168 2344 242 2365 erat:
257 2343 329 2371 quod
343 2344 481 2372 sequentis
495 2344 568 2366 vocis
580 2348 707 2372 prmceps
722 2343 829 2366 delectu
846 2342 1015 2371 intelligitur.

111 2378 188 2401 XLll.
203 2382 223 2400 ι.
235 2378 365 2401 Nimirum
379 2380 467 2402 utram
480 2384 572 2402 earum
584 2380 748 2407 regeret—2
773 2379 809 2402 Dc
822 2383 876 2407 quo
892 2378 1036 2401 Suetonius
1049 2382 1072 2400 c.
1089 2381 1115 2400 ιο
1127 2381 1133 2398 :
1152 2375 1318 2404 Complures
1333 2379 1415 2399 sena·

80 2414 164 2440 tores,
178 2412 208 2436 in
219 2411 264 2436 llis
276 2412 389 2442 aliquot
400 2414 576 2441 consulares,
593 2414 747 2441 intereunt,
759 2419 794 2437 ex
806 2413 907 2442 quibus
921 2412 1045 2436 civicam
1061 2410 1205 2435 cerealem
1216 2410 1247 2434 in
1261 2411 1321 2438 ipso
1336 2408 1413 2433 Asiae
