1539 2668
111 136 170 166 150
492 139 624 168 TACITI
646 140 854 170 ANNALIUM
877 144 949 172 LIB.
974 145 1026 173 XI.

108 210 199 242 fratri
216 210 378 242 Artabano
397 212 591 252 conjugique
616 222 653 244 ac
673 214 739 245 filio
763 215 831 255 ejus
856 219 1108 257 praeparaverat,
1129 220 1214 252 unde
1233 221 1338 253 metus
1362 222 1433 263 eJus

105 261 141 292 in
156 260 292 298 ceteros)
306 259 450 290 accivere
467 260 658 291 vai-danem.
676 261 728 292 ille
741 287 749 302 ,
771 265 805 293 ut
821 266 889 295 erat
905 265 1028 304 magnis
1041 266 1126 296 ausis
1139 271 1318 309 promptus,
1333 269 1431 302 biduo

105 307 167 339 tria
183 307 284 338 millia
299 306 477 338 stadiorum
495 307 506 324 ³
526 307 671 348 invadit,
691 309 903 350 ignarumque
918 313 950 342 et
974 313 1163 344 exterritum
1182 317 1335 347 Gotarzen
1350 326 1432 357 pro-

105 354 232 393 turbat;
252 363 357 394 neque
374 357 546 386 cunctatur
569 357 645 395 quin
673 357 835 396 proximas
859 358 1065 398 pr·a=fect111·as
1089 361 1262 401 corripiat,
1286 363 1359 395 solis
1379 367 1431 396 Se-

105 401 310 434 leucensibus
327 401 336 419 4
370 402 624 434 dominationem
657 405 725 444 ejus
753 404 980 437 abnuentibus.
1015 407 1046 437 in
1065 416 1163 447 quos,
1193 410 1229 440 ut
1257 412 1356 449 patris
1381 411 1431 443 sui

105 457 239 489 quoque
257 450 435 480 defectores
450 475 457 489 ,
476 450 523 481 ira
548 450 650 490 magis
667 460 765 491 quam
786 461 824 483 ex
844 462 903 483 usu
920 455 1070 493 praesenti
1087 464 1242 486 accensus
1257 479 1265 494 ,
1289 456 1430 497 implica-

102 497 159 528 tur
175 496 344 529 obsidione
362 497 452 528 urbis
468 497 586 529 validae
603 501 635 530 et
649 499 860 531 munimentis
875 500 990 539 objecti
1007 502 1108 533 amnis
1126 512 1280 543 muroque
1294 506 1326 536 et
1342 514 1430 537 com-

101 545 266 576 meatibus
298 544 444 575 firmatae.
479 544 609 576 iuterim
639 550 788 578 Gotarzes
816 547 977 578 Daharum
1002 552 1287 590 Hyrcanorumque
1315 551 1432 591 opibus

101 593 230 631 auctus,
248 592 369 623 bellum
395 593 548 631 renovat3
567 595 764 634 coactusque
791 594 955 626 Vardanes
971 596 1121 628 omittere
1149 597 1346 639 Seleuciam,
1376 603 1432 631 Ba-

100 639 242 671 ctrianos
258 639 343 679 apud
361 648 495 678 campos
513 642 619 671 castra
635 641 783 672 contulit.

142 690 194 718 IX.
215 691 306 717 Tunc
319 711 327 725 ‚
353 687 515 718 distractis
536 688 678 720 Orientis
694 689 818 720 viribus
843 693 875 721 et
892 698 1033 730 quonam
1060 689 1250 722 inclinarent
1278 690 1428 733 incertis,

99 742 191 766 casus
216 734 392 766 Mithridati
419 735 513 767 datus
540 737 589 767 est
615 737 795 777 occupandi
821 738 1004 768 Armeniam
1025 737 1057 768 vi
1087 737 1197 768 militis
1213 739 1362 769 Romani¹
1387 741 1429 772 ad

98 781 276 813 excidenda
293 783 499 813 castellorum
523 784 623 815 ardua
637 809 645 824 ,
671 784 767 815 simul
792 784 883 815 Ibero
911 784 1052 815 exercitu
1071 793 1204 824 campos
1220 786 1427 825 persultante.

96 836 158 860 nec
175 830 261 860 enim
276 830 423 861 resistere
438 831 601 869 Armenii,
625 832 697 863 fuso
710 856 718 871 ‚
736 832 791 872 qui
816 832 966 872 proelium
994 840 1093 862 ausus
1117 833 1206 871 erat,
1234 835 1429 866 Demonacte

96 877 260 916 praefecto.
296 877 473 916 paullulum
501 879 719 910 cunctationis
745 880 853 911 attulit
878 888 934 910 rex
964 878 1100 909 minoris
1130 879 1290 910 Armeniae
1306 882 1427 920 Cotys,

96 925 196 956 versis
212 924 290 955 illuc
305 924 495 964 quibusdam
508 934 697 965 procerum;
715 926 789 957 dein
806 926 919 958 litteris
934 926 1068 957 Caesaris
1084 926 1255 965 coercitus,
1266 927 1298 957 et
1311 930 1428 959 cuncta

94 971 128 1004 in
144 971 350 1004 Mithridaten
367 971 499 1011 fluxere,
514 974 705 1005 atrociorem
720 983 818 1014 quam
835 983 920 1004 novo
934 982 1030 1013 regno
1046 973 1249 1005 conduceret.
1263 975 1303 1004 At
1316 974 1427 1005 Parthi

93 1020 322 1061 imperatores,
342 1028 441 1058 quum
461 1028 600 1059 pugnam
627 1023 793 1060 pararent,
821 1021 926 1052 soedus
950 1022 1080 1060 repente
1102 1021 1228 1060 jaciunt
1246 1020 1272 1060 2,
1289 1021 1425 1061 cognitis

94 1066 298 1107 popularium
316 1066 459 1105 insidiis,
483 1076 562 1106 quas
576 1069 726 1100 Gotarzes
746 1068 836 1099 fratri
862 1068 1038 1108 patefecit3
1065 1069 1290 1107 congressique
1319 1069 1424 1108 primo

92 1115 295 1152 cunctanter,
311 1114 427 1145 deinde
441 1115 601 1154 complexi
613 1115 743 1147 dextras
760 1115 844 1155 apud
859 1115 972 1146 altaria
986 1115 1082 1145 deum
1099 1115 1247 1154 pepigere
1252 1114 1425 1155 fraudem

92 1163 312 1193 ‘liviniicorum
325 1161 456 1200 ulcisci,
472 1163 577 1201 atque
594 1163 659 1201 ipsi
684 1164 777 1193 inber
800 1171 834 1193 sc
854 1161 1045 1193 concedere.
1070 1162 1241 1201 potiorque
1263 1161 1424 1193 Vardanes

91 1210 182 1240 risus
198 1207 365 1238 retinendo
383 1216 479 1247 regno
496 1218 502 1238 :
521 1212 552 1239 at
569 1212 718 1240 Gotarzes
731 1233 740 1248 ,
758 1217 800 1241 ne
823 1213 901 1249 quid
922 1208 1142 1239 aemulationis
1162 1209 1344 1248 exsisteret,
1370 1217 1423 1248 pe-

91 1256 179 1286 nitus
195 1256 226 1286 in
248 1255 442 1295 Hyrcaniam
461 1255 551 1287 abiit.
579 1265 787 1296 regressoque
801 1257 942 1288 Vardani
960 1255 1089 1287 deditur
1108 1255 1269 1295 Seleucia,
1285 1256 1423 1295 septimo

92 1304 165 1343 post
180 1302 395 1333 detectionem
410 1311 494 1333 anno
505 1326 513 1341 ,
530 1312 598 1334 non
625 1303 696 1334 sine
713 1302 870 1335 dedecore
886 1303 1098 1341 Parthorum,
1118 1311 1198 1343 quos
1215 1311 1280 1333 una
1305 1302 1422 1334 civitas

90 1353 156 1382 tam
174 1350 229 1381 diu
249 1350 398 1380 eluserat.

131 1401 167 1428 X.
187 1397 266 1427 Exin
283 1397 499 1428 validissimas
514 1397 722 1437 praesecturas
740 1397 863 1428 invisit.
883 1398 915 1428 et
940 1397 1118 1437 reciperare
1141 1396 1323 1428 Armeniam
1346 1405 1421 1428 ave-

89 1444 164 1482 bat,
187 1443 220 1474 ni
240 1452 257 1473 a
270 1444 365 1474 Vibio
381 1448 486 1474 Marso
500 1468 508 1483 ‚
533 1444 633 1483 Syriae
650 1445 753 1483 legato
766 1468 775 1483 ,
794 1444 915 1475 bellum
944 1444 1113 1475 minitante
1137 1443 1297 1474 cohibitus
1326 1443 1419 1474 soret.

88 1492 194 1529 Atque
209 1490 337 1521 interim
355 1492 505 1521 Gotarzes
519 1515 527 1529 ‚
540 1490 727 1530 poenitentia
743 1491 885 1522 concessi
905 1493 990 1530 regni
1007 1493 1039 1522 et
1053 1493 1224 1521 revocante
1238 1489 1418 1530 nobilitate,

87 1537 141 1568 cui
158 1537 190 1568 in
208 1546 285 1577 pace
300 1538 414 1568 durius
432 1537 601 1568 servitium
613 1538 683 1577 est,
701 1538 866 1569 contrahit
883 1539 1003 1578 copias.
1019 1540 1051 1569 et
1064 1538 1140 1568 huic
1152 1538 1263 1568 contra
1280 1536 1363 1568 itum
1379 1536 1420 1568 ad

87 1593 218 1616 amnem
232 1584 369 1615 Erinden
385 1595 392 1615 1
406 1586 439 1615 in
456 1585 549 1624 cujus
564 1587 769 1624 transgressu
786 1585 926 1617 multum
943 1586 1075 1623 certam,
1091 1584 1227 1624 pervicit
1242 1584 1418 1623 Vardanes,

86 1631 312 1673 prosperisque
335 1632 456 1671 proeliis
476 1632 598 1663 medias
626 1631 772 1663 nationes
796 1631 922 1671 subegit
946 1632 987 1663 ad
1014 1632 1134 1663 ssumen
1163 1631 1305 1670 Sinden,
1331 1630 1420 1670 quod

86 1679 193 1710 Dahas
206 1679 360 1718 Ariosque
374 1679 584 1710 disterminat.
609 1678 653 1709 ibi
675 1678 790 1709 modus
804 1678 899 1709 rebus
913 1679 1061 1710 secundis
1081 1677 1204 1718 positus
1222 1686 1230 1708 :
1254 1685 1329 1707 nam
1343 1681 1420 1708 Par-

85 1725 135 1756 thi
151 1750 160 1765 ,
183 1734 382 1765 quamquam
414 1727 553 1757 victores
566 1749 574 1763 ‚
605 1726 813 1766 longinquam
843 1726 991 1757 militiam
1020 1724 1284 1765 aspernabantur.
1317 1724 1419 1762 Igitur

86 1773 258 1804 exstructis
272 1774 512 1812 monumentis,
536 1773 653 1813 quibus
671 1782 748 1813 opes
773 1782 848 1804 suas
866 1772 872 1790 ¹
899 1773 1075 1804 testabatur
1092 1781 1151 1803 nec
1171 1771 1321 1810 cuiquam
1343 1770 1418 1802 ante

85 1819 310 1851 Arsacidarum
328 1820 452 1851 tributa
480 1821 542 1851 illis
559 1821 597 1851 de
630 1820 779 1860 gentibus
805 1820 918 1859 parta,
943 1819 1133 1859 regreditur,
1162 1818 1273 1857 ingens
1291 1817 1393 1856 gloria
1407 1841 1418 1857 ‚

85 1867 182 1905 atque
199 1875 237 1897 eo
263 1867 398 1898 ferocior
423 1869 455 1898 et
480 1867 632 1906 subjectis
655 1866 879 1898 intolerantior
898 1877 904 1897 :
924 1866 979 1906 qui
992 1891 1000 1906 ,
1027 1866 1101 1897 dolo
1118 1869 1194 1897 ante
1215 1863 1394 1904 composito
1407 1887 1418 1903 ,

85 1912 252 1944 incautum
270 1913 497 1953 venationique
511 1913 672 1945 intentum
686 1914 878 1945 interfecere
894 1914 1032 1954 primam
1053 1913 1136 1944 intra
1147 1912 1314 1952 juventam
1326 1934 1335 1949 ‚
1360 1910 1419 1942 sed

84 1960 278 1991 claritudine
290 1959 302 1978 ²
322 1970 441 2000 paucos
455 1961 539 1992 inter
554 1970 669 1992 senum
693 1970 806 2001 regum
823 1986 832 2001 ‚
853 1961 880 1991 si
899 1960 1032 2001 perinde
1052 1968 1194 1991 amorem
1219 1959 1302 1990 inter
1318 1966 1418 1998 popu-

85 2006 167 2037 lares
183 2016 278 2046 quam
306 2009 431 2039 metum
448 2008 531 2047 apud
557 2008 664 2040 hostes
681 2008 894 2048 quaesivisset.
913 2012 996 2038 Nece
1013 2007 1168 2038 Vardanis
1185 2005 1324 2036 turbatae
1342 2008 1416 2035 l‘ar-

85 2053 217 2084 thorum
232 2063 294 2085 res.
313 2054 395 2086 iuter
410 2055 596 2095 ambiguos,
613 2056 686 2095 quis
704 2055 736 2086 in
752 2064 886 2095 regnum
907 2054 1118 2094 acciperetur,
1141 2052 1236 2084 multi
1253 2051 1291 2082 ad
1308 2054 1416 2082 Gotar-

85 2109 143 2131 zen
157 2100 373 2140 inclinabant,
400 2102 531 2141 quidam
547 2102 587 2133 ad
601 2102 807 2134 Meherdaten
822 2101 944 2142 prolem
959 2100 970 2118 ³
985 2099 1164 2138 Phrahatis‚
1183 2098 1307 2137 obsidio
1320 2097 1415 2128 nobis

86 2146 210 2178 datum.
238 2146 314 2178 dein
340 2149 511 2187 praevaluit
534 2151 695 2181 Gotarzes.
732 2149 918 2190 potitusque
944 2147 1083 2187 regiam,
1111 2155 1167 2186 per
1193 2145 1352 2177 saevitiem
1376 2152 1415 2175 ac

86 2243 150 2269 bani
173 2243 218 2271 111,
242 2243 334 2267 fratris
347 2245 490 2268 Vardanis.
505 2259 533 2263 -—
545 2247 702 2276 5.Spati11m
717 2252 746 2270 75
757 2245 896 2270 leucarum
920 2250 953 2268 ex
974 2245 1078 2268 minore
1100 2243 1203 2271 stadim
1221 2248 1254 2266 ex
1275 2241 1411 2272 olympico

85 2284 172 2311 prope
183 2278 303 2307 duplum.
318 2292 345 2295 —
358 2285 380 2303 4.
397 2281 425 2303 V.
443 2283 551 2305 narrata
564 2283 605 2311 VI,
621 2288 656 2306 ¹¹2.
671 2282 868 2311 Proefecturoe‚
880 2278 1075 2317 σατραπεῖαι.

116 2315 160 2339 ΙΧ.
177 2319 198 2337 ι,
215 2316 255 2338 Sc.
270 2314 402 2340 adhibita.
416 2329 442 2332 -
455 2322 479 2339 9..
491 2318 636 2341 Sermones
650 2319 781 2348 spargunt
798 2316 831 2340 de
842 2316 951 2340 soedere.

116 2350 149 2373 X.
166 2350 317 2373 Potentiam
332 2351 447 2374 victoria
460 2355 563 2381 partam
593 2359 650 2376 —2.
664 2355 707 2377 Sc.
725 2351 922 2378 numerandum
942 2350 1034 2379 paucis
1048 2349 1090 2373 vel
1101 2355 1197 2374 senum
1214 2354 1309 2379 regum
1319 2347 1414 2372 Orien-

88 2384 123 2408 tis
137 2389 168 2408 eo
183 2384 276 2414 gloria:
291 2386 402 2409 evectis.
415 2400 443 2403 —
460 2392 481 2410 5.
498 2387 642 2416 Nepotem.
652 2388 691 2411 De
706 2386 840 2411 Phrahate
853 2387 881 2409 et
891 2384 1030 2409 obsidibus
1041 2390 1066 2408 v.
1081 2384 1113 2413 ll,
1127 2389 1146 2408 1.
