1539 2668
543 168 597 197 „A-
621 168 660 197 U.
685 167 719 196 C.
745 168 816 196 822.
840 168 877 196 A.
900 167 936 196 C.
961 167 1012 197 69.
1382 167 1442 200 347

114 258 131 274 α
149 246 280 286 pateant
297 243 425 284 portae,
448 242 512 274 nisi
527 241 699 282 explorato
711 265 720 281 ,
738 240 800 272 nisi
820 240 872 271 die
886 239 1088 271 intrandum.
1109 248 1148 271 an
1168 242 1443 282 oppugnationem

116 306 132 322 α
148 292 356 324 inchoaturos
373 289 526 330 adempto
546 288 636 320 omni
655 289 847 328 prospecta,
864 287 936 328 quis
953 295 1067 327 aequus
1088 286 1181 319 locus
1193 312 1202 327 ,
1225 291 1345 328 quanta
1367 289 1443 322 alti·

115 353 131 368 «
149 338 228 371 tudo
246 337 428 368 moenium?
443 334 657 368 tormentisne
678 336 711 366 et
733 334 804 366 telis
820 343 861 366 an
877 333 1029 375 operibus
1050 336 1082 366 et
1101 334 1208 366 vineis
1230 337 1443 375 aggredienda

115 400 132 415 «
148 385 226 418 urbs
250 384 362 416 foret?
379 396 394 410 1»
412 386 486 414 Mox
505 390 684 414 conversus
708 382 748 413 ad
771 381 930 422 singulos,
946 393 961 409 (ι
977 390 1057 412 num
1080 390 1210 414 secures
1233 382 1444 425 dolabrasque

114 445 131 461 «ι
147 434 180 465 et
194 432 298 463 cetera
316 429 538 470 expugnandis
557 429 695 461 urbibus
710 438 822 460 secum
841 427 1052 460 attulissent?
1066 441 1081 456 ι
1100 428 1269 468 rogitabat.
1292 432 1323 462 et
1341 440 1444 471 quum

113 493 129 508 «
147 479 336 517 abnuerent,
352 490 367 504 «
382 477 538 517 gladiisne
549 490 580 518 n,
594 477 716 517 inquit,
736 490 751 504 «
766 480 796 508 et
812 476 886 517 pilis
902 476 1100 517 perfringere
1114 485 1151 508 ac
1164 477 1321 509 subruere
1334 488 1444 511 muros

112 540 128 555 «ι
147 526 221 558 ullae
237 534 352 557 manus
367 526 526 565 possunt?
544 525 573 556 si
590 533 739 565 aggerem
750 524 760 542 ⁴
780 526 924 564 struere,
942 524 967 556 si
984 524 1100 565 pluteis
1117 525 1303 557 cratibusve
1320 526 1445 567 protegi

111 587 129 602 «ι
145 581 277 605 necesse
292 572 401 613 fuerit,
414 574 449 603 ut
458 572 577 612 vulgus
590 571 811 612 improvidum
825 571 909 602 irriti
921 571 1077 603 stabimus
1089 572 1295 604 altitudinem
1304 574 1444 610 turrium

111 634 128 649 ιι
145 621 178 653 et
194 620 298 652 aliena
314 620 514 651 munimenta
531 619 708 650 mirantes?
725 619 805 659 quin
822 619 931 659 potius
947 627 1038 650 mora
1055 619 1160 650 noctis
1173 620 1284 661 unius,
1302 621 1445 653 advectis

110 681 126 697 «ι
145 667 318 700 tormentis
333 667 561 707 machinisque
573 691 582 706 ,
600 667 668 698 vim
687 667 926 706 victoriamque
941 666 1114 698 nobiscum
1132 666 1292 700 ferimus?
1309 681 1323 695 »
1346 668 1444 700 simul

107 716 189 748 lixas
215 715 410 754 calonesque
437 722 512 745 cum
536 713 769 746 recentissimis
806 713 954 754 equitum
984 713 1173 746 Bedriacum
1200 714 1304 747 mittit
1329 715 1440 756 copias

109 764 281 802 ceteraque
297 761 370 792 usui
387 760 550 792 allaturos.

146 810 228 840 XXI.
255 808 288 839 ld
315 816 392 838 vero
415 816 498 847 aegre
513 807 673 838 tolerante
690 807 794 838 milite
820 814 921 847 prope
942 806 1135 838 seditionem
1153 810 1288 839 ventum
1304 833 1312 848 ‚
1340 819 1443 850 quum

107 856 267 895 progressi
291 854 414 894 equites
437 854 497 885 sub
521 854 592 894 ipsa
615 853 735 884 moenia
767 862 865 894 vagos
891 863 909 885 e
935 854 1208 886 Cremonensibus
1236 856 1442 898 corripiunt,

104 911 247 942 quo-rum
262 901 382 932 indicio
395 900 555 939 noscitur,
572 909 634 932 sex
655 900 859 932 Vitellianas
878 900 1024 941 temones
1037 909 1238 942 omnemque
1252 906 1444 938 emercitum

107 951 167 990 qui
190 949 351 980 Hostilioe
367 949 505 988 eyerat,
526 955 563 979 eo
580 949 653 988 ipso
670 947 725 979 die
749 949 894 988 triqz'nta
918 948 1034 979 millia
1052 956 1228 988 passuum
1246 958 1420 983 emensum
1433 977 1442 992 ‚

108 997 285 1037 comperta
301 1003 445 1027 suorum
467 993 567 1026 clade
592 996 627 1026 in
644 995 812 1035 praelium
831 996 964 1035 accinqe'
987 1003 1028 1027 ac
1044 995 1125 1034 jam
1147 995 1271 1034 affore.
1296 997 1322 1028 is
1340 1002 1443 1031 terror

107 1043 290 1075 obstructas
306 1044 431 1073 mentes
447 1041 593 1073 consiliis
607 1041 704 1073 ducis
722 1042 859 1082 aperuit.
880 1041 994 1073 sistere
1013 1042 1143 1074 tertiam
1166 1043 1325 1075 decimam
1343 1045 1443 1085 legio-

107 1099 180 1122 nem
204 1090 237 1121 in
254 1090 326 1130 ipso
341 1090 406 1120 viae
421 1089 597 1120 Postumiae
620 1097 734 1129 aggere
756 1088 870 1128 jubet,
889 1089 941 1120 cui
956 1091 1068 1129 juncta
1084 1099 1103 1121 a
1118 1090 1202 1121 laevo
1218 1092 1356 1132 septima
1374 1093 1442 1125 Gal·

108 1138 204 1170 biana
223 1136 346 1176 patenti
365 1144 482 1176 campo
502 1135 611 1174 stetit,
633 1135 709 1167 dein
731 1135 872 1175 septima
896 1135 1092 1176 Claudiana,
1110 1138 1230 1177 agresti
1249 1139 1334 1170 fossa
1351 1139 1359 1156 ¹
1381 1139 1443 1180 (ita

107 1184 199 1216 locus
221 1184 310 1221 erat)
329 1182 546 1223 praemunita;
568 1182 683 1214 dextro
698 1184 815 1213 octava
831 1191 886 1222 per
903 1187 1050 1223 apertum
1067 1183 1203 1215 limitem
1213 1184 1239 1224 ²,
1258 1195 1332 1217 mox
1349 1188 1444 1220 tertia

108 1231 216 1263 densis
251 1230 390 1261 arbustis
420 1229 607 1269 intersepta.
632 1229 687 1260 hic
714 1230 895 1269 aquilarum
922 1230 1154 1271 signorumque
1186 1232 1266 1264 ordo
1293 1243 1300 1263 :
1327 1234 1444 1267 milites

109 1277 204 1310 mixti
221 1286 278 1317 per
295 1277 460 1316 tenebras,
479 1281 516 1308 ut
539 1277 603 1308 sors
626 1277 767 1316 tulerat;
793 1277 1024 1317 praetorianum
1048 1278 1228 1309 vexillum³
1255 1281 1442 1319 proximum

108 1325 253 1357 tertianis
266 1349 275 1364 ,
290 1324 436 1355 cohortes
449 1323 647 1355 auxiliorum
666 1324 700 1354 in
717 1324 888 1363 cornibus;
908 1324 1007 1356 latera
1024 1333 1061 1355 ac
1077 1326 1166 1365 terga
1183 1327 1290 1366 equite
1306 1328 1443 1361 circum-

110 1371 205 1411 data;
223 1371 297 1403 sido
316 1374 414 1412 atque
436 1371 568 1403 Italicus
585 1371 682 1404 suevi
698 1380 774 1402 cum
789 1372 922 1404 delectis
942 1372 1148 1413 popularium
1170 1373 1304 1413 primori
1325 1376 1358 1407 in
1374 1377 1443 1410 acie

110 1419 335 1452 versabantur.

149 1470 245 1498 XXII.
264 1467 305 1498 At
318 1465 510 1498 Vitellianus
526 1465 691 1497 exercitus
703 1489 712 1505 ‚
727 1466 779 1497 cui
797 1465 1001 1506 acquiescere
1014 1469 1183 1498 Cremonae
1196 1469 1229 1499 et
1243 1471 1442 1510 recuperatis

109 1512 183 1545 cibo
200 1521 380 1554 somnoque
394 1513 518 1544 viribus
535 1512 721 1545 confectum
738 1513 843 1553 algore
858 1515 958 1554 atque
972 1513 1080 1545 inedia
1099 1514 1225 1546 hostem
1245 1518 1373 1555 postera
1391 1517 1442 1549 dle

109 1561 280 1602 profligare
295 1569 332 1592 ac
357 1569 511 1602 proruere
528 1560 610 1592 ratio
631 1560 693 1591 fuit
709 1561 733 1600 ¹,
752 1560 880 1601 indigus
894 1560 1049 1600 rectoris,
1071 1561 1166 1602 inops
1182 1562 1307 1593 consilii
1321 1587 1330 1603 ,
1346 1564 1443 1597 tertia

110 1609 210 1641 ferme
227 1609 332 1640 noctis
348 1609 428 1640 hora
442 1608 561 1649 paratis
573 1609 640 1649 jam
657 1608 888 1649 dispositisque
901 1608 1061 1640 Flavianis
1077 1608 1277 1650 impingitur.
1295 1611 1442 1643 ordinem

110 1656 247 1696 agminis
264 1655 389 1696 disjecti
406 1665 462 1697 per
485 1656 568 1687 iram
588 1664 626 1687 ac
646 1656 794 1687 tenebras
810 1664 998 1688 asseverare
1013 1665 1078 1689 non
1095 1657 1200 1688 ausim
1212 1681 1221 1697 ‚
1238 1667 1439 1698 quamquam

112 1701 167 1734 alii
177 1703 364 1736 tradiderint
378 1705 545 1745 quartam
555 1702 816 1735 Macedonicam
829 1703 953 1735 dextro
965 1712 1107 1735 suorum
1120 1713 1229 1737 cornu
1241 1703 1252 1722 ²
1260 1729 1268 1743 ‚
1280 1708 1441 1746 quintam

112 1750 146 1780 et
161 1752 322 1791 quintam
338 1751 507 1782 decimam
527 1759 605 1782 cum
621 1751 762 1782 vexillis
776 1759 876 1783 nonae
892 1751 1120 1793 secundaeque
1139 1754 1172 1783 et
1185 1753 1354 1784 vicesimae
1367 1755 1441 1785 Brz'-

113 1797 341 1829 tanm'carum
361 1798 530 1838 leqionum
551 1796 703 1828 mediam
722 1799 853 1836 aciem,
877 1797 1188 1830 sextadecumanos
1218 1798 1442 1832 duoetvicesz'-

112 1852 301 1885 manosque
314 1845 348 1876 et
371 1846 551 1885 primanos
572 1845 698 1876 laevum
708 1853 817 1876 cornu
829 1845 1024 1885 complesse.
1040 1849 1184 1886 Rapaces
1196 1849 1294 1886 atque
1314 1847 1437 1879 Italici³

113 1891 265 1924 omnibus
279 1900 312 1923 se
327 1891 500 1932 manipulis
515 1891 726 1922 miscuerant.
741 1899 838 1931 eques
851 1891 1037 1932 auxiliaque
1049 1892 1110 1923 sibi
1124 1892 1186 1932 ipsi
1201 1892 1308 1924 locum
1322 1894 1438 1934 legere.

112 1939 264 1980 proelium
286 1941 354 1970 tota
370 1941 465 1970 nocte
486 1939 635 1978 varium,
657 1947 776 1979 anceps
788 1963 796 1978 ‚
816 1941 929 1978 atr0x;
951 1939 1020 1978 his,
1039 1948 1168 1970 rursum
1186 1940 1250 1972 illis
1265 1941 1437 1974 exitiabile.

113 1986 193 2018 nihil
209 1986 337 2017 animus
353 1989 410 2017 aut
425 1994 562 2026 manus,
580 1995 620 2017 ne
637 1985 723 2016 oculi
743 1986 875 2026 quidem
893 1986 1024 2026 provisu
1039 1986 1210 2027 juvabant.
1228 1987 1338 2019 eadem
1354 1991 1439 2022 utra-

113 2043 177 2075 que
199 2034 268 2065 acie
284 2042 392 2072 arma3
415 2033 538 2065 crebris
557 2032 868 2073 interrogationibus
886 2037 1002 2065 notum
1027 2043 1145 2075 pugnae
1168 2034 1294 2075 signum
1308 2034 1341 2076 ⁴3
1365 2045 1439 2076 per-

113 2080 217 2112 mixta
231 2080 346 2112 vexilla
359 2104 368 2120 ,
382 2081 420 2111 ut
432 2080 570 2120 quisque
584 2080 698 2120 globus
714 2083 808 2122 capta
823 2090 861 2112 ex
880 2081 1031 2113 hostibus
1045 2082 1109 2113 huc
1122 2082 1172 2113 vel
1195 2082 1270 2114 illuc
1281 2084 1439 2124 raptabat.

114 2127 289 2167 urgebatur
306 2127 449 2159 maxime
471 2126 614 2168 septima
635 2126 736 2168 legio,
759 2137 862 2168 nuper
882 2137 901 2160 a
923 2128 1020 2160 Galba
1044 2129 1238 2170 conscripta.
1261 2131 1360 2162 occisi
1381 2140 1438 2163 sex

113 2174 296 2215 primorum
313 2174 466 2207 ordinum
485 2175 713 2217 centuriones,
730 2176 864 2216 abrepta
873 2177 1025 2217 quaedam
1041 2176 1135 2218 signa
1149 2187 1156 2208 :
1174 2177 1279 2218 ipsam
1297 2178 1438 2218 aquilam

116 2278 171 2298 -—⁴.
184 2274 269 2299 Muris
279 2276 490 2307 admovendum,
504 2277 550 2302 eui
562 2279 737 2308 imponerent
744 2279 836 2303 vineas
849 2281 878 2304 et
890 2281 1027 2306 tormenta

146 2309 310 2370 xxii-:fd
317 2312 473 2343 irrigandos
488 2319 570 2344 agros
591 2320 608 2338 a
621 2314 770 2339 cultoribus
784 2315 875 2340 dueta.
890 2328 918 2334 —
930 2321 953 2341 2.
966 2317 1092 2347 Ejusdem
1101 2317 1152 2342 viae
1166 2317 1353 2343 Postumina—
1363 2323 1387 2342 δε
1398 2319 1437 2343 De

118 2347 234 2404 qugxff'
258 2362 278 2403 ι’.
291 2381 351 2405 Hoc
361 2382 518 2408 taciendam
537 2386 608 2414 erat²
624 2385 648 2410 si
662 2391 695 2410 ex
716 2386 825 2410 ratione
846 2392 937 2411 rerum
959 2389 1110 2418 prudenter
1122 2395 1204 2418 agere
1215 2389 1307 2413 vellet.
1317 2401 1346 2406 -
1355 2393 1375 2412 2.
1389 2388 1434 2412 Se.

118 2413 226 2439 stetisse
237 2421 290 2440 -5,
311 2417 426 2448 Rapacis
438 2420 520 2450 (XXI)
542 2421 573 2445 et.
583 2421 688 2446 ltalicae
701 2421 746 2451 (11)
768 2421 906 2452 legionum
923 2424 1062 2449 milites-
1071 2429 1096 2450 4.
1117 2426 1237 2454 'resset-a,
1252 2425 1282 2449 la
1297 2422 1438 2454 parole-‘t
