1539 2668
512 113 539 145 A
572 114 610 142 U.
633 110 670 141 C.
695 113 768 142 822.
792 111 830 142 A.
852 112 888 143 C.
912 109 964 142 69.
1341 111 1402 143 359

75 200 150 226 nem
170 189 399 223 beneficiorum
425 187 554 225 aderat;
578 185 790 217 stultissimus
812 185 950 226 quisque
975 183 1122 225 pecuniis
1146 184 1371 216 mercabatur⁴
1390 196 1400 225 3

75 239 160 280 apud
175 238 338 279 sapientes
351 243 442 268 cassa
457 233 678 272 habebantur,
697 241 770 273 quae
786 241 892 273 neque
909 231 980 264 dari
1002 240 1108 272 neque
1124 231 1226 272 accipi
1247 232 1337 264 salva
1352 241 1399 265 re-

74 285 204 326 publica
228 284 389 325 poterant.
407 281 537 314 tandem
561 279 725 320 flagitante
744 280 908 320 exercitu,
931 278 987 320 qui
1009 278 1193 310 Mevaniam
1218 279 1400 320 insederat,

74 340 190 373 magno
208 333 394 363 senatorum
410 329 554 370 agmine,
573 336 713 368 quorum
732 327 852 360 multos
869 326 1045 358 ambitione
1060 325 1071 344 ⁵
1086 349 1096 365 ,
1113 326 1219 367 plures
1233 326 1403 362 formidine

74 379 244 418 trahebat,
262 378 295 409 in
308 379 414 409 castra
433 376 539 416 venit,
557 376 700 406 incertus
716 376 816 406 animi
832 377 864 407 et
878 374 988 406 infidis
1004 373 1145 406 consiliis
1163 373 1336 406 obnoxius.

117 427 197 458 LVI.
222 424 438 458 concionanti
455 422 688 463 (prodigiosum
705 422 806 461 dictu)
830 425 958 454 tantum
975 420 1132 453 foedarum
1158 421 1328 453 volucrum
1351 429 1404 454 su·

73 472 298 514 pei-volitavit,
312 473 349 503 ut
364 471 450 502 nube
462 472 532 502 atra
545 470 631 502 diem
645 469 871 502 obtenderent.
886 469 1018 501 accessit
1034 468 1141 500 dirum
1164 477 1259 500 omen
1269 492 1278 507 ‚
1294 469 1402 510 profu·

74 528 134 560 gus
157 518 310 551 altaribus
332 521 446 550 taurus
472 517 606 557 disjecto
622 517 768 549 sacrificii
794 518 971 558 apparatu,
989 517 1083 556 longe
1099 515 1125 556 ¹,
1153 525 1213 548 nec
1229 515 1284 547 ubi
1315 516 1405 548 feriri

74 566 195 599 hostias
212 574 281 596 mos
298 566 366 604 est,
383 565 565 596 confossus.
587 564 643 596 sed
658 564 858 606 praecipuum
874 564 942 605 ipse
962 563 1111 596 Vitellius
1130 565 1293 595 ostentum
1311 565 1401 602 erat,

71 614 203 654 ignarus
224 613 370 652 militiae,
401 612 606 653 improvidus
630 612 773 644 consiliis
786 636 795 651 ‚
816 614 895 653 quis
916 612 1001 644 ordo
1024 613 1190 652 aymim's,
1215 620 1293 652 quae
1315 620 1404 644 cura

71 659 302 700 explorandi,
322 662 477 701 quantus
495 660 651 701 ‘arqendo
671 659 884 692 trahendove
902 659 990 691 bello
1006 659 1129 691 modus
1146 659 1227 690 alios
1241 659 1402 700 rogitans,

70 708 102 739 et
117 707 156 739 ad
170 715 283 738 omnes
297 707 428 738 nuntios
444 707 537 739 vultu
552 716 682 748 quoque
698 709 731 739 et
746 707 874 739 incessu
894 707 1041 747 trepidus
1052 730 1061 746 ,
1086 707 1160 738 dein
1187 706 1403 740 temulentus.

71 757 236 794 postremo
248 753 349 785 taedio
369 755 568 795 castrorum,
587 758 619 786 et
643 755 753 786 audita
776 754 957 786 defectione
974 753 1161 786 Misenensis
1184 753 1315 793 classis,
1341 758 1403 786 Ro·

70 810 158 833 mam
171 801 317 840 revertit,
334 801 595 833 recentissimum
613 802 766 843 quodque
786 803 903 834 vulnus
920 811 1054 843 pavens,
1073 801 1191 833 summi
1209 802 1403 835 discriminis

69 848 262 880 incuriosus.
280 857 356 878 nam
368 857 471 888 quum
491 849 672 888 transgredi
689 850 892 889 Apenninum
906 849 1032 889 integro
1043 849 1205 880 exercitus
1222 849 1273 880 sui
1288 849 1404 883 robore

68 895 102 928 et
119 894 220 926 fessos
236 895 344 926 hieme
361 897 458 935 atque
476 895 583 936 inopia
601 896 711 927 hostes
727 897 856 937 aggredi
870 897 904 927 in
919 899 1030 936 aperto
1045 895 1057 914 ²
1074 896 1170 935 soret,
1186 895 1264 927 dum
1279 897 1403 938 disper·

69 942 115 983 git
129 942 216 973 vires
228 965 238 982 ,
252 942 448 974 acerrimum
467 942 601 974 militem
618 946 649 975 et
667 954 768 985 usque
794 945 824 975 in
841 946 988 976 extrema
1013 942 1213 974 obstinatum
1235 944 1403 976 trucidan-

69 987 149 1020 dum
164 989 423 1030 capiendumque
438 989 594 1030 tradidit,
610 991 814 1031 peritissimis
829 991 1057 1022 centurionum
1072 989 1341 1023 dissentientibus
1357 994 1402 1034 et,

69 1035 98 1066 si
111 1036 374 1076 consulerentur,
393 1045 469 1068 vera
486 1036 634 1069 dicturis.
652 1047 785 1070 arcuere
798 1047 854 1070 eos
871 1037 978 1069 intimi
1001 1037 1181 1069 amicorum
1202 1037 1321 1069 Vitellii
1333 1063 1341 1078 ‚
1359 1039 1403 1072 ita

69 1081 217 1114 formatis
243 1083 401 1123 Principis
423 1083 575 1124 auribus,
604 1086 640 1116 ut
658 1093 773 1126 aspera
787 1084 799 1103 ³
818 1093 893 1126 quae
912 1085 1004 1116 utilia
1021 1109 1030 1125 ‚
1060 1093 1120 1116 nec
1146 1085 1320 1125 quicquam
1341 1087 1402 1118 nisi

68 1129 248 1170 jucundum
263 1131 295 1161 et
309 1130 465 1161 laesurum
478 1131 650 1171 acciperet.
834 1144 838 1149 ·

112 1179 204 1208 LVII.
229 1177 290 1208 Sed
306 1177 441 1208 classem
460 1178 674 1210 Misenensem
692 1178 834 1219 (tantum
851 1178 1001 1210 civilibus
1025 1177 1196 1209 discordiis
1221 1177 1317 1209 etiam
1337 1179 1402 1211 sin-

71 1222 220 1262 gulorum
237 1223 371 1255 audacia
391 1225 493 1264 valet)
510 1225 664 1257 Claudius
684 1226 878 1257 Faventinus
905 1225 1051 1257 centurio
1074 1233 1131 1265 per
1156 1225 1366 1264 ignominiam
1383 1236 1402 1259 a

72 1270 168 1302 Galba
182 1270 333 1302 dimissus
350 1272 388 1302 ad
404 1271 616 1304 desectionem
632 1273 731 1304 traxit
744 1297 753 1312 ,
780 1273 863 1304 fictis
879 1272 1068 1313 Vespasiani
1095 1272 1240 1312 epistolis
1263 1274 1402 1314 pretium

70 1317 261 1358 proditionis
281 1320 459 1350 ostentans.
490 1323 629 1359 praeerat
657 1320 750 1351 classi
779 1320 933 1351 Claudius
962 1320 1175 1360 Apollinaris,
1200 1329 1304 1360 neque
1329 1322 1403 1354 fidei

72 1366 224 1395 constans
241 1374 346 1405 neque
359 1368 512 1397 strenuus
524 1367 557 1397 in
575 1366 720 1406 perfidia.
737 1368 770 1398 et
792 1367 928 1407 Apinius
948 1367 1022 1398 Tiro
1041 1371 1181 1407 praelura
1210 1367 1339 1399 functus
1364 1378 1402 1402 ac

71 1410 143 1442 tum
157 1410 241 1442 sorte
257 1412 430 1443 Minturnis
449 1421 546 1452 agens
564 1414 680 1445 ducem
695 1422 727 1444 se
741 1413 958 1445 defectoribus
974 1414 1102 1445 obtulit.
1127 1423 1144 1444 a
1161 1414 1277 1454 quibus
1297 1417 1399 1447 muni-

72 1456 158 1496 cipia
172 1459 370 1499 coloniaeque
384 1459 534 1500 impulsae
547 1485 555 1501 ‚
574 1462 740 1501 praecipuo
756 1461 1006 1493 Puteolanorum
1028 1462 1058 1492 in
1077 1461 1309 1501 Vespasianum
1331 1466 1401 1495 stu·

71 1502 126 1534 dio
137 1527 147 1544 ,
162 1508 273 1537 contra
290 1510 398 1547 Capua
411 1508 538 1539 Vitellio
554 1507 634 1548 fida,
652 1508 878 1550 municipalem
892 1509 1132 1540 aemulationem
1149 1508 1238 1540 bellis
1251 1509 1400 1543 civilibus

72 1550 264 1585 miscebant.
280 1554 426 1586 Vitellius
450 1556 622 1587 claudium
644 1557 807 1588 Julianum
832 1557 880 1597 (is
900 1565 1004 1597 nuper
1024 1556 1159 1587 classem
1187 1557 1400 1590 Misenensem

70 1598 159 1630 molli
171 1599 308 1640 imperio
321 1603 465 1643 rexerat)
483 1603 721 1644 permulcendis
741 1604 880 1635 militum
899 1604 1018 1635 animis
1035 1603 1161 1641 delegit.
1178 1604 1254 1635 data
1266 1604 1299 1635 in
1310 1604 1399 1636 auxi-

70 1644 150 1677 lium
167 1647 291 1679 urbana
311 1649 426 1680 cohors
442 1653 474 1681 et
500 1651 709 1690 gladiatoreS,
735 1651 855 1691 quibus
881 1651 1198 1691 Julianus'praeerat.
1218 1653 1254 1683 ut
1284 1652 1399 1685 collata

69 1693 234 1734 utrimque
256 1698 377 1735 castra,
401 1696 485 1728 haud
511 1707 626 1737 magna
648 1699 855 1730 cunctatione
875 1699 999 1730 Juliano
1021 1698 1053 1729 in
1080 1701 1187 1739 partes
1212 1699 1398 1739 Vespasiani

70 1739 268 1790 transgresso
288 1765 298 1781 ,
321 1744 527 1775 Tarracinam
555 1754 754 1786 occupavere
776 1769 786 1786 ,
813 1746 974 1778 moenibus
1006 1746 1137 1786 situque
1171 1746 1272 1786 magis
1300 1755 1397 1787 quam

69 1793 216 1826 ipsorum
231 1788 238 1805 ¹
255 1787 383 1827 ingenio
396 1791 512 1821 tutam.

113 1836 223 1865 LVIII.
247 1838 326 1874 Quae
341 1835 395 1867 ubi
408 1837 538 1868 Vitellio
554 1838 681 1877 cognita
693 1862 701 1878 ,
716 1841 807 1878 parte
822 1839 989 1879 copiarum
1007 1839 1135 1870 Narniae
1152 1847 1226 1869 cum
1238 1840 1398 1878 praefectis

71 1881 216 1920 praetorii
233 1882 346 1913 relicta
359 1906 367 1920 ,
384 1887 418 1914 L.
437 1884 604 1915 Vitellium
629 1885 761 1916 fratrem
784 1894 858 1916 cum
873 1894 929 1916 sex
952 1886 1141 1917 cohortibus
1163 1888 1196 1917 et
1214 1886 1406 1926 quingentis

72 1927 238 1968 equitibus
251 1929 413 1968 ingruenti
429 1939 485 1970 per
501 1932 706 1972 Campaniam
728 1932 812 1964 bello
833 1933 995 1972 opposuit.
1022 1933 1089 1973 ipse
1105 1941 1191 1972 aeger
1208 1933 1309 1964 animi
1340 1935 1406 1963 stu-

70 1973 134 2005 diis
147 1974 287 2006 militum
302 1978 334 2007 et
351 1977 547 2009 clamoribus
564 1979 675 2019 populi
692 1988 782 2010 arma
798 1979 960 2019 poscentis
984 1979 1191 2011 refovebatur
1202 2003 1210 2018 ‚
1228 1979 1308 2021 dum
1336 1980 1404 2010 vul-

70 2029 130 2060 gus
145 2020 298 2061 ignavum
315 2025 347 2054 et
361 2023 438 2055 nihil
457 2025 542 2056 ultra
564 2025 662 2057 verba
680 2035 835 2057 ausurum
857 2026 936 2057 falsa
957 2026 1062 2067 specie
1085 2028 1277 2059 exercitum
1295 2026 1332 2059 et
1355 2026 1403 2057 Ze-

71 2068 186 2107 9iones
212 2070 360 2110 appellat.
380 2071 585 2104 hortantibus
612 2072 735 2104 libertis
762 2074 851 2113 (nam
875 2073 1054 2105 amicorum
1082 2074 1152 2113 eJ'us
1176 2076 1297 2114 quanto
1331 2074 1404 2113 quis

70 2113 205 2155 clarior,
221 2117 330 2149 minus
342 2117 444 2159 fidus)
468 2122 586 2151 vocari
605 2119 715 2152 tribus
731 2120 737 2138 ¹
765 2120 875 2160 jubet,
900 2120 1015 2153 dantes
1042 2121 1173 2152 nomina
1193 2130 1318 2153 sacram
1328 2122 1403 2151 ento

71 2205 146 2229 Anu.
155 2205 210 2235 XV,
221 2211 320 2232 ,az—4.
330 2208 372 2233 Sc.
383 2209 569 2234 immunitates
583 2211 611 2234 et
622 2210 674 2234 alia
687 2209 892 2234 commoda—5.
905 2211 949 2235 sc.
966 2211 1102 2240 ipsorum
1116 2216 1180 2239 non,
1193 2216 1249 2235 sua-

101 2239 166 2264 Lvt.
184 2245 203 2265 i.
216 2242 262 2266 sc.
274 2242 309 2267 ab
322 2243 409 2268 altari.
422 2245 485 2268 Erat
498 2244 550 2269 hoc
567 2246 640 2269 inter
652 2246 822 2275 piacularia
833 2246 973 2275 auspicia.
988 2259 1017 2263 —
1029 2252 1051 2271 ε.
1064 2248 1205 2277 Apertum,
1219 2251 1299 2276 prom
1308 2245 1397 2274 ptum·

71 2274 116 2298 Sic
126 2275 222 2304 Amic.
237 2282 263 2301 c.
279 2284 356 2303 1.—5.
371 2280 416 2303 Sc.
428 2280 479 2310 ipsi
494 2282 595 2304 essent.

102 2310 175 2334 LVH.
188 2316 208 2334 ι.
222 2312 322 2338 Juliani
334 2316 362 2339 et
375 2315 546 2345 Apollinaris.
557 2316 619 2340 Vid.
637 2316 708 2341 infra
723 2322 746 2341 c.
759 2322 796 2342 ⁷6.

101 2345 190 2372 Lvul.
204 2352 224 2372 ι.
238 2348 269 2373 ld
279 2350 320 2374 est
331 2349 440 2380 plebem
449 2353 478 2376 in
488 2357 517 2376 aa
528 2352 617 2378 tn‘hus
629 2353 802 2383 descriptam.
814 2352 942 2381 Nomina
954 2353 1055 2379 dantes
1067 2358 1104 2377 sc·
1123 2352 1153 2378 in
1164 2351 1300 2377 militiam.
