1539 2668
542 139 579 168 A.
603 140 641 168 U.
663 139 698 167 C.
723 140 795 168 822.
819 141 855 168 A.
880 141 915 169 C.
940 141 992 170 69.
1370 147 1429 176 337

102 216 171 257 ipse
195 214 262 245 sola
286 213 439 254 perdendi
462 214 539 243 cura
566 212 695 243 stabula
720 212 840 252 aurigis
863 216 1049 253 exstruere,
1074 214 1195 245 circum
1214 215 1428 254 gladiatorum

103 262 307 301 ferarumque
324 259 512 301 spectaculis
528 259 658 299 opplere
671 283 679 296 ,
697 260 863 299 tamquam
880 259 914 290 in
929 269 1056 291 summa
1071 261 1269 293 abundantia
1283 266 1430 302 pecuniae

101 309 244 381 ,Πιέζᾶέἲιῖεῗ-
257 349 342 389 Quin
358 351 390 379 et
408 347 542 379 natalem
560 347 679 378 Vitellii
696 347 782 378 diem
799 347 805 365 ¹
824 347 951 379 Caecina
969 358 1006 380 ac
1021 350 1137 381 Valens
1155 349 1248 381 editis
1261 351 1329 382 tota
1346 353 1430 386 Urbe

100 397 232 428 vicatim
249 395 477 436 gladiatoribus
493 394 712 429 celebravere,
736 394 856 434 ingenti
882 399 995 435 paratu
1013 398 1045 428 et
1061 398 1136 428 ante
1155 397 1246 428 illum
1272 398 1358 430 diem
1378 400 1429 430 in-

99 444 202 475 solito.
219 444 328 474 laetum
345 442 521 473 foedissimo
539 442 656 482 cuique
668 465 676 480 ,
694 443 777 481 apud
795 442 896 473 bonos
913 443 1045 475 invidiae
1062 443 1120 475 fuit
1132 467 1140 482 ,
1155 444 1242 484 quod
1256 447 1430 480 exstructis

97 490 132 521 in
147 499 261 530 campo
274 489 390 520 Martio
411 489 473 519 aris
492 489 623 520 inferias
647 489 763 520 Neroni
788 489 925 520 fecisset.
947 499 1041 521 eaesae
1060 490 1190 530 publice
1207 491 1347 524 victimae
1363 502 1428 525 cre-

98 540 275 577 mataeque3
301 536 402 567 facem
430 536 622 575 Augustales
643 536 841 567 subdidere:
867 537 953 576 quod
978 537 1193 569 sacerdotium
1213 540 1250 570 ut
1275 541 1430 573 Romulus

97 585 191 615 Tatio
210 584 292 623 regi,
311 585 356 614 ita
373 586 479 613 Caesar
494 583 640 613 Tiberius
661 583 754 614 Juliae
777 583 863 622 genti
889 584 1065 615 sacravit2.
1091 585 1236 616 nondum
1254 589 1391 626 quartus
1410 597 1429 619 a

97 630 231 661 victoria
256 630 375 661 mensis
390 655 398 669 ,
422 633 454 661 et
476 630 611 661 libertus
630 630 752 661 Vitellii
775 630 938 661 Asiaticus
964 631 1139 670 Polyclitos
1153 655 1162 670 ‚
1185 633 1376 665 Patrobios³
1397 638 1430 666 et

96 679 206 709 vetera
217 677 366 708 odiorum
382 678 515 707 nomina
528 677 679 717 aequabat
689 677 818 708 ³·nemo
832 678 864 708 in
879 677 932 708 illa
946 678 1018 709 aula
1032 678 1193 717 probitate
1206 681 1261 711 aut
1273 680 1430 713 industria

97 724 252 758 certavit;
279 733 378 755 unum
400 724 439 753 ad
466 725 645 762 potentiam
669 724 743 762 iter,
770 724 915 763 prodigis
934 725 1037 764 epulis
1056 728 1088 756 et
1110 729 1242 766 sumptu
1267 736 1430 767 ganeaque

96 771 211 802 satiare
225 770 433 810 inexplebiles
445 770 563 800 Vitellii
579 769 741 801 libidines.
760 772 826 810 ipse
840 771 968 802 abunde
983 774 1070 802 ratus
1083 773 1109 803 si
1124 774 1333 812 praesentibus
1346 774 1428 806 frue-

96 820 196 857 retur,
214 817 320 849 necin
346 817 471 856 longius
492 817 697 856 consultans,
718 818 830 848 novies
860 818 975 848 millies
991 819 1179 849 sestertium
1195 820 1204 836 ⁴
1227 820 1431 860 paucissimis

95 864 262 896 mensibus
284 864 505 895 intervertisse
528 864 681 894 creditur.
704 873 819 903 magua
845 866 876 895 et
902 865 1018 895 misera
1044 866 1158 896 civitas
1173 890 1181 904 ‚
1205 867 1318 899 eodem
1345 878 1430 900 anno

95 912 256 943 Othonem
270 912 504 952 Vitelliumque
519 920 612 951 passa
626 935 634 950 ‚
650 911 735 942 inter
749 912 860 942 Vinios
874 936 883 950 ,
898 912 1025 951 Fabios,
1041 914 1153 952 Icelos,
1170 914 1327 946 Asiaticos
1341 917 1429 947 varia

94 960 127 989 et
152 959 300 1000 pudenda
322 963 409 990 sorte
432 959 565 998 agebat,
593 958 697 990 donec
723 968 907 990 successere
931 960 1100 990 Mucianus
1124 963 1155 991 et
1180 961 1369 993 Marcellus⁵
1398 964 1430 994 et

95 1007 196 1046 magis
211 1007 263 1037 alii
280 1007 425 1037 homines
440 1015 536 1046 quam
552 1006 605 1036 alii
620 1014 736 1037 mores.

136 1056 244 1086 XCVI.
279 1055 385 1084 Prima
412 1054 538 1084 vitellio
570 1055 685 1085 tertzoe
711 1054 850 1093 reqionis
873 1053 1018 1093 defectio
1044 1054 1225 1094 nuntiatur,
1256 1055 1362 1088 missis
1389 1057 1429 1088 ab

96 1101 219 1141 Aponio
233 1102 404 1131 Saturnino
418 1101 575 1140 epistolis,
589 1102 762 1139 antequam
779 1101 804 1130 is
821 1110 950 1140 quoque
963 1101 1145 1141 Vespasiani
1162 1102 1307 1141 partibus
1322 1112 1428 1144 aggre-

96 1149 236 1189 garetur.
257 1146 312 1177 sed
330 1156 433 1186 neque
459 1147 601 1186 Aponius
619 1149 737 1177 cuncta
756 1150 792 1177 ut
808 1148 974 1187 trepidans
991 1157 1025 1179 re
1042 1148 1150 1179 subita
1169 1150 1403 1189 perscripserat
1418 1176 1426 1190 ,

96 1197 128 1226 et
144 1194 239 1225 amici
257 1194 427 1224 adulantes
454 1194 583 1225 mollius
607 1194 905 1234 interpretabantur
926 1204 934 1225 t
955 1197 1059 1226 'zazius
1085 1196 1224 1234 leqiom's
1242 1204 1318 1228 eam
1339 1199 1428 1230 sedi-

97 1242 281 1281 ditionem,
298 1244 418 1272 ceteris
435 1242 643 1272 exercitibus
659 1243 818 1272 constare
827 1241 946 1281 fidem.
968 1241 999 1272 in
1017 1242 1103 1271 lmnc
1121 1241 1253 1272 modum
1265 1244 1361 1275 etiam
1378 1246 1429 1277 vt-

95 1289 202 1320 tellius
217 1289 301 1328 apud
318 1288 434 1318 milites
448 1288 619 1327 disseruit,
636 1288 848 1328 praetorianos
864 1297 966 1328 nuper
982 1291 1212 1319 exauctoratos
1229 1289 1405 1323 insectatus
1416 1316 1426 1332 ,

96 1344 119 1366 a
135 1334 378 1376 quihusfalsos
395 1343 547 1365 rumores
562 1335 713 1375 (Iisperqi.
724 1361 733 1375 ,
754 1343 812 1366 nec
828 1336 944 1366 ullum
957 1336 1066 1366 civilis
1082 1335 1161 1366 belli
1179 1338 1324 1375 melum,
1345 1346 1429 1370 asse-

96 1382 245 1420 verabat,
262 1390 435 1422 suppresso
453 1382 641 1422 Vespasiani
658 1383 804 1421 nomine,
824 1384 855 1413 et
874 1382 964 1422 vagis
982 1391 1038 1422 per
1055 1381 1173 1413 Urbem
1192 1382 1352 1415 militibus
1370 1386 1428 1425 qui

93 1438 257 1462 sermones
274 1429 384 1471 populi
402 1432 598 1461 coercerent.
616 1429 646 1459 id
666 1430 865 1469 praecipuum
881 1430 1069 1460 alimentum
1088 1429 1182 1460 famae
1198 1432 1278 1460 erat.

136 1480 257 1508 XCVII.
282 1476 407 1508 Auxilia
431 1480 539 1508 tamen
558 1486 575 1507 e
594 1477 763 1508 Germania
788 1477 1017 1516 Britanniaque
1042 1478 1075 1508 et
1100 1477 1259 1516 Hispaniis
1279 1478 1424 1521 excivit,

94 1524 234 1563 segniter
248 1526 280 1556 et
294 1525 519 1555 necessitatem
537 1524 754 1555 dissimulans.
773 1524 905 1564 perinde
922 1524 1020 1563 legati
1037 1524 1276 1564 provinciaeque
1294 1528 1427 1558 cuncta-

95 1571 225 1610 bantur,
246 1572 448 1603 Hordeonius
466 1572 597 1602 Flaccus
612 1571 618 1588 ¹
641 1572 798 1611 suspectis
810 1571 876 1611 jam
891 1572 1020 1602 Batavis
1036 1570 1152 1601 anxius
1170 1571 1303 1611 proprio
1321 1571 1406 1604 bello
1418 1597 1427 1611 ,

95 1619 222 1650 vettius
231 1620 368 1650 Bolanus
382 1628 547 1659 nunquam
561 1619 637 1650 satis
649 1620 760 1659 quieta
774 1619 947 1658 Britannia,
960 1621 992 1649 et
1006 1621 1139 1658 uterque
1153 1618 1306 1657 ambigui.
1323 1627 1428 1659 neque

92 1674 135 1697 ex
150 1667 310 1707 Hispaniis
325 1667 568 1707 properabatur,
586 1667 673 1697 nullo
687 1669 755 1697 turn
772 1666 813 1697 ibi
828 1666 988 1697 consulari
1003 1675 1010 1696 :
1027 1665 1126 1701 trium
1142 1665 1302 1705 legionum
1319 1666 1427 1707 legati,

94 1721 189 1753 pares
204 1715 276 1753 jure
292 1718 323 1745 et
348 1715 508 1754 prosperis
525 1714 642 1745 Vitellii
669 1714 765 1745 rebus
786 1714 941 1745 certaturi
960 1713 999 1744 ad
1022 1712 1238 1752 obsequium,
1257 1712 1427 1746 adversam

92 1761 167 1800 ejus
183 1761 342 1792 fortunam
357 1770 394 1792 ex
410 1770 504 1800 aequo
523 1761 757 1792 detrectabant.
775 1761 809 1792 in
830 1761 935 1793 Africa
952 1760 1032 1800 legio
1055 1760 1272 1799 cohortesque
1293 1760 1429 1792 delectae

94 1817 117 1839 a
140 1807 251 1839 Clodio
276 1812 381 1838 Macro
394 1832 402 1845 ,
419 1817 492 1837 mox
514 1817 531 1838 a
554 1807 650 1838 Galba
665 1807 827 1846 dimissae,
843 1816 955 1838 rursus
969 1807 1063 1845 jussu
1078 1806 1195 1837 Vitellii
1212 1807 1362 1838 militiam
1377 1816 1430 1839 ce-

98 1863 186 1894 pere.
205 1854 301 1885 simul
315 1857 422 1885 cetera
433 1857 588 1893 juventus
602 1855 700 1885 dabat
715 1855 850 1894 impigre
863 1853 1031 1884 nomina2.
1049 1854 1168 1892 quippe
1186 1853 1347 1892 integrum
1363 1854 1431 1886 illic

99 1910 137 1933 ac
150 1902 357 1933 favorabilem
371 1902 634 1942 proconsulatum
646 1902 810 1940 Vitellius,
826 1901 982 1931 famosum
994 1900 1202 1939 invisumque
1211 1901 1429 1940 Vespasianus

100 1951 206 1990 egerat
222 1959 229 1979 ς
247 1949 380 1989 proinde
393 1949 404 1966 ³
421 1949 499 1980 socii
517 1948 555 1980 de
571 1949 706 1989 imperio
724 1948 893 1988 utriusque
909 1946 1144 1987 conjectabant.
1162 1947 1219 1978 sed
1231 1947 1430 1987 experimen—

99 1996 472 2078 tuaecssiitll.agt‹¹zlt1{¹·imo
500 2037 645 2069 Valerius
670 2037 784 2068 Festus
808 2037 935 2075 legatus
959 2036 1068 2067 studia
1083 2035 1332 2076 provincialium
1353 2045 1427 2069 cum

98 2084 162 2117 fide
176 2086 280 2125 juvit3
303 2094 377 2116 mox
402 2085 560 2123 nutabat,
587 2085 693 2125 palam
717 2083 863 2124 epistolis
887 2083 1067 2122 edictisque
1084 2082 1266 2123 Vitellium,
1290 2084 1428 2116 occultis

99 2127 223 2159 nuntiis
246 2127 484 2168 Vespasianum
511 2127 642 2166 fovens,
663 2130 695 2158 et
712 2126 782 2157 liaeo
801 2125 897 2156 illave
920 2124 1132 2164 defensurus,
1155 2127 1253 2164 prout
1278 2125 1428 2157 invaluis-

125 2244 203 2268 XCV.
220 2249 240 2268 ι.
251 2244 301 2274 Qui
315 2245 374 2268 erat
387 2244 443 2268 dies
457 2249 493 2273 24,
516 2244 666 2268 secundum
682 2243 748 2266 alios
775 2241 831 2265 (lies
845 2246 857 2264 7
876 2240 1048 2270 septembris.
1061 2253 1089 2257 -
1100 2245 1122 2264 2.
1134 2241 1165 2263 v.
1182 2240 1289 2264 Annal.
1302 2241 1321 2269 1,
1339 2246 1377 2270 ⁵⁴,
1398 2242 1429 2265 et

99 2281 209 2304 noh—5.
225 2280 264 2303 De
288 2280 327 2303 his
341 2279 448 2304 libertis
464 2280 580 2303 Neronis
594 2286 608 2303 a
628 2278 711 2303 Galba
729 2279 810 2301 morti
824 2277 894 2300 datis
908 2282 933 2300 v.
949 2278 1023 2301 Ann.
1037 2276 1109 2305 XIV,
1125 2280 1168 2304 59;
1185 2281 1266 2305 supra
1277 2277 1294 2305 1,
1309 2280 1346 2305 5⁷,
1360 2277 1427 2301 Sue-

98 2315 155 2339 ton.
170 2314 248 2339 Galb.
263 2321 285 2339 c.
300 2320 390 2339 seo—⁴.
406 2316 600 2345 Propemodum
624 2320 666 2339 iao
679 2314 806 2338 milliens
828 2312 967 2337 hodiernae
990 2313 1174 2336 monetae-13.
1189 2311 1293 2340 Eprius,
1306 2317 1329 2336 c.
1339 2317 1374 2336 53.

128 2350 227 2374 XCVII.
242 2355 262 2374 ι.
277 2350 318 2374 Ad
331 2350 414 2374 Rheni
426 2351 491 2380 ripae
503 2356 597 2374 curam
611 2351 732 2377 relictus,
754 2354 776 2372 c.
792 2353 831 2372 57.
857 2347 972 2372 Vettius
989 2346 1135 2372 Britanniae
1153 2347 1322 2376 praepositus,
1345 2352 1369 2371 c.
1387 2352 1428 2376 63,

98 2382 146 2409 ubi
155 2386 238 2410 etiam
249 2385 282 2409 de
295 2385 508 2415 Hispaniis—2.
521 2387 561 2409 Sc.
574 2386 608 2409 ad
620 2385 819 2409 deiectum—5.
832 2384 867 2408 Ex
879 2383 927 2407 tali
944 2383 1086 2412 utriusque
1101 2382 1346 2408 administratione.
1363 2383 1432 2411 Suee

97 2421 167 2446 tonii
178 2421 277 2446 relatio
291 2420 325 2446 de
342 2420 514 2451 vespasiano,
528 2426 553 2446 c.
566 2425 588 2451 ⁴,
603 2421 693 2451 specie
709 2419 935 2448 tantumdiversa
946 2419 997 2449 est,
1015 2423 1071 2443 non
1083 2422 1123 2443 re·
1275 2449 1296 2488 5
