1539 2668
177 167 237 198 332
551 161 685 190 TACITI
708 160 983 190 HISTORIARUM
1004 161 1077 190 LIB.
1103 159 1142 188 11.

175 238 381 273 asseverabat
406 235 574 268 Mucianus
595 235 758 266 statuisse
784 234 959 267 Vitellium
978 236 1020 266 ut
1040 232 1262 266 Germanicas
1289 232 1433 272 leyiones
1457 234 1495 265 in

174 288 314 327 Syriam
332 284 378 316 ad
400 283 571 315 militiam
587 282 790 322 opulentam
806 283 1025 322 quietamque
1044 279 1274 318 transferret,
1295 281 1417 311 contra
1433 281 1495 320 Sy-

173 335 278 366 riacis
302 330 491 373 lcqionibus
522 330 728 360 Germanica
749 328 891 361 hiberna
908 329 990 360 coelo
1013 337 1054 360 ac
1079 326 1253 359 laboribus
1269 325 1363 358 dura
1384 329 1496 358 muta-

173 382 307 413 rentur.
334 379 453 419 quippe
479 377 512 407 et
536 375 756 416 provinciales
777 377 871 408 sueto
896 375 1036 407 militum
1062 373 1270 406 contubernio
1287 372 1470 412 gandebant
1485 396 1497 412 ‚

174 427 318 467 plerique
335 423 631 456 necessitudinibus
657 425 690 453 et
713 423 1014 463 propinquitatibus
1037 421 1152 461 mixti3
1178 422 1210 452 et
1226 419 1385 451 militibus
1402 421 1498 451 vetu-

172 475 255 506 state
273 472 511 514 stipendiorum
530 472 610 502 nota
626 471 658 502 et
675 470 846 502 familiaria
868 471 975 502 castra
990 470 1024 502 in
1043 469 1176 501 modum
1193 468 1361 509 penatium
1384 467 1497 508 dilige-

171 519 303 552 bantur.

213 570 342 598 LXXXI.
369 567 451 598 Ante
466 566 543 598 Idus
557 566 657 597 Julias
674 564 766 605 Syria
783 563 889 594 omnis
905 563 937 593 in
954 562 1067 594 eodem
1085 564 1287 595 sacramento
1303 562 1374 594 suit.
1394 568 1500 593 acces-

171 624 239 647 sere
258 622 333 645 cum
351 622 448 653 regno
464 613 632 645 Sohaemus
650 613 656 630 ¹
678 611 767 643 haud
782 609 968 650 spernendis
984 609 1105 640 viribus
1117 633 1126 649 ‚
1143 609 1322 640 Antiochus
1335 609 1346 627 ²
1362 608 1497 640 vetustis

171 662 285 702 opibus
300 660 412 700 ingens
422 662 454 692 et
464 659 715 691 inservientium
729 666 839 697 regum
853 656 1047 688 ditissimus.
1062 665 1137 687 mox
1148 664 1203 696 per
1213 657 1358 687 occultos
1366 664 1500 688 suorum

170 708 301 740 nuntios
313 707 439 739 excitus
453 706 493 737 ab
508 706 594 739 Urbe
607 706 749 745 Agrippa
762 704 773 722 ³
790 705 901 743 ignaro
913 702 1017 733 adhuc
1032 703 1171 741 Vitellio,
1187 704 1281 734 celeri
1295 703 1500 743 navigatione
1518 732 1521 735 .

171 754 410 796 properaverat.
436 762 495 785 nec
517 753 644 784 minore
665 753 776 783 animo
793 750 904 790 regina
923 750 1073 782 Berenice
1096 752 1202 790 partes
1213 750 1347 789 iuvabat
1360 775 1369 789 ‚
1386 750 1502 781 florens
1520 771 1521 774 η

170 804 263 834 aetate
278 802 459 841 formaque,
476 804 507 831 et
521 800 591 831 seni
607 808 737 841 quoque
751 798 951 838 Vespasiano
964 797 1202 838 magnificentia
1214 806 1384 828 munerum
1400 798 1500 837 grata.
1520 791 1539 834 *i*

169 848 325 889 quicquid
351 848 595 888 provinciarum
623 848 762 879 alluitur
784 846 865 877 mari
890 847 964 877 Asia
989 848 1086 886 atque
1112 845 1229 876 Achaia
1250 846 1346 877 tenus
1361 869 1370 884 ‚
1396 853 1501 884 quan·

168 897 305 936 tumque
322 895 482 926 introrsus
496 895 529 925 in
546 897 686 926 Pontum
707 896 739 925 et
756 894 928 924 Armenios
944 893 1098 933 patescit,
1114 894 1278 933 juravere.
1293 893 1345 924 sed
1362 892 1501 924 inermes
1529 889 1531 893 “

169 944 262 986 legati
286 942 454 982 regebant,
475 942 623 972 nondum
649 942 770 973 additis
793 941 1026 981 Cappadociae⁴
1052 940 1243 980 legionibus.
1266 939 1437 972 consilium
1461 939 1502 970 de

169 999 295 1023 summa
312 998 419 1020 rerum
439 989 545 1029 Beryti
564 989 723 1019 habitum.
742 988 817 1018 illuc
835 988 1003 1019 Mucianus
1019 997 1094 1019 cum
1111 989 1224 1027 legatis
1246 987 1450 1026 tribunisque
1470 988 1503 1018 et

170 1036 430 1078 splendidissimo
445 1043 573 1075 quoque
589 1035 820 1066 centurionum
846 1044 884 1066 ac
903 1035 1042 1066 militum
1063 1035 1151 1066 venit
1164 1059 1173 1074 ,
1187 1036 1218 1066 et
1232 1044 1249 1065 e
1263 1033 1395 1064 Judaico
1413 1041 1502 1064 exer-

170 1083 236 1115 citu
250 1084 332 1115 lecta
347 1083 474 1113 decora.
493 1084 619 1113 tantum
634 1082 731 1112 simul
744 1081 893 1121 peditum
907 1083 1119 1122 equitumque
1133 1083 1165 1113 et
1179 1081 1403 1113 aemulantium
1418 1079 1504 1112 inter

169 1139 204 1163 se
221 1138 332 1169 regum
351 1130 484 1169 paratus
499 1129 642 1168 speciem
661 1129 804 1159 fortunae
822 1128 1014 1168 principalis
1030 1128 1217 1160 effecerant.

213 1178 357 1208 LXXXII.
382 1176 488 1207 Prima
511 1175 584 1206 belli
608 1184 686 1206 cura
713 1183 807 1215 agere
830 1175 996 1215 delectus,
1022 1184 1174 1207 revocare
1198 1176 1380 1207 veteranos.
1406 1174 1500 1206 desti·

169 1227 286 1255 uantur
302 1223 418 1254 validae
432 1223 585 1254 civitates
602 1222 793 1254 exercendis
812 1231 979 1254 armorum
995 1222 1151 1262 officinis3
1170 1222 1256 1263 apud
1273 1222 1503 1254 Antiochenses

169 1280 285 1303 aurum
299 1272 536 1310 argentumque
554 1269 720 1309 signatur3
736 1278 774 1300 ea
791 1271 912 1300 cuncta
929 1279 984 1310 per
1000 1270 1133 1301 idoneos
1150 1270 1315 1301 ministros
1331 1269 1399 1300 suis
1415 1278 1504 1309 quae·

170 1326 232 1358 que
259 1317 338 1348 locis
364 1317 611 1348 festinabantur.
632 1317 701 1356 ipse
720 1317 942 1357 Vespasianus
967 1317 1054 1348 adire
1067 1341 1075 1356 ‚
1103 1317 1242 1355 hortari,
1260 1317 1363 1348 bonos
1384 1316 1502 1356 laude,-

169 1371 279 1403 segnes
300 1365 450 1404 exemplo
476 1364 614 1395 incitare
639 1364 757 1404 saepius
782 1373 879 1404 quam
909 1373 1080 1405 coercere,
1099 1365 1178 1395 vitia
1194 1364 1296 1403 inagis
1319 1363 1501 1395 amicorum

171 1421 269 1453 quam
288 1412 426 1443 virtutes
443 1411 666 1442 dissimulans.
691 1411 812 1442 multos
836 1411 1041 1452 praefecturis
1061 1415 1093 1443 et
1114 1411 1416 1452 procurationibuS‚
1434 1411 1500 1451 ple·
1535 1431 1539 1453 7

171 1468 287 1500 rosque
305 1459 460 1490 senatorii
477 1458 600 1489 ordinis
617 1459 739 1490 honore
763 1460 944 1499 percoluit,
963 1459 1107 1500 egregios
1125 1459 1214 1490 viros
1231 1459 1263 1490 et
1280 1468 1357 1489 mox
1373 1467 1501 1490 summa
1535 1483 1539 1491 ,,

171 1508 322 1547 adeptos3
341 1506 538 1547 quibusdam
560 1506 693 1538 fortuna
707 1516 766 1547 pro
781 1507 963 1538 virtutihus
978 1508 1050 1538 fuit.
1067 1506 1262 1538 donativum
1280 1505 1376 1536 militi
1395 1514 1502 1545 neque

171 1554 343 1587 Mucianus
356 1554 460 1594 prima
474 1553 629 1585 concione
643 1554 707 1584 nisi
720 1554 848 1585 modice
862 1554 1070 1594 ostenderam
1086 1563 1126 1586 ne
1140 1553 1357 1594 Vespasianus
1370 1553 1501 1593 quidem

171 1603 243 1643 plus
259 1601 346 1633 civili
363 1601 446 1633 bello
461 1601 581 1633 obtulit
598 1609 696 1640 quam
720 1601 774 1631 alii
794 1602 826 1632 in
850 1610 928 1641 pace
940 1625 950 1639 ,
971 1601 1095 1640 egregie
1114 1601 1225 1631 firmus
1242 1601 1398 1632 adversus
1415 1600 1500 1633 mili-

170 1652 273 1683 tarem
298 1649 502 1687 largitionem
520 1672 528 1687 ‚
555 1656 658 1687 eoque
683 1648 830 1679 exercitu
857 1648 999 1679 meliore.
1029 1648 1118 1678 missi
1143 1647 1180 1678 ad
1208 1646 1364 1677 Parthum
1390 1651 1499 1680 Arme-

171 1697 329 1736 niumque
352 1695 469 1735 legati,
486 1695 720 1735 provisumque
733 1704 774 1726 ne
791 1695 895 1727 versis
910 1694 951 1725 ad
968 1694 1061 1725 civile
1077 1694 1198 1725 bellum
1215 1693 1394 1734 legionibus
1414 1696 1501 1734 terga

171 1744 384 1776 nudarentur.
401 1743 510 1774 Titum
526 1742 647 1775 instare
662 1748 677 1774 J
682 1743 786 1774 udaeae
796 1768 806 1782 ,
821 1742 1054 1783 Vespasianum
1069 1742 1217 1773 obtinere
1228 1741 1366 1773 claustra
1380 1743 1501 1782 AEgypti
1535 1744 1539 1782 ,ᾖ

172 1789 303 1833 placuit.
331 1789 477 1820 sufficere
505 1790 700 1821 videbantur
724 1789 877 1821 adversus
900 1790 1064 1821 Vitellium
1088 1798 1162 1830 pars
1188 1789 1355 1829 copiarum
1377 1790 1410 1819 et
1432 1788 1501 1819 dux
1535 1787 1539 1830 ς’

172 1837 340 1871 Mucianus
355 1837 386 1867 et
400 1836 590 1876 Vespasiani
608 1846 726 1868 nomen
744 1846 781 1868 ac
798 1837 880 1868 nihil
897 1837 1036 1868 arduum
1051 1837 1134 1868 fatis.
1154 1836 1194 1868 ad
1208 1845 1321 1868 omnes
1336 1836 1500 1870 exercitus
1529 1831 1536 1837 '¹

172 1886 359 1925 legatosque
374 1883 505 1923 scriptae
521 1884 667 1924 epistolae
681 1908 689 1923 ,
705 1885 973 1925 praeceptumque
987 1886 1027 1916 ut
1039 1885 1275 1925 praetorz‘anos
1296 1883 1431 1916 Vitellio
1448 1886 1499 1916 in-

169 1933 284 1973 fensos
303 1930 540 1970 reciperandae
558 1932 696 1963 militiae
709 1933 860 1972 praemio
879 1933 1083 1963 invitarent.

214 1982 374 2010 LXXXIII.
400 1978 569 2009 Mucianus
585 1987 659 2009 cum
678 1979 831 2019 expedita
848 1987 946 2009 manu
961 2002 970 2016 ,
989 1979 1115 2010 socium
1134 1978 1235 2018 magis
1253 1978 1380 2018 imperii
1400 1987 1497 2018 quam

173 2026 359 2056 ministrum
377 2034 474 2064 agens
487 2050 495 2065 ‚
516 2034 581 2056 non
599 2026 686 2056 lento
702 2026 837 2065 itinere,
855 2035 895 2057 ne
913 2026 1059 2057 cunctari
1075 2025 1253 2063 videretur,
1270 2033 1373 2065 neque
1388 2026 1498 2057 tamen

173 2081 349 2113 properans
360 2097 368 2111 ‚
384 2071 519 2111 gliscere
538 2072 659 2103 famam
675 2072 746 2113 ipso
761 2073 864 2113 spatio
881 2073 1027 2113 sinebat,
1044 2082 1162 2112 gnarus
1178 2072 1320 2103 modicas
1336 2072 1419 2103 vires
1437 2071 1498 2103 sibi

174 2120 206 2150 et
223 2120 345 2159 majora
362 2119 448 2150 credi
466 2119 506 2150 de
523 2119 724 2151 absentibus.
742 2120 802 2152 Sed
820 2120 902 2160 legio
920 2122 1014 2151 sexta
1030 2121 1062 2151 et
1079 2119 1236 2151 tredecim
1253 2118 1498 2150 vexillariorum

174 2165 274 2196 millia
294 2165 415 2206 ingenti
432 2166 560 2205 agmine
575 2166 806 2207 sequebantur.
822 2166 957 2198 classem
973 2175 990 2198 e
1004 2168 1108 2198 Ponto
1126 2166 1313 2206 Byzantium
1335 2166 1417 2205 adigi
1432 2167 1498 2206 jus·
1535 2185 1536 2189 =

173 2213 280 2253 serat,
306 2213 478 2253 ambiguus
501 2213 625 2245 consilii
649 2223 728 2245 num
751 2214 869 2246 omissa
891 2213 999 2245 Moesia
1015 2214 1251 2254 Dyrrhachium
1269 2213 1375 2254 pedite
1400 2214 1497 2253 atque
1537 2242 1539 2246 Α

204 2312 320 2335 LXXXI.
337 2318 353 2335 1.
372 2313 410 2336 Dc
424 2319 477 2341 quo
493 2314 570 2337 Ann.
585 2314 642 2342 ΧΠ,
658 2318 696 2336 25.
710 2326 736 2330 —
748 2318 770 2336 2.
782 2314 838 2338 Rex
850 2313 1055 2343 Commagenes.
1068 2326 1096 2330 —-
1113 2319 1136 2338 s.
1154 2314 1249 2339 Frater
1269 2313 1414 2337 Berenices
1434 2317 1496 2336 cum
1537 2316 1539 2345 l

174 2346 234 2369 Tito
250 2347 358 2371 Romam
371 2348 467 2371 missus
478 2354 565 2378 eoque
581 2354 708 2378 pergem,
723 2355 805 2378 quum
819 2349 894 2372 Titus
912 2349 1024 2377 rediret,
1040 2354 1064 2376 c.
1083 2354 1160 2373 ¹.—⁴.
1176 2349 1295 2373 Dativus.
1308 2348 1373 2372 Inde
1387 2354 1402 2372 a
1415 2347 1496 2372 Tibe·
1537 2362 1539 2371 1

174 2380 215 2404 rio
227 2381 397 2411 Cappadocia
408 2384 464 2406 sine
477 2383 627 2413 legionibus
641 2384 780 2413 (inermis)
794 2385 861 2413 erat,
876 2389 943 2414 quas
956 2385 1050 2414 postea
1065 2384 1090 2408 ei
1103 2384 1206 2408 addidit
1218 2384 1405 2414 vespasianus.
