1539 2668
559 191 595 219 Δ.
619 190 658 219 U.
683 191 720 220 C.
739 190 810 218 822.
834 191 871 218 A.
894 189 928 218 C.
954 188 1006 217 69.
1385 188 1447 220 3410

128 279 143 293 «
162 266 263 298 ratam
280 264 401 297 Italiam
413 287 423 303 ‚
440 263 596 304 impulsas
611 263 732 295 Vitellii
753 271 804 295 res
826 261 972 294 audietis.
993 260 1121 302 juvabit
1144 262 1235 302 sequi
1255 263 1287 294 et
1303 263 1453 305 vestigiis-

126 325 141 340 «
160 312 317 344 vincentis
333 311 488 343 insistere.
504 322 520 338 n

165 362 220 391 111.
236 363 312 391 Haec
324 367 362 390 ac
374 357 450 390 talia
462 357 598 397 flagrans
611 357 726 397 oculis,
740 357 823 388 truci
840 365 931 396 voce,
946 365 1011 396 quo
1026 356 1121 387 latius
1135 355 1301 387 audiretur
1314 356 1446 396 (etenim

123 414 156 438 se
170 406 370 438 centuriones
383 406 414 436 et
427 403 555 444 quidam
569 403 710 435 militurn
724 403 856 435 consilio
869 403 1090 443 miscuerant),
1102 402 1146 433 ita
1158 402 1272 434 effudit
1287 406 1321 434 ut
1333 406 1448 436 cautos

123 461 251 493 quoque
267 460 304 482 ac
319 450 471 492 providos
488 451 705 490 permoveret,
721 450 838 490 vulgus
852 453 883 481 et
900 449 998 481 ceteri
1009 458 1120 481 unum
1132 451 1246 480 virum
1258 449 1447 492 ducemque

123 501 228 540 spreta
243 499 392 531 aliorum
409 500 557 538 seqnitz'a
573 497 724 528 laudibus
742 498 873 529 ferrent.
891 498 974 528 hanc
989 496 1040 529 sui
1057 497 1175 528 famam
1191 506 1229 529 ea
1244 497 1354 529 statim
1369 506 1450 529 con-

123 547 212 578 cione
229 547 470 584 commoverat,
495 553 560 584 qua
577 544 719 576 recitatis
734 544 921 584 Vespasiani
938 544 1081 584 epistolis
1106 553 1170 575 non
1186 547 1222 575 ut
1238 544 1382 585 plerique
1402 545 1448 576 in-

121 594 206 624 certa
223 592 391 626 disseruit,
415 591 480 622 huc
500 591 578 622 illuc
591 594 754 623 tracturus
770 591 1081 631 interpretationem,
1100 595 1194 632 prout
1210 592 1423 623 conduxisset
1440 602 1448 622 :

119 640 228 678 aperte
239 639 441 671 descendisse
453 638 487 669 in
499 647 628 669 causam
642 637 822 678 videbatur,
837 647 939 679 eoque
952 638 1070 678 gratior
1082 638 1236 669 militibus
1248 639 1328 678 erat,
1340 639 1394 670 cul
1399 647 1449 679 pae

119 685 169 716 vel
185 685 294 726 gloriae
309 685 427 717 socius.

160 736 214 764 IV.
238 733 388 764 Proxima
407 731 543 763 Cornelii
568 732 662 763 Fusci
687 733 925 772 procuratoris¹
952 732 1136 764 auctoritas.
1162 732 1190 763 is
1206 741 1333 772 quoque
1350 732 1450 765 incle-v

118 781 243 811 menter
256 779 289 809 in
303 778 471 809 Vitellium
492 779 599 809 invehi
619 778 734 810 solitus
749 779 826 810 nihil
847 780 914 820 spei
934 779 993 810 sibi
1008 780 1091 810 inter
1105 779 1239 810 adversa
1259 779 1443 818 reliquerat.

118 827 211 858 Titus
220 825 351 865 Ampius
363 825 544 864 Flavianus,
559 829 672 856 natura
687 834 723 856 ac
737 829 864 857 senecta
875 825 1084 863 cunctatior²,
1099 826 1294 865 suspiciones
1304 826 1445 857 militum

119 872 287 911 irritabat,
317 875 482 912 tamquam
507 871 673 902 affinitatis
700 881 774 902 cum
792 873 920 903 Vitellio
940 872 1159 911 meminisset;
1184 872 1333 912 idemque
1357 872 1445 913 quod

118 920 276 959 coeptante
290 918 449 958 legionum
463 920 552 949 motu
567 919 731 958 profugus,
745 919 819 950 dein
833 921 946 958 sponte
961 920 1168 957 remeaverat,
1187 919 1324 959 perfidiae
1338 920 1445 950 locum

118 965 267 1008 quaesisse
283 965 481 997 credebatur.
500 974 574 996 nam
592 965 778 996 Flavianum
800 966 921 996 omissa
940 966 1104 996 Pannonia
1120 966 1301 1004 ingressum
1320 965 1444 996 ltaliam

117 1015 150 1043 et
173 1012 348 1044 discrimini
371 1014 560 1052 exemptum
572 1035 581 1050 ,
600 1020 707 1042 rerum
724 1021 881 1043 novarum
899 1012 1016 1052 cupido
1034 1012 1129 1052 legati
1146 1022 1263 1043 nomen
1281 1020 1445 1044 resumere

118 1061 150 1093 et
165 1060 292 1091 misceri
307 1059 460 1091 civilibus
483 1059 580 1089 armis
597 1059 789 1098 impulerat,
811 1059 964 1090 suadente
981 1059 1126 1091 Cornelio
1148 1064 1268 1100 Fusco,
1285 1069 1349 1091 non
1367 1058 1446 1099 quia

116 1105 272 1137 industria
285 1106 430 1137 Flaviani
445 1105 568 1145 egebat,
584 1105 638 1136 sed
652 1108 687 1136 ut
702 1106 867 1138 consulare
880 1115 997 1137 nomen
1009 1106 1213 1146 surgentibus
1226 1106 1444 1139 cummaxime

117 1152 263 1195 partibus
280 1152 416 1183 honesta
432 1153 536 1193 specie
554 1152 818 1191 praetenderetur.

159 1203 198 1231 V.
220 1202 369 1231 Ceterum
388 1202 423 1230 ut
438 1199 660 1231 transmittere
678 1199 711 1229 in
728 1200 852 1230 ltaliam
869 1199 1001 1239 impune
1018 1202 1050 1231 et
1066 1201 1140 1231 usui
1158 1200 1240 1232 soret
1253 1224 1262 1240 ,
1285 1201 1443 1240 scriptum

118 1247 242 1287 Aponio
261 1246 455 1285 Saturnino,
474 1255 552 1278 cum
573 1247 730 1277 exercitu
748 1248 883 1277 Moese‘co
900 1247 1080 1277 celeraret.
1099 1255 1136 1278 ac
1151 1257 1191 1279 ne
1208 1248 1342 1279 inermes
1366 1256 1444 1288 pro-

116 1294 233 1327 vinciae
248 1293 392 1324 barbaris
408 1292 593 1325 nationibus
609 1296 859 1334 exponerentur,
875 1294 1034 1333 principes
1047 1296 1263 1325 Sarmatarum
1279 1298 1442 1334 Iazygum,

117 1348 214 1382 penes
239 1349 321 1380 quos
343 1338 485 1370 civitatis
505 1340 662 1379 regimen,
685 1340 717 1370 in
740 1341 966 1371 commilitium
989 1340 1093 1371 asciti.
1107 1341 1244 1381 plebem
1262 1350 1390 1380 quoque
1408 1343 1442 1373 et

118 1389 187 1418 vim
213 1388 390 1427 equilum,
413 1395 478 1426 qua
501 1387 570 1417 sola
595 1387 722 1426 valent,
749 1388 931 1419 ossei-ebant
951 1398 958 1418 :
979 1387 1150 1419 remissum
1179 1389 1210 1419 id
1233 1397 1373 1427 munus,
1400 1396 1441 1420 ne

115 1434 201 1466 inter
217 1433 392 1465 discordias
411 1437 543 1465 externa
560 1433 566 1450 ¹
589 1435 781 1466 molirentur
797 1439 853 1466 aut
870 1436 990 1476 majore
1006 1445 1044 1467 ex
1062 1436 1210 1468 diverso²
1229 1436 1377 1467 mercede
1388 1436 1441 1474 Jus

116 1480 230 1521 fasque
240 1482 407 1512 exuerent.
418 1481 591 1512 trahuntur
606 1482 637 1512 in
649 1484 753 1522 partes
766 1484 842 1514 Sido
856 1483 867 1501 ³
882 1486 979 1523 atque
990 1484 1131 1522 Italicus,
1141 1493 1230 1523 reges
1245 1488 1437 1523 suevorum,

117 1529 189 1567 quis
203 1530 299 1559 vetus
314 1527 504 1568 obsequium
519 1536 592 1567 erga
606 1533 765 1561 Romanos
776 1556 783 1570 ,
802 1533 833 1562 et
850 1540 926 1571 gens
942 1531 1013 1562 lidei
1032 1531 1214 1562 commissa·
1228 1530 1402 1570 patientior
1412 1529 1436 1560 ⁴.

116 1574 219 1616 posita
236 1575 270 1606 in
286 1575 370 1606 latus
389 1575 509 1606 auxilia
523 1599 531 1615 ,
549 1576 666 1607 infesta
684 1578 805 1617 Raetia,
823 1578 875 1609 cui
890 1578 1020 1609 porc-ius
1035 1577 1233 1618 Septiminus
1249 1576 1440 1617 procurator

116 1625 202 1661 erat,
221 1622 420 1662 incorruptae
439 1631 513 1662 erga
532 1623 695 1654 Vitellium
716 1624 799 1656 fidei.
827 1625 926 1665 igitur
943 1625 1092 1657 Sextilius
1109 1625 1196 1656 Felix
1213 1634 1287 1655 cum
1309 1625 1357 1655 ala
1373 1628 1440 1656 Au-

115 1669 206 1701 riana
223 1673 255 1702 et
274 1672 348 1701 octo
375 1669 563 1701 cohortibus
585 1679 622 1701 ac
642 1672 831 1703 Noricorum
853 1672 1023 1712 juventute
1040 1673 1079 1704 ad
1099 1672 1319 1713 occupandam
1337 1672 1440 1712 ripam

115 1717 181 1749 AEni
197 1716 339 1748 fluminis
351 1741 359 1756 ‚
374 1717 462 1756 quod
478 1720 585 1748 Raetos
603 1719 803 1759 Noricosque
817 1719 994 1759 interfluit,
1013 1720 1143 1752 missus.
1161 1729 1220 1752 nec
1237 1719 1288 1750 his
1304 1722 1361 1751 aut
1374 1719 1439 1751 illis

115 1763 267 1805 proelium
282 1764 483 1796 tentantibus
494 1789 503 1803 ,
521 1765 650 1797 Fortuna
669 1767 806 1806 partium
823 1767 896 1798 alibi
913 1769 1084 1798 transacta.

158 1814 211 1841 VI.
237 1811 376 1842 Antonio
389 1812 574 1843 vexillarios
588 1822 604 1843 e
618 1812 807 1844 cohortibus
822 1816 854 1844 et
868 1816 992 1853 partem
1008 1816 1154 1854 equitum
1171 1813 1210 1844 ad
1224 1811 1439 1844 invadendam

116 1858 244 1889 Italiam
262 1858 398 1897 rapienti
415 1867 522 1890 comes
539 1860 599 1890 fuit
616 1860 727 1890 Arrius
741 1865 842 1891 Varus
855 1885 863 1900 ,
883 1863 1034 1891 strenuus
1048 1860 1129 1891 hello
1143 1860 1149 1877 ¹
1163 1869 1172 1897 ;
1190 1868 1285 1898 quam
1303 1860 1440 1898 gloriam

117 1907 149 1938 et
174 1905 241 1936 dux
268 1905 405 1936 Corbulo
428 1908 460 1936 et
484 1915 643 1945 prosperae
666 1907 698 1937 in
722 1907 872 1939 Armenia
896 1916 946 1938 res
965 1906 1166 1938 addiderant.
1186 1906 1271 1936 idem
1295 1907 1437 1937 secretis

117 1952 213 1993 apud
228 1954 399 1984 Neronem
414 1952 626 1983 sermonibus
648 1952 809 1986 ferebatur
830 1954 1032 1986 Corbulonis
1048 1955 1193 1985 virtutes
1211 1955 1415 1984 e1·imlnatus
1424 1963 1440 1991 ;

117 1999 203 2031 unde
222 1999 334 2031 infami
357 2000 461 2040 gratia
480 2000 620 2039 primum
646 2001 745 2041 pilum
773 2001 912 2042 adepto2
941 2001 1013 2032 laeta
1031 2001 1069 2032 ad
1087 2008 1229 2041 praesens
1246 2000 1329 2031 male
1346 2001 1439 2040 parta

116 2055 193 2079 mox
214 2046 249 2078 in
273 2047 450 2088 perniciem
476 2050 601 2079 vertere
615 2048 640 2080 ³.
659 2049 713 2080 sed
738 2050 866 2080 Primus
886 2058 923 2079 ac
944 2052 1046 2079 Varus
1068 2052 1224 2089 occupata
1241 2048 1387 2088 Aquileia
1404 2049 1438 2080 in

114 2095 262 2136 proxima
281 2104 420 2136 quaeque
433 2096 466 2126 et
482 2095 636 2135 Opitergii
658 2098 690 2127 et
709 2097 806 2128 Altini
825 2096 907 2128 laetis
923 2095 1041 2127 animis
1056 2096 1268 2136 accipiuntur.
1288 2096 1437 2128 relictum

115 2143 212 2174 Altini
227 2143 414 2184 praesidium
432 2143 588 2175 adversus
606 2144 742 2175 classem
756 2145 975 2175 Ravennatem
989 2166 998 2181 ‚
1015 2143 1160 2174 nondum
1175 2143 1353 2175 desectione
1367 2143 1439 2183 ejus

116 2189 237 2221 audita.
257 2191 331 2222 inde
350 2191 521 2224 Patavium
538 2194 570 2223 et
590 2193 699 2224 Ateste
718 2190 865 2232 partibus
882 2190 1067 2230 adjunxere.
1094 2190 1160 2222 illic
1180 2191 1344 2230 cognitum
1365 2193 1436 2222 tres

122 2236 326 2270 Vitellianas
341 2238 496 2271 cohortes
511 2241 545 2271 et
562 2239 673 2280 alam,
691 2241 749 2271 cui
763 2238 962 2270 Sebom'anae
976 2246 1108 2279 nomen,
1124 2237 1172 2269 ad
1182 2240 1310 2270 Forum
1325 2238 1437 2270 Alieni

147 2322 191 2347 lv.
208 2328 230 2347 ι.
247 2323 287 2348 De
299 2324 392 2353 quolet
402 2324 435 2349 de
446 2325 587 2350 Flaviano
600 2325 633 2353 ll,
647 2330 741 2349 zia—2.
757 2325 842 2354 Magis
856 2329 936 2354 quam
950 2324 1094 2353 oportebat
1105 2326 1257 2349 cunctator.

145 2357 174 2380 V.
190 2363 209 2381 ι.
220 2359 286 2382 suas
299 2364 352 2388 res,
364 2359 407 2383 vel
418 2361 529 2384 omnino
542 2360 645 2384 alienas
655 2360 689 2384 ab
701 2366 730 2384 re
743 2361 871 2384 Romana.
888 2371 917 2376 —
930 2363 951 2383 2.
961 2360 982 2383 Α
994 2360 1093 2383 Vitellii
1105 2361 1235 2389 partibus.
1252 2373 1281 2378 -
1293 2367 1315 2385 5.
1327 2361 1366 2385 De
1380 2364 1437 2389 quo

114 2390 190 2416 Ann.
205 2393 263 2421 ΧΠ,
277 2398 372 2417 ‹za-4.
387 2396 486 2423 Sponte
500 2395 609 2420 tributae
625 2396 710 2425 magis
725 2401 804 2424 quam
817 2395 841 2418 vi
856 2394 988 2424 impositae
1000 2396 1116 2423 patiens.

144 2427 188 2454 Vl.
209 2434 230 2453 ι.
245 2429 283 2453 De
299 2435 332 2453 eo
350 2430 425 2454 Arm.
438 2430 510 2459 xm,
524 2435 598 2454 9.—2.
611 2430 774 2460 primipilari
786 2429 912 2454 ηοω-5
937 2429 1012 2453 Conf-
1025 2429 1069 2459 lv,
1083 2435 1106 2454 u
1120 2432 1148 2454 et
1161 2435 1197 2454 ss.
