1539 2668
167 186 228 217 480
682 184 868 214 CORNELII
890 184 1021 213 TAClTI

168 261 267 292 fuisse
283 258 529 292 educationibus
543 266 581 290 ac
594 257 787 299 produxisse
800 257 960 298 principes
976 257 1091 289 liberos
1105 257 1297 298 accepimus.
1313 265 1387 298 quae
1400 255 1496 288 disei-

167 309 251 348 plina
267 317 304 339 ac
318 307 475 338 severitas
489 315 526 337 eo
543 305 740 345 pertinebat,
757 307 791 336 ut
805 305 928 336 sincera
942 308 973 336 et
989 305 1112 344 integra
1126 307 1157 335 et
1172 305 1268 336 nullis
1281 304 1493 345 pravitatibus

165 356 293 387 detorta
310 354 564 392 uuiuscujusque
578 355 694 383 natura
709 355 775 383 toto
790 352 899 383 statim
916 355 1043 392 pectore
1059 352 1212 391 arriperet
1227 353 1312 383 artes
1329 352 1492 389 honestas,

165 404 197 434 et
219 402 286 433 sive
309 401 349 431 ad
375 409 441 431 rem
462 399 634 430 militarem
650 424 658 438 ‚
681 399 748 429 sive
772 399 809 429 ad
831 399 914 439 juris
935 399 1122 438 scientiam,
1147 399 1215 429 sive
1238 399 1277 429 ad
1299 398 1492 438 eloquentiae

164 448 310 480 studium
327 447 534 485 inclinasset,
554 446 585 476 id
601 446 706 477 solum
725 448 854 485 ageret,
872 445 904 476 id
920 446 1111 477 universum
1129 445 1282 477 hauriret.

208 499 312 526 XXIX.
327 507 341 521 «
354 497 393 525 At
406 502 493 524 minc
513 495 610 524 uatus
629 493 733 523 infans
751 493 916 531 delegatur
932 493 1086 524 Graeculae.
1103 492 1199 523 alicui
1216 492 1351 532 ancillae,
1370 491 1422 522 cui
1438 491 1491 522 ad-

163 543 308 582 jungitur
334 550 416 572 riuus
440 543 497 572 aut
520 541 601 571 alter
624 549 660 571 ex
689 541 839 571 omnibus
864 540 966 572 servis
982 565 990 579 ‚
1018 540 1207 580 plerumque
1233 539 1407 570 vilissimus
1434 546 1493 569 nec

163 590 316 628 cuiquam
341 589 423 619 serio
446 588 625 618 ministerio
645 588 919 618 accommodatus.
944 587 1058 618 horum
1077 586 1194 618 sabulis
1216 590 1247 618 et
1265 586 1429 618 erroribus
1448 586 1492 615 te·

164 637 230 666 neri
247 636 358 667 statim
374 639 404 666 et
426 635 521 665 rudes
536 635 633 665 animi
656 634 868 673 imbuuntur;
888 643 946 665 nec
966 635 1136 674 quisquam
1158 634 1189 664 in
1204 636 1272 664 tota
1289 633 1385 664 domo
1402 631 1492 672 pensi

166 682 261 713 habet
275 683 350 722 quid
365 691 474 712 coram
489 682 611 712 infante
628 681 761 711 domino
775 682 859 713 dicat
875 682 931 712 aut
947 681 1053 711 saciat.
1070 680 1146 720 qum
1160 681 1259 711 etiam
1272 681 1332 720 ipsi
1346 681 1492 720 parentes

164 739 223 760 nec
244 730 400 769 probitati
420 738 526 769 neque
545 729 712 759 modestiae
730 730 881 768 parvulos
901 728 1139 766 assuefaciunt,
1162 727 1214 760 sed
1237 727 1373 758 lasciviae
1398 729 1429 758 ct
1445 727 1491 758 diu

163 777 290 807 cacitati
305 800 312 814 ,
331 786 386 816 per
402 785 476 816 quae
495 776 648 816 paulatim
671 776 871 815 impudentia
899 776 1013 815 irrepit
1029 776 1061 806 et
1078 775 1126 805 sui
1144 774 1324 814 alienique¹
1346 776 1490 805 contem-

164 824 248 862 ptus.
268 828 336 854 Jam
355 833 431 855 vero
447 823 574 863 propria
591 824 622 853 ct
636 823 811 862 peculiaria
826 823 921 861 hnjiis
937 822 1024 853 urbis
1037 822 1116 852 vitia
1134 830 1213 861 pene
1230 822 1261 851 in
1277 823 1368 852 utero
1381 821 1492 852 matris

163 870 288 910 concipi
316 871 393 901 mihi
420 871 594 909 videntur,
625 870 822 901 histrionalis
850 870 942 900 favor
968 873 1000 900 et
1026 869 1238 909 gladiatorum
1268 877 1491 909 equorumque

165 917 290 955 studia3
317 918 437 957 quibus
460 920 638 957 occupatus
659 919 689 947 et
710 917 861 948 obsessus
881 917 1012 947 animus
1029 916 1224 956 quantulum
1246 916 1307 946 loci
1330 915 1422 946 bonis
1443 923 1491 946 ar·

164 965 249 996 tibus
267 965 442 1004 relinquit?
465 967 602 1004 quotum
627 972 789 1004 quemque
813 964 994 1002 inveneris,
1022 963 1076 1003 qui
1099 962 1186 993 domi
1211 963 1384 1002 quicquam
1403 961 1491 992 aliud

165 1013 340 1051 loquatur?
365 1021 447 1051 quos
471 1012 550 1042 alios
574 1011 890 1042 adolescentulorum
911 1019 1074 1042 sermones
1091 1009 1293 1049 excipimus,
1311 1009 1337 1040 si
1360 1008 1490 1049 quando

164 1059 327 1090 aud'toria
346 1059 561 1089 intravimus?
580 1067 619 1089 ne
638 1062 851 1098 praeceptores
868 1058 998 1097 quidem
1020 1058 1098 1087 ullas
1118 1056 1294 1087 crebriores
1309 1065 1382 1086 cum
1400 1055 1488 1086 audi-

165 1106 287 1137 toribus
301 1106 369 1136 suis
384 1106 504 1136 fabulas
520 1106 638 1136 hahent
653 1115 659 1134 :
677 1106 832 1144 eolligunt
846 1105 930 1135 enim
947 1104 1122 1143 discipulos
1136 1112 1200 1133 non
1215 1104 1385 1134 severitate
1399 1102 1489 1132 ‹lisci-

166 1154 262 1194 plinae
288 1162 346 1183 nec
370 1153 486 1191 ingenii
509 1153 748 1192 experimento,
768 1152 823 1182 sed
841 1152 1016 1182 ambitione
1033 1151 1267 1181 salutationum
1284 1153 1316 1181 ct
1333 1149 1489 1180 illecebris

162 1200 367 1231 adulationis.
389 1204 528 1229 Transeo
545 1200 649 1239 prima
668 1200 860 1229 discentium
879 1200 1048 1236 cleineuta,
1064 1197 1096 1228 in
1111 1197 1229 1236 quibus
1242 1199 1272 1228 et
1286 1197 1362 1236 ipsis
1376 1204 1489 1236 parum

163 1247 356 1285 elaboratur,
377 1256 435 1277 nec
454 1247 483 1276 iu
502 1247 687 1277 auctoribus
704 1247 935 1286 cognomeendis
953 1255 1010 1276 nec
1025 1245 1203 1275 evolvenda
1220 1245 1414 1284 antiquitate
1430 1251 1489 1273 nec

164 1296 193 1326 in
215 1294 329 1325 nolitia
348 1294 396 1323 vel
421 1303 527 1324 rerum
546 1295 594 1325 vel
621 1294 788 1324 hominum
812 1294 859 1324 vel
888 1295 1067 1333 temporum
1083 1292 1159 1323 satis
1177 1300 1282 1331 operae
1300 1291 1485 1322 insumitur.

205 1346 293 1372 XXX.
329 1355 342 1368 α
372 1341 433 1371 Sed
469 1344 668 1381 expetuntur
697 1351 778 1380 qnos
808 1341 967 1372 rlwlorscs
996 1342 1133 1377 vocant3
1164 1348 1302 1379 (piorum
1331 1338 1489 1379 professio

163 1389 292 1429 quando
309 1390 448 1428 primum
464 1389 494 1419 in
513 1390 594 1419 hanc
610 1389 722 1419 urbem
738 1389 923 1419 introducta
944 1388 985 1418 sit
1006 1396 1167 1427 quamque
1184 1387 1304 1417 nullam
1321 1386 1406 1425 apud
1423 1393 1487 1416 ma·

160 1438 244 1475 joi-cs
262 1439 387 1466 nostros
401 1437 630 1467 auctoritatem
647 1436 795 1466 habuerit
807 1461 815 1474 ,
830 1436 939 1466 statim
954 1435 1120 1473 dicturus,
1142 1434 1275 1465 referam
1296 1441 1424 1464 necesse
1442 1433 1491 1463 est

164 1485 309 1515 animum
339 1483 379 1513 ad
405 1492 474 1513 eam
498 1483 724 1523 disciplinam,
756 1493 817 1522 qna
847 1492 922 1513 usos
947 1491 1016 1513 esse
1039 1490 1095 1512 eos
1118 1483 1261 1512 oratores
1286 1478 1488 1521 accepimus³5

162 1541 301 1573 qnorum
326 1531 473 1562 infinitus
496 1532 585 1562 labor
611 1535 643 1562 et
666 1531 857 1570 ‹piotidiana
881 1530 1049 1560 meditatio
1074 1532 1105 1559 et
1128 1529 1158 1559 iu
1183 1529 1272 1559 omni
1291 1537 1405 1568 genere
1425 1529 1490 1558 stu·

162 1581 288 1611 diorum
307 1579 446 1609 assidua·
463 1579 711 1610 exercitationes
725 1579 869 1618 ipsorum
888 1578 983 1608 etiam
1003 1577 1207 1607 continentur
1220 1576 1319 1606 libris.
1335 1579 1430 1606 notus
1444 1577 1492 1605 est

165 1626 254 1656 vohis
278 1627 391 1665 utique
419 1626 581 1656 Ciceronis
605 1625 684 1656 liber
711 1625 764 1664 qui
794 1627 910 1654 Brutus
936 1623 1143 1659 inscribitur3
1170 1621 1202 1652 in
1229 1622 1321 1660 cujus
1346 1625 1490 1653 extrema

162 1676 251 1712 parte
265 1674 270 1690 ¹
289 1673 375 1710 (nam
391 1673 478 1712 prior
492 1673 834 1703 commemoratimmin
851 1674 995 1701 veterum
1011 1672 1175 1701 oratorum
1191 1669 1300 1707 habet)
1315 1679 1371 1700 sua
1385 1669 1489 1708 initia,

161 1728 237 1749 suos
254 1720 384 1758 ¹sgraduS,
403 1728 469 1750 susc.
484 1720 679 1760 eloquentiae
697 1720 783 1750 velut
803 1718 964 1757 quandam
980 1718 1208 1749 educationem
1227 1716 1322 1747 refert
1338 1726 1344 1746 ι
1360 1725 1392 1747 se
1405 1717 1489 1756 apud

162 1769 319 1809 Quintum
345 1767 512 1797 Μυοίιιιη2
538 1768 590 1806 jus
619 1766 713 1797 civile
739 1766 906 1804 didicisse,
931 1766 1015 1804 apud
1038 1764 1202 1795 Philonem
1220 1763 1446 1795 Academicum
1464 1763 1490 1803 ³,

161 1815 246 1856 apud
277 1814 448 1844 Diodotum
471 1813 635 1844 Stoicum⁴
664 1822 775 1843 omues
804 1812 1016 1852 philosophiae
1040 1814 1147 1851 partes
1172 1810 1301 1850 penitus
1324 1810 1490 1849 hausisse3

162 1871 265 1902 neque
291 1861 341 1892 his
363 1861 554 1891 doctoribus
579 1862 770 1891 contentum
786 1885 794 1899 ‚
822 1868 960 1899 quorum
980 1859 1008 1890 ei
1031 1858 1122 1898 copia
1140 1858 1171 1888 in
1190 1857 1490 1900 Urbecontigerat,

162 1909 312 1940 Achaiam
331 1917 460 1948 «pioque
477 1910 510 1938 et.
532 1909 637 1939 Asiam
657 1917 863 1947 peragrasse,
882 1909 917 1937 ut
934 1915 1064 1937 omnem
1082 1905 1226 1935 onmium
1244 1905 1362 1935 artium
1387 1905 1490 1937 varie-

163 1959 260 1987 tatem
276 1957 556 1995 complecteretur.
576 1956 683 1994 itaque
702 1955 808 1986 hercle
826 1955 856 1985 in
875 1954 965 1984 libris
980 1953 1143 1985 Ciceronis
1163 1952 1400 1992 deprehendere
1418 1953 1492 1985 licet

163 2012 226 2034 uon
250 2003 451 2043 geometriae,
470 2013 533 2033 non
561 2003 696 2034 musicae
709 2027 717 2041 ,
741 2012 803 2033 uon
826 2001 1046 2039 ⁴:grammaticae
1060 2025 1068 2039 ‚
1096 2009 1158 2031 non
1176 2000 1313 2040 denique
1332 2000 1427 2030 ullius
1446 2000 1492 2030 in-

163 2060 275 2089 genuae
292 2051 370 2081 artis
393 2050 561 2081 scientiam
582 2051 609 2081 ei
636 2050 788 2080 defuisse.
814 2050 864 2081 ille
891 2049 1068 2080 dialecticae
1091 2047 1326 2086 subtilitatem,
1351 2047 1402 2078 ille
1424 2056 1490 2078 mo-

163 2099 238 2129 ralis
252 2099 261 2115 ⁵
282 2099 382 2137 partis
398 2098 574 2128 utilitatem
586 2123 596 2137 ,
615 2097 668 2128 ille
688 2106 796 2127 rerum
816 2097 923 2127 motus
939 2104 1119 2134 causasque
1133 2094 1144 2112 ὃ
1162 2095 1365 2133 cognoverat.
1382 2093 1425 2124 ita
1443 2096 1491 2125 est

161 2146 266 2184 enim,-
281 2145 393 2185 optimi
408 2145 490 2184 viri,
516 2145 573 2175 ita.
597 2154 634 2175 ex
651 2144 752 2175 multa
767 2143 946 2174 eruditione
962 2145 993 2173 et.
1007 2141 1151 2182 plurimis
1164 2140 1285 2172 artibus
1298 2142 1330 2171 et
1343 2140 1488 2171 omnium

164 2201 270 2224 rerum
295 2191 429 2223 scientia
454 2191 599 2223 exundat
621 2193 655 2222 et
680 2190 837 2222 exuberat
861 2190 914 2220 illa
937 2188 1137 2220 admirabilis
1159 2186 1361 2227 eloquentia3
1386 2194 1491 2226 neque

190 2290 287 2313 XXIX.
307 2295 326 2313 ι.
346 2290 438 2314 Alieni
453 2292 550 2314 neutro
565 2294 675 2319 genere,
688 2290 721 2313 de
736 2290 848 2313 aliorum
864 2289 890 2311 et
904 2287 1026 2317 personis
1038 2287 1065 2310 et
1078 2285 1169 2310 rebus.

191 2326 275 2349 XXX.
289 2331 310 2349 i.
328 2330 346 2350 Α
366 2333 424 2356 cap.
440 2333 467 2351 aa
481 2328 512 2350 ad
528 2332 564 2350 92.
578 2341 603 2344 -
617 2332 638 2349 2.
656 2326 813 2351 Scaevolam.
825 2338 853 2342 -
865 2330 885 2348 3.
901 2324 1050 2352 Principem
1066 2322 1216 2346 Academiae
1229 2326 1313 2348 novae,
1328 2325 1388 2344 cum
1404 2320 1488 2345 Athe--

161 2362 294 2385 niensium
313 2362 486 2390 optimatibus
502 2362 682 2385 Mithridatico
697 2361 768 2384 bello
782 2361 862 2384 domo
877 2359 1020 2389 profugum
1035 2359 1062 2381 et
1073 2358 1163 2381 Romae
1176 2358 1338 2380 versantem.
1350 2361 1409 2379 -4-
1426 2356 1486 2379 Dia—

161 2396 265 2420 {ccticae
283 2398 449 2424 potissimum
472 2399 628 2426 magistrum
646 2397 787 2423 Ciceroni,
809 2396 835 2418 iu
856 2395 932 2423 eujus
954 2394 1033 2417 domo
1049 2392 1189 2416 habitabat
1210 2393 1237 2415 ct
1258 2393 1378 2415 mortuus
1395 2391 1445 2415 est.
1459 2402 1486 2406 —

162 2437 182 2456 ³:-
201 2427 337 2463 Ἠθικῆς.
357 2431 479 2457 moralis
494 2433 655 2457 vocabulum
669 2438 683 2455 a
698 2432 829 2456 Cicerone
843 2430 968 2459 usurpari
982 2429 1169 2458 coeptum—c,
1181 2427 1297 2451 Tertiam
1311 2426 1415 2456 partem
1427 2424 1486 2454 phi—
