1539 2668
469 150 506 180 A.
529 150 568 180 U.
591 150 626 180 C.
652 150 723 180 772.
746 149 783 179 A.
806 150 842 180 C.
867 150 915 180 19.
1315 157 1356 186 53

35 234 99 259 mae
120 225 228 258 idibus
241 225 336 259 Juliis
352 225 380 244 ¹⁰
400 225 572 266 imaginem
588 225 657 264 ejus
678 226 897 265 sequerentur.
927 224 1082 266 pleraque
1097 229 1229 259 manent
1245 237 1253 259 :
1269 237 1357 269 quae-

36 270 111 305 dam
126 273 234 305 statim
250 273 370 305 omissa
387 275 482 313 sunt,
500 273 556 304 aut
571 273 714 304 vetustas
730 272 938 304 oblitteravit.

77 323 236 352 LXXXIV.
261 321 408 352 Ceterum
427 319 545 351 recenti
559 318 664 351 adhuc
682 319 834 351 moestitia
847 328 936 351 soror
948 317 1125 351 Germanici
1138 318 1241 358 Livia,
1257 325 1357 361 nupta

35 369 141 400 Druso
155 391 164 407 ,
180 367 262 399 duos
279 366 383 398 virilis
398 375 497 398 sexus
514 366 610 398 simul
626 366 720 397 enixa
743 367 802 398 est.
831 366 917 407 quod
933 374 1042 397 rarum
1057 365 1234 406 laetumque
1259 367 1357 398 etiam

35 413 173 446 modicis
186 413 356 454 penatibus
376 413 383 432 ¹
403 415 494 446 tanto
514 413 630 455 gaudio
644 413 824 453 Principem
841 413 960 453 affecit,
977 415 1013 444 ut
1027 421 1093 444 non
1106 411 1355 453 temperaverit2

36 460 115 499 quin
130 461 266 501 jactaret
287 460 374 500 apud
397 462 526 499 Patres,
549 460 642 492 nulli
667 462 749 492 ante
765 463 997 492 Romanorum
1021 459 1172 500 ejusdem
1187 460 1327 499 fastigii
1344 458 1355 476 ³

36 507 112 538 viro
128 510 296 548 qeminam
312 509 457 548 stirpem
475 507 616 539 editam.
640 516 717 539 nam
736 509 864 547 cuncta,
881 508 980 539 etiam
993 506 1138 546 fortuita,
1158 506 1198 538 ad
1223 506 1357 546 gloriam

35 554 193 586 vertebat.
210 556 267 588 sed
284 555 404 597 populo
420 554 476 586 tali
498 555 531 586 in
556 557 701 595 tempore
719 553 751 585 id
771 563 900 594 quoque
924 554 1070 586 dolorem
1086 554 1182 593 tulit,
1201 556 1356 593 tanquam

35 601 148 632 auctus
165 602 276 635 liberis
297 608 417 635 Drusus
433 602 566 634 domum
582 600 761 632 Germanici
774 601 876 642 magis
894 604 1032 641 urgeret.

77 650 219 681 LXXXV.
244 651 366 683 Eodem
383 650 417 681 in
430 658 513 680 anno
529 651 641 680 senatu
664 650 773 680 actum
797 648 837 680 de
859 649 959 680 sacris
986 647 1136 688 AEgyptiis
1153 646 1359 686 Iudaicisque

34 694 213 737 pellendis3
243 697 429 737 factumque
444 699 576 728 Patrum
592 697 777 727 consultum
792 719 801 734 ‚
827 697 868 726 ut
880 696 1049 735 quattuor
1069 694 1183 726 millia
1201 693 1359 726 libertini

34 744 168 778 yeneris
191 752 232 776 ea
250 746 491 785 superstitione
515 742 660 783 infecta,
677 742 754 783 quis
769 741 891 773 idonea
912 743 1019 781 aetas,
1042 743 1078 773 z'n
1103 742 1258 773 insulam
1279 743 1359 773 Sar-

37 788 170 822 dimam
183 791 401 830 veherentur,
416 789 602 822 coercendis
618 790 682 820 illic
700 789 874 820 latrociniis
888 790 918 820 et
932 813 941 828 ‚
958 788 984 819 si
1002 788 1043 819 ob
1054 788 1242 828 gravitatem
1256 787 1329 818 coeli
1345 786 1354 804 ¹

36 835 234 877 interissent,
248 839 311 870 vile
328 839 503 877 damnum;
524 838 626 868 ceteri
638 836 796 868 cederent
809 837 929 875 Italia,
944 837 1009 867 nisi
1030 837 1161 867 certam
1174 837 1255 866 ante
1270 834 1359 866 diem

31 884 198 924 profanos
208 888 296 918 ritus
305 886 489 918 exuissent.

77 934 236 965 LXXXVI.
261 935 336 965 Post
360 941 434 973 quae
463 931 573 964 retulit
602 934 706 964 Caesar
733 929 940 971 capiendam
969 928 1158 969 virentem*
1184 929 1220 960 in
1248 928 1360 959 locum

39 977 147 1010 Occioe
155 1003 167 1019 ,
193 988 266 1020 quae
283 982 405 1021 septem
422 980 455 1011 et
475 978 710 1020 quinquaginta
726 985 782 1018 per
808 986 910 1008 annos
925 985 1052 1008 summa
1065 974 1279 1007 sanctimonia
1298 978 1359 1005 Ve-

37 1025 173 1058 stalibus
183 1028 281 1059 sacris
298 1027 508 1068 praesederat3
527 1026 655 1067 egitque
668 1027 775 1066 grates
787 1025 919 1057 Fonteio
931 1024 1076 1064 Agrippae
1090 1024 1121 1054 et
1134 1022 1275 1053 Domitio
1292 1021 1360 1052 Pol-

36 1075 135 1116 lioni,
163 1074 253 1117 quod
280 1074 460 1114 offerendo
481 1074 582 1114 filias
613 1073 656 1105 de
683 1073 796 1114 officio
828 1074 865 1104 in
893 1071 1144 1111 rempublicam
1172 1070 1358 1101 certarent.

38 1123 169 1164 praelata
185 1123 232 1154 est
252 1122 404 1154 Pollionis
420 1121 504 1161 filia,
521 1129 587 1152 non
603 1119 646 1152 ob
662 1119 748 1152 aliud
766 1128 863 1162 quam
888 1119 974 1160 quod
991 1120 1092 1149 mater
1108 1119 1177 1157 ejus
1198 1117 1231 1147 in
1248 1115 1360 1148 eodem

38 1169 186 1209 conjugio
201 1169 352 1200 manebat
369 1178 376 1198 :
393 1176 468 1199 nam
486 1169 624 1207 Agrippa
640 1167 778 1198 discidio
792 1166 925 1198 domum
940 1166 1146 1197 imminuerat
1163 1163 1188 1194 ².
1208 1166 1239 1195 et
1256 1166 1362 1194 Caesar

39 1215 189 1257 quamvis
207 1215 426 1255 posthabitam
439 1214 544 1245 decies
566 1213 706 1245 sestertii
720 1213 731 1231 ³
749 1213 825 1245 dote
842 1212 964 1244 solatus
979 1216 1035 1244 est.

81 1266 253 1294 LXXXVII.
278 1263 450 1294 Saevmam
474 1268 621 1292 annonae
648 1260 816 1291 incusante
840 1259 950 1300 plebe,
971 1259 1086 1290 statuit
1107 1259 1270 1290 frumento
1292 1265 1362 1298 pre-

38 1309 140 1349 tium,
164 1309 251 1350 quod
268 1310 394 1348 emptor
408 1307 576 1348 penderet,
596 1306 755 1348 binosque
780 1314 936 1339 nummos
956 1306 964 1324 ¹
985 1313 1020 1337 se
1043 1305 1250 1337 additurum
1268 1313 1361 1344 neqo-

42 1356 226 1388 tiatoribus
251 1357 288 1387 in
304 1355 455 1395 sinqulos
480 1353 606 1385 modios
626 1352 637 1371 ³
653 1363 660 1383 z
678 1362 783 1393 neque
800 1356 908 1385 tamen
926 1352 967 1384 ob
983 1362 1021 1384 ea
1038 1354 1194 1392 parentis
1207 1353 1338 1391 patrioe
1353 1375 1362 1390 ‚

40 1402 184 1434 delatum
210 1403 242 1435 et
264 1404 378 1442 antea,
398 1400 594 1432 vocabulum
618 1400 813 1440 assumpsit,
834 1399 1013 1438 acerbeque
1029 1398 1191 1438 increpuit
1208 1407 1262 1429 eos
1275 1422 1284 1437 ‚
1307 1399 1364 1438 qui

40 1450 175 1483 divinas
195 1450 448 1490 occupationes,
472 1448 644 1489 ipsumque
666 1447 841 1479 dominum
866 1447 1013 1478 dixerant
1031 1445 1055 1477 ³.
1075 1445 1160 1477 unde
1182 1447 1318 1484 angusta
1334 1447 1366 1476 et

40 1496 164 1529 lubrica
191 1496 294 1528 oratio
323 1494 384 1527 sub
413 1495 577 1536 Principe,
603 1494 660 1536 qui
685 1493 867 1526 libertatem
884 1493 895 1511 ⁴
921 1492 1113 1533 metuebat,
1145 1492 1364 1524 adulationem

40 1543 163 1576 oderat.

83 1592 275 1623 LXXXVIII.
299 1590 434 1631 Reperio
461 1589 546 1631 apud
564 1589 738 1629 scriptores
764 1587 1017 1628 senatoresque¹
1045 1587 1221 1620 eorundem
1247 1586 1366 1626 tempo-

42 1645 114 1669 rum
127 1661 136 1677 ,
152 1637 391 1678 Adgandestrii,
415 1636 568 1679 principis
583 1636 791 1675 Chattorum,
810 1637 909 1668 lectas
925 1637 958 1668 in
973 1638 1086 1668 senatu
1099 1634 1232 1673 litteras,
1247 1633 1366 1674 quibus

43 1687 187 1717 mortem
200 1686 343 1717 Arminii
361 1683 588 1725 promittebat,
608 1685 637 1715 si
646 1683 838 1724 patrandae
860 1685 935 1716 neci
951 1691 1119 1716 venenum
1140 1682 1364 1715 mittet-etum

43 1741 298 1773 responsumque
319 1741 407 1771 esse,
428 1739 496 1763 non
504 1731 640 1770 fraude
663 1738 772 1773 neque
795 1731 960 1770 occultis,
987 1729 1178 1769 sedpalam
1199 1730 1231 1760 et
1253 1734 1367 1767 arma—

44 1780 119 1810 tum
141 1780 312 1820 populum
341 1782 534 1812 Romanum
553 1778 666 1811 hostes
691 1786 768 1810 suos
791 1778 923 1810 ulcisci.
944 1786 1008 1818 qua
1034 1776 1134 1817 gloria
1162 1775 1311 1816 aequabat
1332 1782 1366 1805 se

43 1825 188 1858 Tiberius
203 1826 316 1867 priscis
330 1825 595 1867 imperatoribus,
613 1825 667 1866 qui
682 1833 844 1858 venenum
854 1826 888 1856 in
903 1825 1061 1864 Pyrrhum
1077 1832 1183 1863 regem
1198 1823 1367 1854 vetuerant

45 1873 314 1913 prodiderantque
335 1871 362 1904 ².
383 1875 526 1904 ceterum
551 1872 735 1911 Arminius,
761 1871 1008 1904 abscedentibus
1033 1871 1186 1903 Romanis
1214 1871 1246 1901 et
1272 1869 1368 1909 pulso

45 1919 263 1959 Maroboduo,
279 1928 413 1959 regnum
432 1918 588 1950 assectans
603 1917 785 1951 libertatem
807 1918 1011 1959 popularium
1035 1917 1204 1949 adversam
1230 1916 1366 1955 habuit,

43 2015 125 2040 scalis
135 2015 168 2039 de
179 2015 370 2044 praecinctione
381 2014 415 2037 ad
431 2012 599 2038 orchestram
613 2011 851 2036 descendentibus.
861 2024 892 2031 -
904 2017 940 2036 ιο.
955 2011 1057 2042 Quibus
1073 2010 1263 2035 celebrabatur
1273 2010 1365 2040 spien-

44 2050 106 2074 dida
120 2056 217 2080 pompa
238 2050 341 2074 ordinis
360 2049 502 2079 equestris,
515 2047 668 2078 insignibus
681 2047 738 2072 suis
751 2047 901 2077 conspicui,
915 2047 948 2072 ab
967 2047 1024 2071 aede
1043 2046 1160 2071 lionoris
1176 2047 1251 2070 extra
1266 2046 1364 2071 Urbem

44 2085 96 2110 sita
109 2087 136 2110 in
152 2086 312 2115 Capitolium
325 2085 414 2109 ducta.

46 2123 59 2143 ν
74 2122 215 2146 LXXXIV.
231 2126 251 2146 ι.
265 2120 402 2149 Domibus,
417 2119 532 2143 familiis
543 2131 573 2137 --
584 2123 599 2143 a
609 2117 789 2144 intransitive.
801 2123 861 2144 -5.
873 2117 936 2143 Non
947 2117 1013 2143 diclt
1023 2116 1200 2148 imperatorii,
1211 2116 1259 2141 sed
1275 2117 1366 2147 reipu-

47 2156 126 2182 bncae
142 2162 248 2186 quoque
262 2156 379 2180 illustres
389 2155 460 2178 viros
470 2154 607 2184 intelligit.

67 2192 200 2216 mXXXV.
216 2197 236 2216 ι.
253 2191 369 2215 Noxiam
381 2190 434 2213 vim
450 2190 521 2213 aeris
534 2190 562 2213 in
575 2189 620 2213 iila
629 2188 727 2214 insuia.

74 2225 217 2250 LXXXVI.
233 2232 252 2251 ι.
266 2226 309 2251 Sc.
320 2225 463 2250 vestalem.
478 2224 586 2254 capere
599 2224 713 2249 verbum
726 2223 865 2254 proprium
878 2223 912 2248 de
921 2223 1053 2254 eligendis
1065 2223 1226 2250 vestalibus.
1237 2235 1264 2240 --
1276 2227 1298 2246 2·
1313 2223 1365 2246 Ho-

45 2261 107 2285 nori
120 2260 214 2285 domus
226 2267 282 2285 suae
295 2261 458 2286 detraxerat.
477 2260 602 2286 Patrimae
623 2260 652 2285 et
665 2260 798 2284 matrimae
810 2265 871 2285 esse
885 2259 1025 2286 debebant
1037 2260 1167 2285 vestales.
1187 2271 1216 2277 -
1227 2263 1248 2282 s.
1269 2258 1364 2281 Ferme

46 2300 146 2324 200‚000
157 2296 201 2326 sr.

77 2331 231 2357 LXXXVII.
246 2336 268 2356 ι.
284 2336 314 2357 eo
325 2331 397 2356 cent.
409 2342 440 2349 —
453 2334 477 2355 2.
498 2330 604 2356 Medius
621 2331 663 2355 est
683 2330 742 2356 tere
759 2330 906 2356 hodiernus
919 2330 1069 2357 decalitre.
1089 2342 1119 2348 —
1131 2335 1153 2354 ³.
1170 2328 1292 2354 Pluribus
1305 2329 1363 2353 haee

48 2368 160 2399 exponit
172 2367 282 2392 Sueton.
298 2368 390 2392 Tiber.
406 2373 429 2391 c.
442 2372 482 2391 2⁷.
496 2372 558 2391 -5,
573 2368 615 2392 Sc.
627 2367 762 2397 loquendi,
776 2362 959 2405 παῤῥησίαν.

78 2403 248 2430 LXXXVIII.
264 2408 285 2428 ι.
307 2403 359 2428 Eos
378 2403 424 2432 qui
443 2404 509 2428 acta
537 2404 654 2429 senatus
674 2404 848 2435 scripserant.
863 2407 925 2428 —2.
941 2403 979 2428 De
1004 2401 1033 2427 C.
1055 2401 1179 2428 Fabricio
1200 2400 1330 2426 Luscino.

1371 2443 1390 2477 -tss
