1539 2668
509 161 547 190 A.
572 161 611 189 U.
637 161 671 189 C.
697 159 768 188 802.
797 159 828 188 A.
853 160 888 188 C.
910 159 962 189 49.
1341 159 1400 190 167

107 243 176 274 xv.
202 239 243 271 At
258 237 463 270 Mithridates
487 239 693 275 Bosporanus
707 234 731 273 ¹,
749 233 878 265 amissis
899 232 1017 273 opibus
1045 240 1164 272 vagus,
1190 234 1402 275 posteaquam

67 287 211 326 Didium,
230 286 346 317 ducem
364 289 558 321 Romanum,
573 281 735 320 roburque
748 281 909 312 exercitus
927 279 1033 311 abisse
1051 282 1258 319 cognoverat,
1272 282 1404 315 relictos

69 336 103 367 in
122 343 208 366 novo
227 342 325 373 regno
347 333 452 371 Cotyn
469 354 477 370 ‚
495 329 631 369 juventa
654 328 787 367 rudem,
812 331 844 359 et
868 336 988 368 paucas
1014 327 1199 359 cohortium
1219 338 1293 359 eum
1318 330 1405 361 Julio

70 382 186 422 Aquila
208 380 322 420 Equite
337 383 483 410 Romano
496 402 504 416 ‚
523 376 640 417 spretis
658 375 804 415 utrisque
821 375 948 406 concire
964 375 1112 406 nationes
1127 399 1135 413 ,
1153 374 1273 407 illicere
1293 377 1404 416 perfu-

69 437 144 469 gas;
159 431 321 469 postremo
332 425 476 457 exercitu
493 426 606 454 coacto
620 431 725 463 regem
742 422 999 453 Dandaridarum
1023 422 1175 453 exturbat
1201 422 1405 464 imperioque

70 476 140 515 ejus
157 475 290 516 potitur.
317 482 391 513 quae
415 472 471 503 ubi
487 470 618 510 cognita
633 472 664 501 et
677 470 743 509 jam
757 471 890 510 jamque
906 474 1083 509 Bosporum
1112 470 1287 501 invasurus
1310 471 1407 503 habe-

70 521 176 560 batur,
194 520 289 552 diffisi
307 519 443 560 propriis
462 517 587 548 viribus
603 517 717 557 Aquila
744 519 776 548 et
793 520 909 557 Cotys,
932 516 1009 556 quia
1025 517 1173 548 Zorsines
1187 540 1195 555 ‚
1223 517 1405 550 Siracorum

70 578 125 600 rex
138 591 148 608 ,
166 567 295 599 hostilia
311 568 547 606 resumpserat,
564 567 715 596 externas
734 565 767 596 et
785 564 847 604 ipsi
864 564 984 603 gratias
1001 564 1182 604 quaesivere
1199 564 1308 596 missis
1325 565 1406 603 lega·

70 616 113 647 tis
127 615 167 646 ad
185 618 338 645 Eunonen
350 637 358 651 ,
373 613 430 653 qui
454 613 651 643 Ahorsorum
670 612 757 652 genti
783 610 1001 651 praecellebat.
1024 620 1083 642 nec
1101 611 1163 642 suit
1184 611 1218 641 in
1235 611 1338 643 arduo
1357 621 1407 644 so-

70 662 179 701 cietas,
196 661 373 701 potentiam
385 664 563 691 Romanam
581 658 738 690 adversus
753 658 903 690 rebellem
916 657 1138 689 Mithridatem
1153 659 1404 690 ostentantibus.

70 707 168 747 igitur
184 708 350 748 pepigere,
367 707 582 748 equestribus
595 706 732 746 proele‘is
747 708 907 738 Eunones
923 707 1094 745 certaret,
1111 705 1246 738 obsidia
1266 706 1408 739 urbium

71 758 214 787 Romani
232 757 464 795 capesserent.

112 806 194 834 XVI.
218 807 299 834 'rum
314 803 494 842 composito
512 802 641 842 agmine
658 800 813 831 incedunt
831 809 838 830 :
855 800 949 839 cujus
965 800 1106 830 frontem
1129 800 1161 831 et
1174 800 1263 839 terga
1276 800 1407 840 Ahorsi,

69 849 178 880 media
191 850 340 881 cohortes
354 851 386 881 et
403 849 577 889 Bosporani
590 847 782 880 tutabantur
795 847 915 878 nostris
928 847 961 877 in
975 846 1085 877 armis.
1101 846 1148 877 sic
1162 847 1277 886 pulsus
1293 848 1407 887 hostis,

69 898 270 936 ventumque
287 901 399 928 Sozam
412 920 420 934 ‚
442 897 599 936 oppidum
624 895 814 926 Dandaricae
827 917 836 933 ‚
855 893 943 934 quod
958 918 967 933 ,
991 893 1156 924 desertum
1179 904 1198 924 a
1222 895 1410 927 Mithridate

69 941 112 974 ob
137 943 306 983 ambiguos
327 943 534 983 popularium
557 943 704 981 animos,
731 942 872 973 obtineri
897 941 1012 972 relicto
1040 940 1085 970 ibi
1112 941 1263 980 praesidio
1286 942 1404 973 visum.

69 989 150 1020 Exin
168 990 200 1021 in
223 991 347 1022 Siracos
373 994 529 1031 pergunt,
554 993 587 1022 et
605 989 799 1029 transgressi
822 997 952 1020 amnem
977 987 1120 1019 Pandam
1146 989 1408 1021 circumveniunt

69 1037 183 1068 urbem
199 1042 325 1078 Uspen,
344 1038 464 1069 editam
481 1038 552 1069 loco
568 1039 601 1069 et
617 1037 780 1068 moenibus
796 1045 832 1067 ae
848 1036 943 1067 fossis
957 1035 1117 1066 munitan.
1131 1046 1139 1074 ;
1154 1036 1215 1066 nisi
1230 1036 1317 1076 quod
1331 1045 1409 1067 moe-

69 1084 122 1116 nia
135 1094 200 1115 non
217 1094 308 1123 saxo,
324 1085 381 1116 sed
400 1086 544 1116 cratibus
565 1088 596 1116 et
612 1085 766 1115 vimentis
783 1093 820 1114 ac
837 1083 944 1115 media
962 1083 969 1100 ¹
989 1083 1089 1114 humo
1107 1083 1279 1114 adversum
1294 1084 1409 1115 irrum-

70 1133 183 1171 pentes
196 1131 338 1162 invalida
350 1135 462 1170 erant3
480 1132 673 1171 eductaeque
687 1132 784 1162 altius
798 1134 903 1162 turres
918 1129 929 1147 ²
950 1130 1079 1161 saciLus
1096 1133 1193 1170 atque
1217 1131 1317 1162 hastis
1337 1133 1407 1163 tur-

71 1177 192 1209 babant
205 1179 364 1209 obsessos.
389 1188 426 1209 ac
444 1179 476 1209 ni
496 1179 646 1219 proelium
662 1188 728 1210 nox
745 1178 952 1217 diremisset,
970 1179 1075 1217 coepta
1098 1179 1287 1218 patrataque
1304 1187 1408 1219 expu-

70 1225 180 1264 gnatio
197 1225 336 1256 eundem
351 1225 435 1256 intra
450 1225 535 1256 diem
551 1226 644 1257 t'oret.

112 1275 208 1303 XVII.
234 1275 366 1303 Postero
399 1272 515 1303 misere
544 1273 667 1312 legatos
700 1275 833 1304 veniam
869 1270 985 1302 liberis
1013 1271 1214 1311 corporibus
1246 1273 1376 1304 orantes
1396 1285 1407 1314 ;

70 1320 208 1350 servilii
245 1318 359 1350 decem
386 1319 500 1350 mtllia
524 1319 716 1350 offerebant.
747 1319 835 1359 quod
860 1318 1120 1357 asper1.atisui.t
1145 1318 1287 1350 victores
1302 1343 1311 1358 ‚
1333 1320 1411 1360 quia

71 1364 233 1396 trucidare
251 1365 377 1397 deditos
393 1374 530 1404 saevum,
547 1368 671 1397 tantam
688 1365 929 1397 multitudinem
945 1365 1093 1396 custodia
1108 1367 1235 1405 cingere
1249 1366 1407 1398 arduum:

76 1411 82 1427 ¹
102 1413 138 1442 ut
154 1411 230 1443 belli
244 1412 354 1452 potius
370 1413 441 1452 jure
459 1412 622 1444 caderent.
636 1414 814 1453 datumque
825 1412 997 1451 militibus,
1015 1412 1071 1452 qui
1086 1412 1181 1443 scalis
1194 1415 1365 1445 evaserant
1380 1413 1408 1454 ²,

71 1457 200 1497 signum
227 1459 338 1491 caedis.
364 1460 495 1491 Excidio
520 1461 717 1501 Uspensium
740 1462 848 1491 metus
869 1460 986 1490 ceteris
1003 1459 1164 1499 injectus,
1192 1460 1274 1491 nihil
1300 1462 1409 1494 tutum

69 1505 167 1545 ratis,
183 1515 285 1545 quum
301 1515 411 1545 arma,
432 1507 633 1538 munimenta
646 1533 654 1547 ,
676 1507 825 1547 impediti
840 1507 890 1538 vel
908 1506 1086 1538 eminentes
1105 1507 1167 1537 loci
1185 1516 1362 1547 amnesque
1376 1510 1410 1540 et

70 1552 168 1584 urbes
182 1554 274 1592 Juxta
291 1556 588 1594 perrumperentur.
605 1555 703 1594 igitur
715 1554 866 1586 Zorsines
880 1577 888 1588 ‚
902 1553 958 1584 diu
975 1554 1136 1594 pensitato
1147 1579 1155 1593 ,
1172 1554 1410 1586 Mithridatisne

69 1599 167 1632 rebus
181 1603 334 1632 extremis
347 1625 355 1640 ,
372 1611 411 1632 an
427 1602 531 1641 patrio
555 1611 650 1642 regno
670 1602 872 1641 consuleret,
891 1603 1066 1641 postquam
1083 1602 1258 1642 praevaluit
1278 1601 1410 1642 gentilis

71 1646 192 1678 utilitas
205 1671 214 1687 ‚
233 1647 316 1679 (latis
333 1648 501 1679 obsidibus
523 1650 608 1689 apud
625 1650 764 1688 effigiem
783 1648 922 1680 Ctesaris
940 1648 1115 1688 procubuit
1132 1650 1158 1688 ³³,
1176 1658 1290 1687 magna
1307 1649 1410 1689 gloria

70 1694 230 1725 exercitus
246 1695 402 1734 Romani,
422 1704 517 1735 quem
536 1696 742 1728 incruentum
757 1698 790 1727 et
809 1696 965 1727 victorem
982 1695 1082 1727 tridui
1102 1696 1219 1735 iti-nere
1234 1696 1354 1728 afuisse
1368 1696 1409 1728 ab

71 1750 165 1773 amne
181 1742 280 1773 Tanai
297 1742 456 1774 constitit.
473 1743 535 1774 Sed
552 1743 583 1774 iu
607 1753 754 1784 regies-u
776 1743 882 1783 dispar
908 1743 1040 1774 fortuna
1065 1743 1127 1774 suit
1141 1768 1149 1783 ‚
1174 1743 1251 1784 quia
1275 1744 1409 1775 navium

71 1788 242 1829 quasdam,
259 1798 332 1829 quae
349 1790 429 1820 mari
446 1791 645 1830 remeabant,
663 1792 696 1822 in
710 1791 819 1823 littora
830 1795 1013 1822 Taurorum
1030 1790 1152 1822 delatas
1166 1791 1411 1823 circumvenere

71 1834 199 1866 barbari
213 1860 222 1875 ,
242 1837 395 1875 praesecto
412 1838 555 1868 cohortis
572 1841 605 1868 et
622 1838 784 1878 plerisque
802 1838 1010 1868 auxiliarium
1027 1837 1220 1869 intersectis.

113 1884 226 1913 XVIII.
253 1885 377 1914 Interea
401 1884 602 1916 Mithridates
618 1908 626 1923 ,
648 1885 738 1915 nullo
758 1884 791 1915 in
806 1885 906 1916 armis
931 1884 1098 1924 subsidio,
1125 1884 1291 1915 consultat
1317 1885 1412 1924 cujus

72 1928 328 1960 misericordiam
346 1930 560 1970 experiretur.
586 1931 684 1962 frater
708 1934 806 1971 Cotys
819 1955 828 1970 ,
852 1931 997 1971 proditor
1014 1932 1091 1962 olim
1104 1956 1113 1971 ,
1141 1931 1258 1962 deinde
1285 1932 1385 1964 hostis
1402 1958 1412 1974 ‚

71 1977 278 2008 metuebatur
293 1987 300 2007 z
319 1981 540 2008 Romanorum
556 1987 652 2010 nemo
669 1978 699 2009 id
718 1978 919 2010 auctoritatis
937 1979 944 1996 ¹
965 1978 1096 2017 aderat,
1110 1980 1147 2010 ut
1163 1978 1324 2018 promissa
1340 1979 1412 2018 eJus

71 2024 181 2064 magni
198 2024 426 2064 penderentur.
443 2024 483 2055 ad
502 2028 655 2056 Eunonen
672 2026 844 2064 convertit,
866 2025 1006 2066 propriis
1023 2025 1104 2055 odiis
1118 2034 1183 2056 non
1200 2025 1362 2056 insensum
1379 2028 1413 2058 et

72 2080 181 2103 recens
201 2071 375 2110 conjuncta
388 2071 559 2103 nobiscum
576 2073 720 2103 amicitia
736 2072 895 2103 validum.
911 2073 1009 2112 igitur
1028 2072 1120 2104 cultu
1138 2073 1297 2113 vultuque
1311 2082 1411 2112 quam

72 2118 214 2149 maxime
229 2118 269 2149 ad
282 2120 476 2158 praesentem
490 2120 654 2150 fortunam
666 2122 862 2159 comparato,
874 2120 992 2159 regiam
1004 2119 1196 2160 ingreditur,
1211 2120 1411 2160 genibusque

73 2164 143 2204 ejus
159 2165 370 2206 provolutus,
389 2166 631 2206 Mithridates,
650 2167 781 2207 inquit,
802 2168 900 2198 terra
914 2168 1078 2208 marique
1101 2169 1266 2199 Romanis
1275 2175 1343 2207 per
1361 2167 1410 2198 tot

102 2246 159 2269 XV.
176 2251 196 2269 i.
210 2246 279 2270 Huic
295 2246 458 2275 Mithridati,
473 2247 519 2276 qui
533 2253 619 2277 genus
633 2254 649 2272 a
663 2253 762 2278 magno
777 2247 935 2272 Mithridate
957 2248 1084 2278 ducebat,
1105 2248 1234 2272 Claudius
1255 2249 1405 2278 Bosporum

75 2287 189 2309 regnum
203 2281 367 2310 tradideram
380 2284 476 2311 postea
501 2283 634 2307 rebellem
657 2285 689 2307 Α.
708 2283 802 2307 Didius
819 2284 951 2313 ejecerat,
973 2284 1051 2307 fratri
1068 2284 1126 2313 ejus
1136 2284 1215 2313 Cotyi
1232 2289 1318 2313 regno
1333 2284 1408 2307 dato.

104 2316 175 2340 XVI.
193 2321 214 2339 ι.
227 2316 373 2345 lnterjecta
385 2317 514 2341 cratibus.
533 2331 559 2335 —
574 2323 595 2341 ε.
609 2318 812 2345 obsidionalem
826 2320 896 2342 notae
913 2325 945 2342 ex
956 2319 1072 2343 Caesare.

105 2351 187 2375 XVII.
210 2352 280 2374 1.Sc.
295 2353 372 2381 certi,
388 2352 633 2377 decernentes—2.
645 2354 674 2378 In
688 2360 778 2377 muros
793 2355 1036 2378 escenderant.-2.
1052 2354 1094 2378 Ad
1107 2354 1284 2378 adorandum.
1299 2353 1409 2383 Effigies

76 2385 188 2411 caesaris
202 2387 261 2410 erat
271 2387 342 2410 inter
352 2388 429 2416 signa
443 2388 583 2413 militana.

105 2421 199 2446 Xilil.
218 2426 238 2445 ι.
254 2422 288 2446 Ea
303 2423 477 2452 auctoritate,
492 2425 522 2448 ut
536 2425 562 2448 in
575 2424 756 2450 locutionibus
766 2425 848 2450 homo
862 2426 893 2451 id
903 2425 1013 2455 oetatc's,
1024 2425 1102 2450 venit
1111 2425 1150 2449 ad
1164 2430 1207 2448 me
1219 2425 1248 2449 id
1263 2429 1407 2454 temporis.
