1539 2668
121 161 184 191 122
527 158 661 188 TAcrrl
683 156 895 186 ANNALmM
916 157 989 186 LIB.
1014 156 1052 185 V.

512 341 708 393 LIBER
737 341 1056 408 Quans.

712 464 878 477 -οον-

642 567 935 598 ARGUMENTUM.

155 660 218 688 Cap.
241 663 260 682 ι.
279 657 358 682 Liviae
381 657 508 685 Augustae
526 662 601 681 mors
619 658 648 681 et
666 657 797 687 elogium.
818 670 847 675 —-
865 663 890 681 2.
910 657 1034 681 Tiberius
1053 657 1134 682 etiam
1157 657 1272 681 mortuae
1293 656 1408 685 iniquus.
1425 668 1457 676 —

125 701 148 721 s.
164 694 252 723 SeJaui
264 692 386 722 potentia
401 692 510 716 crescit.
532 692 679 721 Agrippina
692 694 721 716 et
733 693 804 717 Nero
821 698 836 716 a
853 693 976 721 Principe
990 693 1162 716 accusantur.
1177 704 1205 709 —
1215 697 1237 716 ⁴.
1252 692 1281 715 in
1299 697 1346 715 eos
1363 691 1457 721 populi

125 732 214 755 favor,
229 742 253 745 —
265 734 286 752 5.
300 728 369 751 irato
386 727 503 751 Tiberio.
516 726 662 756 [Triennii
671 728 878 757 propemodum
891 729 957 752 acm
973 727 1096 756 desunt]

155 770 179 788 6.
196 765 307 793 §opinus
324 763 431 786 detecta
445 763 571 791 cupidine
581 763 687 791 imperii
700 764 868 792 pervertitur
882 776 909 780 -
921 768 975 788 7-9.
992 768 1052 786 cum
1076 768 1174 791 magna
1187 763 1334 788 amicorum
1353 766 1456 794 strage.

157 805 195 823 iot
214 798 443 822 Pseudo-Drusum
458 798 629 827 persequitur
642 799 771 828 Poppaeus
784 799 907 822 Sabinus.
918 811 947 815 —
958 804 996 823 ιι.
1009 798 1152 823 Discordia
1165 798 1318 824 consulum.

156 836 221 859 iiaec
234 836 310 864 gesta
321 834 398 858 aunis
408 839 435 863 p.
449 833 515 858 Chr.
534 837 564 858 28
574 834 686 858 ineunte
697 835 726 858 et
738 839 765 858 ει
783 835 908 858 exeunte.

719 921 869 933 ——n-—

172 1003 196 1030 l.
219 998 367 1031 Rubellio
384 998 417 1030 et
439 997 531 1029 Fufio
556 1000 643 1030 Coss.
658 997 691 1037 ¹,
716 1005 855 1037 quorum
882 997 1015 1037 utrique
1038 997 1191 1030 Geminus
1209 1000 1461 1037 cognomentum

129 1050 209 1085 erat,
225 1046 309 1077 Julia
324 1048 465 1085 Augusta
478 1044 490 1062 ²
507 1046 644 1077 mortem
657 1044 738 1076 obiit
750 1046 844 1076 aetate
860 1046 1016 1084 extrema,
1030 1045 1209 1076 nobilitatis
1223 1053 1279 1084 per
1294 1044 1461 1076 Claudiam

129 1094 285 1125 familiam
299 1092 310 1110 ³
329 1094 360 1124 et
383 1092 555 1132 adoptione
578 1091 743 1123 Liviorum
757 1092 766 1109 ⁴
798 1092 1024 1131 ,Iuliorumque
1047 1091 1245 1122 clarissimae..
1267 1090 1410 1131 primum
1432 1092 1463 1124 ei

131 1139 377 1172 matrimonium
395 1141 426 1171 et
442 1139 533 1170 liberi
549 1139 639 1170 tuere
654 1147 729 1169 curn
746 1137 817 1170 Tib.
842 1142 969 1170 Nerone
981 1162 990 1177 ,
1014 1138 1070 1177 qui
1087 1138 1171 1168 bello
1188 1139 1341 1170 Perusino
1357 1138 1368 1156 ⁵
1396 1147 1466 1178 pro-

130 1189 226 1228 fugus
246 1195 322 1227 pace
344 1187 428 1217 inter
458 1189 530 1217 Sex.
558 1186 748 1225 Pompeium
769 1194 807 1216 ac
832 1185 1021 1216 triumviros
1039 1187 1132 1224 pacta
1156 1185 1189 1216 in
1212 1185 1331 1217 Urbem
1357 1185 1463 1218 rediit.

131 1236 207 1267 exin
227 1238 334 1265 Caesar
348 1233 359 1251 θ
379 1233 530 1272 cupidine
547 1233 661 1264 ἴοι-[ηερ.
680 1233 785 1263 ausert
801 1232 936 1270 marito,
953 1232 1113 1263 incertum
1140 1241 1181 1263 an
1201 1232 1336 1264 invitam
1348 1256 1358 1273 ,
1385 1232 1467 1264 adeo

132 1290 286 1323 properus
304 1282 339 1311 ut
353 1289 394 1311 ne
407 1279 511 1320 spatio
529 1279 660 1320 quidem
677 1279 715 1310 ad
731 1279 917 1310 enitendum
934 1279 1009 1309 dato
1026 1278 1196 1318 penatibus
1214 1280 1281 1310 suis
1298 1279 1465 1320 gravidam

131 1328 307 1360 induxerit.
324 1327 447 1358 nullam
464 1327 601 1366 posthac
616 1326 763 1358 subolem
778 1326 881 1357 edidit
892 1326 901 1344 ³
922 1325 997 1357 :sed
1012 1326 1159 1365 sanguini
1173 1327 1308 1365 Augusti
1320 1335 1378 1367 per
1391 1334 1466 1358 con-

131 1375 331 1414 junctionem
350 1373 537 1413 Agrippinae
555 1376 587 1404 et
615 1373 793 1405 Germanici
815 1381 940 1403 annexa
965 1380 1155 1403 communes
1189 1375 1381 1413 pronepotes
1402 1373 1466 1404 ha—

132 1422 202 1452 buit
216 1421 240 1451 ³.
266 1421 437 1451 sanctitate
450 1419 566 1450 domus
583 1419 725 1458 priscum
744 1417 782 1449 ad
800 1427 928 1454 *morem
944 1441 952 1455 ,
966 1418 1068 1448 comis
1088 1418 1173 1449 ultra
1199 1428 1296 1459 quam
1322 1418 1467 1458 antiquis

133 1467 262 1498 feminis
280 1466 464 1507 probatum,
484 1468 585 1497 mater
601 1466 761 1506 impotens
778 1465 804 1504 ⁹,
820 1474 903 1496 uxor
918 1464 1040 1504 facilis,
1060 1467 1180 1495 etcum
1198 1466 1323 1497 artibus
1338 1466 1465 1506 mariti,

133 1514 339 1547 simulatione
355 1513 412 1544 filii
437 1513 518 1544 bene
535 1512 768 1553 composita¹⁰.
794 1515 902 1543 Funus
927 1513 997 1552 ejus
1024 1511 1211 1552 modicum,
1235 1515 1466 1545 testamentum

133 1562 189 1593 diu
207 1562 333 1592 irritum
348 1559 460 1590 suit¹¹.
484 1559 614 1591 laudata
640 1560 689 1591 est
714 1567 772 1600 pro
796 1559 908 1590 rostris
938 1567 957 1589 a
974 1563 1008 1590 C.
1034 1563 1161 1591 Caesare
1185 1563 1382 1601 pronepote,
1407 1559 1465 1600 qui

112 1639 114 1641 ,
134 1618 209 1640 mox
228 1616 337 1639 rerum
353 1606 475 1647 potitus
490 1608 552 1637 est.

177 1659 216 1687 11.
242 1657 282 1686 At
296 1653 453 1691 Tiberius,
478 1651 565 1693 quod
581 1652 742 1692 supremis
757 1653 792 1683 in
811 1655 946 1683 matrem
966 1652 1084 1682 officiis
1108 1652 1280 1693 defuisset,
1297 1653 1377 1685 nihil
1395 1661 1466 1685 mu-

133 1705 201 1734 tata
218 1701 402 1732 amoenitate
417 1700 504 1738 vitae,
522 1698 798 1739 magnitudinem
811 1701 1025 1738 neqotz'orwn
1044 1708 1100 1738 per
1123 1699 1248 1731 litteras
1269 1700 1463 1740 excusavit3

135 1749 337 1788 honoresque
351 1746 515 1778 memoriae
531 1745 600 1784 eJus
617 1745 657 1776 ab
679 1749 792 1777 senatu
810 1745 895 1786 large
912 1746 1058 1777 decretos
1077 1747 1169 1784 quasi
1193 1755 1249 1786 per
1271 1747 1465 1778 modestiam

134 1795 314 1834 imminuit,
329 1795 441 1834 paucis
458 1792 633 1824 admodum
650 1792 798 1832 receptis,
813 1795 844 1823 et
856 1792 980 1831 addito,
996 1801 1037 1824 ne
1053 1792 1199 1824 coelestis
1216 1793 1336 1834 reliqio
1352 1792 1466 1825 decer·

134 1845 300 1874 meretur.-
318 1843 364 1872 sic
383 1843 492 1880 ipsam
507 1839 679 1871 maluisse.
704 1839 782 1879 quin
806 1840 838 1870 et
859 1842 947 1879 parte
971 1839 1116 1878 ejusdem
1142 1840 1288 1880 epistolae
1306 1839 1468 1880 increpuit

137 1891 308 1921 amicitias
333 1887 535 1926 muliebres,
559 1886 688 1918 Fufium
707 1885 874 1918 consulem
899 1886 1030 1926 oblique
1053 1887 1283 1927 perstringens.
1312 1888 1342 1919 is
1363 1887 1465 1927 gratia

168 1983 188 2005 Ι.
204 1986 224 2004 ι.
244 1981 271 2004 Α.
289 1979 320 2004 U.
332 1983 386 2008 m,
399 1984 425 2009 p.
439 1978 500 2002 Chr.
511 1982 549 2002 29.
559 1990 588 1995 —
598 1983 621 2002 2.
636 1978 725 2007 Livia;
743 1978 806 2002 vide
821 1978 846 2007 l,
863 1983 888 2002 a.
900 1983 962 2002 -5.
978 1979 1061 2002 Pater
1073 1979 1132 2003 erat
1149 1979 1249 2008 Appius
1264 1979 1392 2004 Claudius
1404 1979 1465 2004 Pul-

138 2018 212 2043 cher.
226 2017 337 2039 maritus
348 2015 420 2044 prior
433 2015 491 2039 Tib.
503 2014 627 2039 Claudius
640 2014 722 2038 Nero.
733 2018 787 2037 -4.
801 2015 882 2037 Pater
894 2014 952 2042 ejus
963 2015 989 2037 in
1001 2015 1102 2038 Liviam
1118 2014 1246 2038 familiam
1257 2015 1401 2044 adoptatus
1414 2020 1465 2039 no—

140 2058 201 2077 tin-u
216 2052 296 2080 gessit
310 2051 343 2073 M.
359 2050 424 2074 Livii
440 2050 516 2073 Drusi
531 2049 748 2073 Claudiani.—5.
762 2049 861 2072 contra
879 2049 906 2072 L.
920 2049 1082 2078 Antonium,
1103 2049 1237 2072 triumviri
1255 2049 1378 2078 tratrem,
1392 2055 1416 2073 a.
1434 2050 1463 2075 U.

138 2092 190 2111 7¹4.
206 2099 232 2102 —
246 2091 269 2109 G.
290 2087 434 2113 Augustus
446 2095 481 2100 —-
494 2089 518 2108 ⁷.
535 2085 634 2108 Praeter
644 2084 781 2108 Tiberium
795 2085 823 2107 et
839 2083 954 2106 Drusum
964 2102 970 2111 ,
988 2089 1068 2112 quem
1082 2084 1109 2106 in
1126 2084 1206 2107 domo
1223 2085 1337 2113 Augusti
1351 2086 1464 2114 peperit.

138 2128 191 2144 -8.
210 2120 368 2149 Agrippina,
384 2125 451 2143 uxor
464 2119 631 2147 Germanici,
645 2119 724 2143 Liviae
734 2120 822 2148 neptis
833 2119 892 2142 erat
906 2124 939 2141 ex
954 2119 1054 2147 Druso;
1066 2119 1240 2142 Germanicus
1255 2120 1368 2148 Augusti
1381 2125 1465 2149 nepos

139 2161 170 2179 cil
186 2156 254 2179 Julza
267 2162 274 2178 ·.
287 2156 324 2177 sic
341 2155 398 2178 nati
412 2160 443 2177 ex
457 2155 508 2178 hoc
522 2154 694 2178 matrimonio
707 2159 868 2178 communes
877 2155 1046 2182 pronepotes
1059 2155 1137 2177 erant
1151 2155 1271 2183 Augusto
1286 2155 1313 2177 et
1328 2154 1416 2178 Liviae.
1435 2167 1463 2173 —-

140 2198 155 2215 9
182 2190 329 2214 Μίνεῑίὺιιε
342 2189 396 2212 suis
419 2195 471 2212 non
487 2191 640 2219 temperans
662 2190 690 2213 in
703 2189 772 2213 filiis.
787 2188 862 2212 conf.
875 2188 948 2212 dicta
962 2189 1004 2217 iv,
1020 2193 1059 2212 57.
1083 2201 1112 2205 -
1131 2193 1164 2212 ιο.
1182 2189 1340 2218 metaphora
1356 2189 1390 2213 de
1404 2190 1464 2219 gla-

142 2228 277 2250 dzaloruiu
293 2223 401 2253 paribus
419 2224 514 2251 ducta,
528 2230 587 2254 quae
601 2230 649 2254 pro
663 2225 690 2248 vi
711 2225 758 2248 aut
773 2223 936 2247 dexteritate
948 2224 1166 2251 componuntur.
1188 2223 1252 2248 Erat
1268 2224 1338 2248 Livia
1356 2225 1463 2254 qualem

143 2268 200 2285 esse
217 2259 360 2288 oportebat
377 2265 436 2282 cum
451 2259 547 2283 marito
563 2260 660 2283 artium
678 2260 705 2283 et
719 2259 904 2283 machinarum
918 2258 1014 2287 habili,
1035 2259 1063 2282 et
1081 2264 1141 2282 cum
1163 2258 1218 2282 filio
1232 2259 1362 2284 abstrusae
1379 2260 1463 2284 simu-

141 2296 258 2320 lam-uis.
275 2295 304 2317 ut
320 2295 416 2322 potens
431 2295 502 2317 esset
514 2294 583 2323 apud
600 2296 755 2324 utrumque.
770 2294 892 2323 Caligula
909 2299 966 2316 eam
982 2293 1137 2322 appellabat
1152 2293 1275 2323 Ulyssem
1286 2295 1464 2319 stolatum.—

143 2336 168 2354 υ
191 2330 329 2353 sui-tonus
342 2335 364 2353 c.
377 2335 402 2353 ει
413 2329 553 2352 :Tiberius
567 2330 763 2353 testamentum
774 2329 833 2359 ejvs
845 2334 899 2358 pro
912 2329 1000 2353 irrito
1007 2328 1424 2359 leabuit‚omnesqueamicitias
1436 2333 1465 2357 et

141 2365 379 2394 samaim-uates,
394 2365 480 2388 etiam
497 2364 598 2394 quibus
610 2370 643 2388 ea
651 2365 769 2394 funeris
787 2369 890 2388 curam
909 2364 1033 2389 moriens
1052 2363 1261 2395 demandarat,
1273 2365 1362 2396 'intra
1382 2365 1464 2392 breve

144 2403 252 2429 tempus
266 2399 387 2429 afflixit.
401 2399 522 2429 caligula
536 2399 643 2423 demum
653 2399 742 2429 legata
758 2399 816 2428 ejus
829 2398 968 2428 persolvit.
