1539 2668
135 178 192 208 128
526 175 659 205 TAClTI
681 175 889 205 ANNALIUM
911 176 985 204 LIB.
1009 175 1062 204 vl.

131 251 206 282 Trio
221 251 480 282 (emulationem
497 251 590 281 inter
610 249 778 290 colleoae,
795 251 829 281 et
847 251 960 290 siqua
978 248 1148 281 discordes
1161 249 1324 288 jecissent
1339 251 1349 269 ⁵
1361 277 1372 292 ,
1390 261 1455 285 me-

132 299 199 330 lius
213 298 410 330 oblitterari
427 297 602 337 respondit.
618 300 751 336 urgente
763 297 912 337 Agrippa,
925 296 1120 336 Sanquinius
1133 296 1293 328 Maximus
1309 307 1327 330 e
1339 307 1453 332 consu-

130 345 250 377 laribus
267 345 372 376 oravit
391 346 540 376 senatum
551 369 559 384 ‚
577 353 619 376 ue
636 348 739 375 curas
754 346 978 384 Imperatoris
992 345 1191 384 conquisitis
1211 345 1352 385 insuper
1366 355 1454 378 acer·

132 392 296 424 onatilius
319 394 510 432 demerent,-
533 390 693 431 sufficere
715 393 829 430 ipsum
849 390 1044 423 statuendis
1068 390 1237 422 remediis.
1263 391 1309 422 sic
1333 393 1454 432 Regulo

129 440 214 471 salus
229 440 260 470 et
273 439 381 470 Trioni
404 439 513 470 dilatio
536 438 626 469 exitii
647 438 796 478 quaesita.
815 438 965 469 Haterius
988 437 1120 468 invisior
1142 438 1204 469 suit
1219 462 1228 477 ,
1246 439 1322 478 quia
1340 448 1454 471 somno

128 489 185 518 aut
203 486 367 527 probrosis
380 485 498 525 vigiliis
515 485 677 516 marcidus
690 509 699 525 ‚
718 487 750 517 et
767 484 809 516 ob
825 485 993 525 segnitiam
1011 485 1160 524 quamvis
1184 486 1349 518 crudelem
1365 487 1453 518 Prin—

127 533 231 574 cipem
245 543 309 565 non
325 536 488 573 metuens,
506 532 688 564 illustribus
707 533 784 564 viris
799 532 976 573 perniciem
993 532 1077 564 inter
1092 541 1225 572 ganeam
1245 542 1283 565 ae
1306 534 1454 566 libidines

124 581 353 613 meditabatur.

167 631 204 658 V.
230 629 310 659 Exin
327 630 420 660 Cotta
436 628 636 667 Messalinus,
653 628 839 659 saevissimae
854 627 1010 666 cujusque
1023 628 1191 659 sententiae
1213 631 1326 661 auctor
1350 638 1453 669 eoque

128 673 309 706 inveterata
325 676 448 707 invidia
461 701 469 715 ‚
488 676 544 707 nbi
574 676 712 716 primum
741 675 875 707 facultas
901 675 993 714 data,
1017 675 1162 714 arguitur
1182 676 1359 717 pleraque¹
1388 688 1395 708 ε
1415 683 1450 711 C.

124 725 282 754 Caesarem
296 724 387 764 quasi
405 725 538 756 incestae
555 724 717 756 virilitatis
728 723 739 741 2
754 748 763 763 ‚
779 725 813 754 et
827 732 927 763 quum
950 722 1002 753 die
1018 723 1115 753 natali
1136 726 1287 763 Augustae
1309 724 1390 756 inter
1406 734 1455 757 sa-

127 769 273 802 cerdotes
289 771 494 811 epularetur,
510 772 746 804 novendialem
768 780 838 802 eam
855 778 984 802 cremon
997 770 1008 787 ³
1032 770 1151 802 dixisse
1163 794 1172 809 ,
1189 780 1390 812 querensque
1413 775 1454 807 de

122 817 268 855 potentia
283 822 323 849 M.
343 818 453 858 Lepidi
470 828 508 850 ac
525 823 557 850 L.
577 819 721 851 Arruntii
735 819 760 859 ⁴,
787 827 860 849 cum
877 818 996 858 quibus
1011 817 1053 848 ob
1070 826 1136 848 rem
1155 818 1372 858 pecuniariam
1386 821 1453 852 dis-

121 863 283 904 ceptabat,
299 865 473 905 addidisse,
491 867 570 897 illos
587 867 724 907 quidem
738 868 895 903 senatus,
917 873 970 895 me
987 867 1105 896 autem
1124 866 1278 897 tuebitur
1303 867 1452 899 Tiberio-

122 908 178 940 lus
203 919 296 943 meus
311 923 321 943 .·
336 922 441 953 neque
470 916 587 945 cuncta
616 922 634 944 a
660 913 858 954 primoribus
883 911 1025 943 civitatis
1052 912 1277 944 revincebatur
1293 913 1318 952 ⁵3
1347 914 1452 955 iisque

121 957 326 999 instantibus,
350 960 390 990 ad
408 963 638 1000 Imperatorem
656 961 856 1001 provocavit.
876 968 933 990 nec
961 959 1064 990 multo
1090 961 1164 999 post
1183 960 1300 991 litterae
1315 962 1452 993 asserun-

118 1005 185 1043 tur,
200 1005 317 1044 quibus
329 1007 361 1037 in
378 1008 511 1038 modum
526 1008 734 1046 defensionis,
750 1008 886 1046 repetito
904 1019 918 1033 «
935 1006 1016 1037 inter
1030 1015 1064 1038 se
1086 1009 1182 1046 atque
1199 1008 1327 1039 Cottam
1345 1009 1453 1040 amici-

121 1062 137 1076 «
152 1051 207 1082 tiae
223 1052 391 1093 principio,
410 1055 598 1095 crebrisque
613 1055 681 1094 ejus
698 1055 811 1085 officiis
823 1067 837 1080 υ
862 1054 1134 1092 commemoratis,
1155 1067 1169 1080 κ
1183 1063 1223 1085 ne
1239 1054 1337 1086 verba
1354 1065 1453 1095 prave

121 1109 136 1123 α
152 1097 279 1130 detorta
296 1109 358 1131 neu
371 1103 592 1133 convivalium
612 1102 795 1133 fabularum
812 1102 822 1118 *²
843 1100 1033 1140 simplicitas
1050 1100 1083 1132 in
1097 1101 1220 1133 crimen
1245 1102 1419 1135 duceretur
1433 1117 1448 1131 n

117 1146 305 1179 postulavit.

160 1195 212 1223 VI.
232 1194 357 1234 Insigne
371 1196 477 1227 visum
497 1199 530 1228 et
544 1205 655 1227 carum
672 1195 809 1228 Caesaris
825 1195 1006 1226 litterarum
1023 1195 1153 1227 initium
1169 1205 1177 1227 ε
1192 1205 1267 1228 nam
1282 1197 1332 1229 his
1346 1198 1454 1230 verbis

117 1246 250 1271 exorsus
267 1245 314 1273 est
330 1252 336 1273 :
354 1256 368 1269 ι(
387 1243 472 1282 Quid
487 1243 494 1260 ¹
516 1243 655 1274 scribam
669 1242 775 1282 vobis,
793 1244 903 1274 Patres
918 1243 1107 1283 conscripti,
1127 1245 1182 1275 aut
1195 1245 1360 1285 quomodo
1374 1247 1454 1278 scri-

120 1298 134 1310 «
149 1285 236 1326 bam,
253 1291 309 1320 aut
325 1290 402 1330 quid
419 1291 551 1321 omnino
571 1300 635 1321 non
653 1290 793 1321 scribam
811 1289 873 1320 boc
891 1292 1052 1329 tempore,
1071 1290 1115 1321 dii
1132 1299 1184 1322 me
1209 1292 1342 1333 deaeque
1358 1295 1451 1334 pejus

117 1343 132 1357 α
148 1335 283 1372 ρωνιίἃῃῐ
303 1346 400 1376 quam
417 1338 522 1378 perire
540 1347 590 1369 me
608 1337 753 1378 quotidie
770 1337 887 1375 sentio,
904 1337 929 1367 si
946 1338 1023 1367 scio.
1046 1350 1059 1363 υ
1085 1337 1165 1367 adeo
1191 1338 1331 1371 facinora
1353 1345 1452 1382 atque

116 1378 234 1419 flagitia
250 1391 307 1414 sua
323 1384 382 1423 ipsi
397 1394 528 1425 quoque
545 1385 575 1415 in
594 1384 788 1424 supplicium
804 1386 978 1415 verterant.
998 1393 1103 1423 neque
1117 1384 1235 1416 frustra
1248 1389 1451 1426 praestantis-

115 1426 217 1459 simus
233 1430 401 1469 sapientiae
419 1431 430 1448 ²
446 1432 572 1463 firmare
586 1432 699 1463 solitus
713 1433 763 1462 est
779 1455 787 1470 ,
803 1431 831 1461 si
845 1430 1055 1461 recludantur
1074 1433 1285 1470 tyrannorum
1305 1436 1428 1466 mentes
1439 1458 1450 1474 ,

116 1482 211 1513 posse
225 1479 325 1517 aspici
340 1479 481 1510 laniatus
499 1481 530 1510 et
547 1479 641 1516 ictus,
660 1479 802 1518 quando,
818 1481 854 1508 ut
871 1487 1007 1518 corpora
1022 1478 1224 1519 verberibus,
1246 1480 1292 1511 ita
1308 1483 1448 1524 saevitia,

116 1521 259 1563 iibidine,
274 1525 366 1557 malis
382 1527 540 1557 consultis
554 1527 684 1557 animus
698 1526 902 1557 dilaceretur.
919 1525 1040 1565 qnippe
1051 1525 1215 1556 Tiberium
1230 1536 1294 1558 non
1310 1530 1451 1571 fortuna,

115 1577 182 1600 non
199 1571 389 1604 solitudines
406 1574 637 1614 protegebant,
655 1573 734 1614 quin
757 1574 919 1604 tormenta
934 1572 1073 1612 pectoris
1093 1581 1233 1613 suasque
1255 1575 1322 1615 ipse
1337 1585 1451 1617 poenas

115 1616 282 1650 fateretur.

157 1668 223 1697 Vll.
249 1671 331 1698 Tum
356 1668 440 1700 sacta
456 1668 604 1700 Patribus
621 1669 779 1706 potestate
804 1667 967 1700 statuendi
989 1667 1029 1699 de
1054 1669 1240 1700 Caeciliano
1267 1673 1446 1712 senatore,

114 1713 174 1751 qui
184 1713 346 1752 plurima
363 1716 554 1747 adversum
573 1718 712 1748 Cottam
721 1719 960 1757 prompserat,
978 1715 1131 1754 placitum
1149 1715 1292 1748 eandem
1305 1726 1448 1757 poenam

114 1759 265 1799 iri-oqari
279 1771 386 1802 quam
398 1764 434 1794 in
450 1765 631 1794 Aruseium
645 1765 678 1795 et
694 1764 935 1803 Sanmnitium,
952 1764 1169 1793 accusatores
1180 1764 1218 1794 L.
1234 1766 1394 1796 Arruntii
1412 1766 1418 1783 ¹
1436 1776 1445 1797 ε

113 1814 177 1844 quo
191 1816 256 1838 non
269 1809 355 1840 aliud
370 1809 635 1842 honorificentius
651 1813 754 1843 Cottae
772 1810 895 1849 evenit,
914 1809 970 1849 qui
986 1808 1102 1840 nobilis
1116 1810 1260 1850 quidem,
1276 1811 1333 1842 sed
1349 1821 1446 1852 egens

112 1853 154 1884 ob
168 1853 281 1886 luxum
296 1880 305 1895 ‚
329 1865 385 1897 per
409 1857 529 1897 flagitia
552 1858 686 1891 insaniis
701 1882 710 1898 ‚
732 1856 943 1890 sanctissimis
967 1857 1111 1888 Arruntii
1141 1856 1266 1889 artibus
1290 1857 1446 1898 dignitate

115 1940 299 1966 Conscientiae
314 1942 420 1967 dativus
432 1950 439 1968 :
453 1944 540 1968 menti
553 1950 647 1968 eorum
660 1944 706 1974 qui
720 1943 823 1968 conscii
833 1943 925 1966 essent
938 1941 1047 1966 toederis
1060 1941 1151 1966 locum
1163 1943 1265 1967 tenere.
1280 1956 1308 1960 -
1322 1944 1444 1969 &Verbis

112 1974 256 2000 fudissent.

144 2017 173 2040 V.
194 2023 211 2040 i.
227 2019 317 2042 Graeca
329 2020 480 2049 structura,
499 2015 654 2056 ἐλέγχεται
667 2014 775 2046 πολλά.
788 2031 819 2037 --
829 2025 853 2044 2.
867 2019 908 2044 Sc.
920 2019 1042 2047 dia-isse,
1056 2019 1128 2048 quod
1142 2019 1266 2047 sequitur
1280 2025 1285 2042 :
1297 2020 1331 2043 de
1345 2021 1371 2044 C.
1384 2021 1442 2045 Cae-

112 2057 173 2074 sare
188 2051 327 2082 (Caligula)
341 2055 461 2079 locutum
476 2061 535 2079 esse
547 2057 623 2085 quasi
638 2056 734 2079 incesti
748 2055 867 2079 noxium.
878 2067 906 2072 —-
920 2060 944 2078 3.
960 2055 989 2077 ld
1002 2055 1043 2077 est
1057 2054 1167 2078 feralem
1182 2060 1286 2077 emnam
1303 2055 1361 2078 sive
1378 2057 1443 2081 sili-

113 2088 253 2117 cei-nium,
268 2095 322 2118 quo
336 2091 449 2114 mortuis
461 2097 534 2115 nono
549 2092 593 2115 die
604 2091 809 2121 parentabatur.
824 2091 870 2114 Vel
883 2091 991 2114 mortua
1004 2090 1074 2113 Livia
1089 2090 1140 2113 hoc
1155 2089 1256 2113 dictum
1267 2107 1273 2116 ,
1289 2090 1331 2113 vel
1344 2091 1372 2114 in
1384 2093 1443 2121 eJus

114 2120 280 2152 decrepitam
295 2127 476 2150 senectutem.
495 2140 522 2144 -
534 2132 556 2151 ⁴.
575 2128 613 2151 De
625 2127 722 2156 quibus
736 2126 807 2151 conf.
826 2127 851 2155 Ι,
870 2132 905 2149 is.
919 2138 946 2141 —
961 2131 982 2148 s.
1004 2127 1064 2150 Non
1084 2124 1202 2148 omnium
1220 2125 1436 2153 convincebatur

113 2158 144 2180 ut
157 2158 238 2182 inodo
253 2159 356 2184 dictum
367 2163 507 2190 arquitur
519 2163 666 2192 pleraque.
681 2175 710 2179 —
720 2168 743 2186 e.
757 2161 1024 2186 confabulationum.

144 2192 186 2216 Vl.
210 2200 231 2217 i.
245 2195 303 2218 Huc
316 2196 388 2220 rerer
402 2203 434 2220 ex
448 2198 515 2226 fine,
533 2198 557 2221 si
571 2199 629 2222 scio
642 2199 726 2228 quid,
739 2199 790 2222 etc.
802 2210 827 2213 —
840 2203 862 2220 ε.
877 2196 1046 2226 sapientum,
1062 2196 1201 2225 Socrate5‚
1217 2195 1287 2225 apud
1300 2196 1439 2222 Platonem

113 2228 142 2252 in
158 2230 256 2259 Gorgia
270 2237 297 2260 p.
315 2236 368 2261 5⁴1⁴,
385 2233 418 2259 E,
436 2234 513 2262 cuius
526 2234 583 2257 haec
600 2234 684 2258 verba
698 2235 762 2257 sunt
776 2240 782 2257 :
795 2227 948 2263 Πολλάκις
960 2231 1218 2261 ‹nimai-inmotum),
1233 2229 1287 2257 τοῦ
1305 2228 1439 2267 μεγάλου

115 2268 265 2308 βασιλέως
279 2268 496 2309 ἐπιλαὸόμενος
510 2271 529 2307 ἢ
549 2270 641 2301 ἀλλον
659 2271 784 2301 ὁτουοῦν
803 2268 953 2310 βασιλέως
967 2269 987 2305 ἢ
1010 2267 1161 2298 δυνάστου
1173 2292 1181 2306 ,
1200 2268 1337 2300 κατεῖδεν
1350 2270 1438 2302 οὐδὲν

114 2309 195 2348 ὑγιὲς
209 2309 242 2339 ὃν
259 2313 311 2346 τῆς
331 2311 449 2349 ψυχῆς,
474 2311 551 2341 ἀλλὰ
564 2310 890 2351 διαμεμαστιγωμένην
907 2310 959 2340 καὶ
979 2309 1077 2340 οὐλῶν
1098 2310 1231 2348 μεστὴν,
1254 2310 1315 2341 ὑπὸ
1335 2310 1436 2354 ἐπιορ-

115 2353 192 2381 κιῶν
217 2351 269 2380 καὶ
293 2350 431 2390 ἀδικίας,
458 2352 478 2382 ἃ
506 2352 629 2393 ἑκάστῳ
657 2355 676 2390 ἡ
698 2353 802 2394 πρᾶξις
829 2351 923 2382 αὐτοῦ
952 2350 1144 2391 ἑνωμὸρξατο
1171 2351 1212 2386 εἷς
1241 2352 1296 2387 τὴν
1317 2352 1433 2392 ψυχήν,

114 2395 216 2421 Similia
229 2396 255 2419 in
268 2395 337 2420 libro
350 2397 388 2420 De
402 2398 538 2427 republica
553 2399 602 2426 lx,
617 2404 644 2428 p.
662 2404 714 2427 579,
729 2399 759 2421 D.
777 2398 923 2425 firmare,
941 2395 1087 2419 affirmare.

146 2431 200 2455 Vll.
217 2437 237 2456 i.
251 2432 290 2456 ne
303 2433 400 2460 quibus
413 2433 441 2457 in
457 2434 569 2463 perditis
582 2434 703 2463 partibus
716 2433 779 2458 libri
797 2433 884 2463 quinti
899 2432 999 2456 dictum
1018 2433 1085 2456 erat.
