1539 2668
155 214 215 245 406
516 212 647 242 ‘rACITI
671 212 946 242 HISTORIARUM
969 214 1043 242 Lm.
1067 215 1122 242 IV.

195 289 354 320 LXXXIV.
373 287 415 316 Ut
434 284 572 324 SInopen
592 291 726 321 venere,
747 292 881 315 munera
894 309 903 324 ‚
924 293 1032 324 preces
1044 308 1052 323 ‚
1070 284 1220 316 mandata
1235 285 1318 325 regis
1334 285 1385 317 sui
1401 289 1480 327 scy-

153 333 348 368 drotliemidi
365 333 510 371 allegant.
540 330 596 369 qui
616 330 752 361 versus¹
775 331 875 362 animi
895 332 992 363 modo
1013 341 1135 363 numen
1161 341 1356 373 pavescere,
1383 333 1483 364 modo

155 383 251 414 minis
267 379 469 413 adversantis
491 378 600 418 populi
625 378 752 417 terreri;
771 387 855 417 saepe
871 378 965 410 donis
981 380 1212 419 promissisque
1234 380 1410 419 legatorum
1429 380 1484 411 sse·

153 429 312 462 ctebatur.
340 430 435 466 atque
459 426 588 456 interim
611 425 752 455 triennio
780 428 893 456 exacto
915 428 1109 457 Ptolemaeus
1135 435 1199 457 non
1225 427 1389 466 studium,
1416 435 1482 457 non

152 485 261 516 preces
278 475 436 506 omittere.
465 472 653 512 dignitatem
680 472 858 511 legatorum
871 496 879 511 ,
899 482 1071 504 numerum
1092 474 1226 504 navium
1242 497 1250 512 ‚
1268 474 1337 504 auri
1357 473 1482 512 pondus

150 524 296 563 augebat.
324 526 393 552 tum
425 520 535 550 minax
563 520 659 550 facies
688 519 943 559 Scydrothemidi
972 521 1128 558 offertur,
1154 529 1196 551 ne
1215 520 1393 551 destinata
1420 519 1482 551 deo

153 572 249 602 ultra
262 570 474 601 moraretur.
494 568 702 598 cunctantem
718 567 805 597 varia
822 567 981 607 pernicies
999 568 1170 607 morbique
1186 570 1218 599 et
1235 567 1407 598 manifesta
1420 575 1484 597 οω-

150 619 279 650 lestium
298 618 344 647 ira
366 615 560 655 graviorque
583 614 615 645 in
633 614 700 645 dics
718 614 886 654 fatigabat.
907 615 1064 645 advocata
1080 615 1235 645 concione
1248 615 1351 654 jussa
1368 615 1480 646 numi·

150 669 213 701 nis,
234 674 313 696 suos
330 664 575 702 Ptolemoez‘que
592 663 698 694 visus,
717 663 919 701 infirmantia
935 662 1031 693 mala
1047 663 1190 702 exponit.
1208 663 1323 701 vulgus
1338 660 1479 693 aversari

149 722 272 752 regem,
289 711 434 743 invidere
452 712 590 749 AEgypto
603 733 611 747 ,
636 708 696 739 sibi
715 711 857 739 metuere
875 709 1100 748 templumque
1117 709 1357 741 circumsidere.
1376 711 1480 748 major

149 761 222 793 hinc
240 761 324 791 sama
340 758 474 790 tradidit
491 757 595 788 deum
612 757 725 796 ipsum
742 756 910 795 appulsos
930 756 1043 787 littori
1063 764 1168 787 naves
1186 758 1304 795 sponte
1323 764 1479 788 conscen-

147 809 246 840 disse.
267 809 386 838 mirum
408 805 483 836 inde
507 804 619 841 dictu,
637 803 733 834 tertio
751 803 803 833 die
827 804 954 834 tantum
981 803 1080 834 maris
1105 803 1225 834 emensi
1250 803 1478 835 Alexandriam

147 856 362 896 appelluntur.
388 852 508 892 templo
531 859 589 891 pro
612 850 834 890 magnitudine
859 850 949 881 urbis
971 851 1175 881 exstructum
1193 850 1263 881 loco
1286 851 1338 881 cui
1361 860 1479 883 nomen

146 903 307 934 Rhacotis.
337 901 441 932 fuerat
466 899 533 929 illic
556 898 710 929 sacellum
732 896 874 936 Serapidi
898 898 996 936 atque
1013 897 1086 928 Isidi
1103 897 1284 937 antiquitus
1300 900 1476 931 sacratum.

146 955 222 982 Haec
233 951 272 982 de
287 949 411 988 origine
424 948 456 978 et
470 946 609 977 advectu
623 944 673 976 dei
687 944 904 975 celeberrima.
921 953 980 975 nec
993 953 1064 975 sum
1079 944 1211 984 ignarus
1222 954 1292 977 esse
1306 946 1477 985 quosdam,

147 1001 202 1041 qui
226 998 379 1031 Seleucia
401 993 487 1026 urbe
516 994 625 1033 Syrioe
648 993 820 1030 accitum,
844 994 1013 1032 reyncmcc
1032 993 1218 1024 Ptolemoeo
1244 1001 1344 1033 quem
1369 995 1477 1025 tertia

146 1049 231 1078 (etas
251 1043 373 1082 trilit²,-
390 1042 442 1073 alii
459 1042 637 1072 auctorem
652 1039 798 1070 eundem
820 1039 1060 1078 Plolenzoeum,
1078 1040 1192 1071 sedem
1209 1048 1252 1071 ex
1272 1049 1342 1081 qua
1359 1042 1478 1073 trans.

146 1095 223 1126 ierit
240 1090 428 1130 Memphim
443 1088 625 1129 pernibent,
640 1086 784 1117 inclitam
799 1086 877 1116 olim
892 1089 923 1117 et
938 1087 1056 1117 veteris
1070 1087 1189 1126 AEgypti
1204 1088 1364 1117 columen.
1380 1089 1476 1121 deum

146 1142 252 1181 ipsum
269 1138 364 1170 muln
386 1135 645 1174 AEsczclapz'mn,
664 1133 755 1173 qnod
775 1133 959 1164 medeatur
978 1135 1080 1173 (cyris
1097 1133 1298 1173 corporibus
1311 1158 1320 1173 ,
1343 1135 1477 1174 quidam

148 1190 276 1226 Osirin,
295 1185 576 1224 antiquissimum
591 1181 665 1212 ‘illis
683 1180 840 1219 qentzbus
858 1188 997 1218 mannen,
1013 1180 1157 1220 plerique
1171 1182 1288 1212 Jovem
1304 1183 1344 1213 ut
1358 1190 1477 1214 rerum

145 1237 299 1269 omnium
312 1233 486 1273 potentem
501 1254 509 1269 ,
529 1228 656 1269 plurimi
672 1229 788 1259 Dilcm
800 1230 943 1267 patrem
954 1250 964 1263 ,
986 1228 1167 1268 insignibus
1183 1238 1257 1269 quae
1274 1228 1307 1259 in
1326 1229 1396 1269 ipso
1411 1237 1476 1260 ma-

145 1284 262 1316 nifesta
275 1306 283 1320 ‚
302 1283 357 1311 aut
375 1288 429 1318 per
449 1278 600 1316 ambages
614 1277 625 1293 ³
645 1277 843 1316 conjectant.

187 1331 330 1362 LXXXV.
349 1330 387 1358 At
403 1325 610 1357 Domitianus
626 1324 860 1363 Mucianusque
874 1325 1046 1363 antequam
1064 1322 1194 1363 Alpibus
1209 1323 1475 1364 propinquarent,

144 1385 314 1420 prosperos
328 1383 437 1406 rerum
451 1374 483 1403 in
498 1372 645 1403 Treveris
658 1375 820 1411 gestarum
836 1371 965 1402 nuntios
980 1379 1143 1412 accepere.
1159 1372 1319 1411 praecipua
1335 1372 1479 1403 victorim-

144 1426 222 1458 fidcs
238 1425 303 1455 dux
321 1424 463 1453 hostium
482 1419 671 1450 Valentinus
689 1420 711 1456 ¹,
730 1428 935 1458 nequaquam
953 1418 1077 1458 abJecto
1095 1420 1204 1449 animo
1218 1443 1226 1457 ‚
1244 1427 1325 1458 quos
1342 1418 1475 1458 spiritus

145 1473 296 1513 gessisset
310 1495 317 1509 ‚
336 1469 427 1499 vulin
444 1467 575 1498 ferebat.
594 1466 723 1497 auditus
738 1467 809 1497 ideo
826 1467 953 1497 tautum
965 1469 1001 1497 ut
1015 1468 1204 1497 nosceretur
1217 1466 1379 1505 ingenium
1393 1466 1473 1505 ejus,

145 1522 400 1557 damnatusque,
422 1517 506 1546 inter
532 1515 637 1554 ipsum
656 1514 849 1554 supplicium
875 1514 1082 1553 exprobranti
1104 1514 1231 1544 cuidam
1252 1514 1388 1553 patriam
1407 1514 1475 1552 ejus

145 1570 271 1609 captam
289 1566 442 1603 accipere
457 1570 490 1593 se
507 1561 673 1593 solatium
694 1561 838 1591 morti-3²
860 1561 1039 1600 respondit.
1061 1561 1116 1591 sed
1135 1561 1302 1591 Mucianus
1317 1560 1404 1599 quod
1417 1559 1474 1589 diu

144 1614 381 1649 occultaverat,
399 1610 436 1640 ut
452 1617 563 1639 recens
574 1608 584 1625 ³
600 1609 799 1648 exprompsit
815 1619 822 1638 :
839 1622 853 1635 «
870 1608 1022 1647 quoniam
1037 1608 1233 1648 benignitate
1255 1607 1349 1637 deum
1364 1607 1473 1637 fractae

145 1676 160 1690 ι
179 1663 263 1693 vires
280 1658 422 1690 hostium
441 1656 562 1692 forent,
587 1664 700 1694 parum
721 1656 837 1686 decore
855 1655 1074 1686 Domitianum
1097 1655 1246 1685 consecto
1272 1663 1369 1694 prope
1388 1654 1472 1685 bello

145 1725 159 1738 ι
179 1710 292 1741 alienae
317 1705 426 1745 gloriae
450 1704 722 1734 interventurum.
750 1703 777 1733 si
803 1704 906 1734 status
930 1702 1057 1741 imperii
1072 1703 1129 1732 aut
1144 1702 1229 1732 salus
1247 1701 1421 1732 Galliarum
1438 1701 1472 1732 in

145 1772 159 1787 a
180 1755 364 1789 discrimine
388 1753 568 1782 verteretur
583 1775 591 1790 ‚
616 1751 763 1782 debuisse
789 1754 944 1781 Caesarem
971 1750 1003 1780 in
1029 1749 1098 1780 acie
1115 1752 1201 1780 stare
1219 1758 1226 1778 ε
1245 1749 1470 1780 Canninefates

143 1819 157 1834 α
177 1807 380 1840 Batavosque
406 1798 588 1830 minoribus
613 1797 752 1828 ducibus
772 1797 973 1836 delegandos.
999 1798 1066 1836 ipse
1096 1796 1243 1836 Lugduni
1269 1797 1337 1827 vim
1364 1796 1470 1827 fortu-

143 1866 156 1879 ι
176 1857 317 1888 namque
344 1847 541 1886 principatus
569 1853 586 1876 e
608 1845 759 1884 proximo
787 1845 982 1883 ostentaret,
1010 1853 1069 1875 nec
1097 1843 1204 1884 parvis
1232 1844 1385 1884 periculis
1411 1844 1470 1875 im-

141 1915 153 1929 ·‹
177 1897 298 1929 mixtus
316 1897 348 1926 et
364 1893 541 1933 majoribus
558 1901 622 1923 non
639 1892 824 1923 defuturus.
837 1904 853 1919 »

182 1946 339 1977 LXXXVI.
366 1941 629 1980 Intelligebantur
645 1943 749 1981 artes;
771 1940 829 1970 sed
846 1948 920 1980 pars
942 1939 1090 1979 obsequii
1108 1938 1140 1969 in
1160 1947 1198 1970 eo
1210 1963 1219 1978 ‚
1237 1947 1276 1970 ne
1292 1938 1469 1978 deprehen-

140 1993 291 2024 231‘11·entur
304 1990 328 2022 ¹.
346 1990 390 2020 ita
410 1988 604 2028 Lugdunum
621 1990 765 2019 ventum.
786 1987 873 2018 unde
888 1987 1031 2018 creditur
1048 1986 1254 2017 Domitianus
1271 1987 1414 2018 occultis
1427 1989 1466 2018 ad

140 2040 296 2071 curialem
312 2036 432 2068 nuntiis
447 2035 542 2066 fidem
559 2036 630 2075 ejus
646 2035 820 2066 tentavisse
832 2058 841 2074 ,
859 2043 906 2066 an
925 2036 1089 2074 proesenti
1104 2033 1169 2064 sibi
1188 2035 1382 2064 exercitum
1401 2035 1463 2064 im-

138 2089 343 2127 jwriumque
370 2083 685 2122 t2·adz‘burusf07·et.
710 2091 775 2122 qua
800 2081 996 2121 cogitatione
1020 2080 1138 2111 bellum
1163 2080 1318 2111 adversus
1344 2083 1466 2120 patrem

138 2133 309 2173 agitaverit
326 2140 367 2163 an
381 2139 459 2171 opes
477 2130 627 2170 viresque
645 2130 801 2161 adversus
825 2129 981 2167 fratrem,
1006 2127 1040 2158 in
1064 2127 1187 2158 incerto
1213 2127 1285 2158 suit.
1308 2136 1383 2158 nam
1407 2131 1468 2159 Ce-

171 2266 307 2290 Lxxxw.
324 2271 344 2288 ι.
360 2264 486 2292 Mutatus,
498 2264 555 2287 sive
569 2264 676 2287 mutans
687 2263 860 2293 (intransit.);
873 2264 916 2288 cui
930 2264 1035 2288 animus
1047 2263 1184 2293 vertebat,
1193 2270 1247 2288 non
1260 2265 1319 2288 erat
1332 2266 1461 2290 constans

140 2307 197 2324 -2.
215 2301 357 2324 l’lolcmaeo
371 2301 416 2329 qui
429 2300 589 2329 cognomine
603 2301 750 2328 Evergetes
762 2301 809 2323 est.
819 2306 875 2325 -5.
889 2300 1004 2330 insignia
1017 2300 1062 2324 vel
1073 2300 1191 2330 speciem
1205 2301 1262 2329 ejus
1276 2299 1424 2325 artificiose
1438 2301 1465 2324 et

141 2342 188 2365 per
203 2335 359 2364 allegoriam
371 2336 412 2359 vel
424 2335 570 2365 symbolica
585 2336 690 2359 ratione
704 2334 872 2365 explicando.

171 2371 261 2394 LXXX
268 2371 294 2392 V.
310 2376 328 2394 ι.
341 2372 481 2400 captivus,
496 2376 519 2395 c.
534 2376 608 2403 1¹·-
620 2376 641 2394 2.
656 2371 759 2400 Quippe
773 2377 826 2400 qua
839 2371 973 2395 efficiatur
989 2372 1019 2395 ut
1032 2372 1118 2400 captae
1129 2371 1224 2401 patrlae
1237 2372 1363 2400 aspectus
1376 2371 1461 2402 ipsum

136 2420 191 2438 „on
212 2405 357 2433 aniigat.—
369 2412 390 2430 5.
405 2407 437 2430 Ut
451 2407 522 2436 qnod
534 2412 605 2430 nunc
619 2407 733 2436 primum
748 2408 797 2436 ipsi
811 2407 838 2430 in
855 2409 974 2431 mentem
990 2408 1088 2431 veniat.

168 2452 175 2474 l
188 2448 306 2474 χςχυῐ.
324 2447 343 2466 ι.
357 2441 453 2465 Confer
470 2444 541 2466 Ληη.
556 2442 627 2471 XIV,
642 2449 673 2467 c:
688 2444 784 2467 Solum
804 2442 977 2467 insidiarum
991 2442 1150 2467 remedium
1171 2448 1242 2471 csse,
1263 2443 1287 2466 si
1301 2441 1451 2467 non-intec-

974 2579 1040 2587 --a-›am
