1539 2668
102 169 165 199 340
464 163 598 193 TACITI
621 161 897 191 HISTORIARUM
920 162 994 191 Lm.
1017 162 1073 192 111.

102 255 133 260 -
143 246 182 265 7⁴.
194 239 365 264 Domitianus
379 236 519 260 sacricolae
541 236 638 260 habitu
661 236 806 260 delitescit.
827 236 942 260 Sabinus
958 236 1042 260 invito
1063 235 1170 260 Vitellio
1184 236 1344 261 trucidatur.
1356 252 1383 256 —-
1397 245 1433 265 ⁷5.

102 278 195 303 Sabini
212 275 315 298 landes·
334 273 437 297 Atticus
450 273 584 296 servatur.

137 316 216 336 τες-77.
231 310 378 333 Tarracina
390 314 403 331 a
418 309 442 331 L.
457 308 562 331 Vitellio
572 308 681 331 obsessa
698 309 726 330 et
741 308 830 336 capta,
842 306 965 331 Julianus
977 306 1125 336 jugulatur.
1138 306 1431 333 Triariaeimmodestia.

103 353 178 371 ,μω
193 346 323 373 Flaviani,
337 345 471 367 incertum
494 343 604 366 Antonii
623 348 656 366 an
676 343 796 365 Muciani
811 342 889 371 culpa
907 343 1078 370 cunctantes,
1094 341 1197 365 obsessi
1219 342 1343 372 Capitolii
1363 344 1432 368 saum

103 383 266 409 exciti‚—7¹.).
281 381 313 403 ad
328 379 426 403 Urbem
441 379 598 408 properant.
614 377 651 401 ibi
667 379 795 407 equestre
809 377 933 407 proelium
954 376 1053 400 Ceriali
1068 377 1338 402 adversum.—8o-m.
1355 380 1435 404 Vitel-

102 419 156 442 lius
168 417 272 446 legatos
287 417 313 438 et
329 414 448 437 Vestales
466 413 585 442 virgines
604 418 653 442 pro
665 418 734 441 pace
749 414 797 436 aut
814 413 930 436 induciis
942 413 1035 440 mittit,
1048 417 1098 435 nec
1113 412 1298 437 obtinet—82.
1315 414 1435 439 Flaviani

103 453 239 482 tripartito
255 451 362 478 agmine
376 449 439 473 L'rbi
459 449 653 478 propinquant.
666 448 741 471 varia
757 447 793 471 ibi
806 447 916 471 fortuna
934 449 1079 477 pugnatur.
1096 460 1122 463 —
1136 453 1173 472 εὖ.
1185 448 1254 472 foeda
1268 449 1435 473 lascivientis

102 488 182 512 Urbis
201 488 294 515 faciesy
309 485 467 515 spectatore
482 483 582 512 populo
597 485 624 506 et
644 483 740 512 plausu
755 483 875 506 diversas
890 484 981 512 partes
998 482 1188 506 fovente—2³⁴.
1201 485 1291 507 castra
1311 485 1436 514 pra·toria

103 524 304 552 expugnantur.
319 533 344 538 —
360 526 395 543 aa,
413 519 543 546 Vitellius,
560 525 573 541 e
593 519 718 547 pudenda
737 518 844 542 latebra
863 519 1021 548 protractus
1033 519 1060 541 et
1075 519 1247 542 contumeliis
1261 518 1388 549 affectus,
1403 520 1436 544 ad

101 559 248 583 Gemonias
262 556 503 586 propellitur.-8e.
513 555 568 578 vita
580 553 678 577 Vitellii
690 559 845 584 moresque.
861 554 1030 578 Domitianus
1044 554 1130 578 caesar
1144 555 1341 579 consalutatur.

132 595 214 618 Gesta
228 594 324 616 eodem
333 596 413 614 anno.

144 680 170 708 Ι.
192 674 323 706 Meliore
341 673 407 703 sato
426 672 551 712 fideque
567 671 709 712 partium
727 671 954 702 Flavianarum
968 671 1067 703 duces
1085 673 1217 704 consilia
1233 672 1308 704 belli
1322 674 1437 705 tracta-

101 725 192 756 bant.
210 720 417 753 Pctovionem
436 719 468 750 in
488 719 622 750 hiberna
638 718 878 750 tertiaedecimae
896 719 1030 757 legionis
1048 722 1277 751 convenerant.
1296 720 1361 751 illic
1375 721 1437 761 agi-

102 773 211 802 tavere
230 769 434 809 placerelne
451 767 585 798 obstruet
601 767 607 783 ¹
632 768 825 798 Pannoniae
841 766 962 805 Alpes,
978 764 1082 797 donec
1102 774 1123 796 α
1148 768 1241 806 {erqo
1258 769 1345 799 vires
1362 771 1437 800 1ιηί-

100 826 210 850 versce
224 816 483 855 consumerent,
499 823 546 845 (ιη
564 816 616 844 ire
630 815 783 845 cominus
801 814 834 843 et
847 814 984 843 certare
993 821 1060 852 pro
1074 814 1185 844 Italia
1200 816 1412 847 constantius
1423 815 1435 833 ²

92 865 199 906 sorel.
215 863 330 903 quibus
344 861 483 902 opperiri
498 861 618 892 auxilia
631 862 663 892 et
676 861 805 891 trahere
819 859 939 890 bellum
955 859 1136 898 videbatur,
1152 862 1439 894 Germanicarum

100 917 275 955 leqc'onum
300 914 368 944 vim
398 911 602 951 famamque
619 910 837 949 extollebant,
854 922 868 935 «
884 911 916 940 et
939 909 1108 941 advenisse
1125 919 1201 941 mox
1217 919 1291 941 cum
1310 911 1438 943 Vitellio

101 976 117 991 a
134 960 306 993 Britannici
330 959 491 990 exercitus
506 959 621 989 robora
639 968 646 988 :
665 957 741 998 ipsis
759 965 818 987 nec
836 966 1009 988 numerum
1028 966 1137 997 parem
1156 959 1320 998 pulsarum
1334 967 1438 999 nuper

101 1022 117 1037 α
134 1009 292 1048 legionum
304 1019 312 1047 ;
325 1010 356 1037 et
367 1015 564 1046 quamquam
579 1005 730 1036 atrociter
745 1005 965 1044 loquerentur,
977 1004 1135 1036 minorem
1148 1014 1218 1037 esse
1231 1006 1316 1046 apud
1333 1007 1436 1038 victos

99 1070 116 1085 c<
133 1056 288 1087 animum.
305 1054 358 1085 sed
374 1054 504 1084 insessis
520 1053 647 1083 interim
663 1052 797 1091 Alpibus
812 1053 987 1082 venturum
1006 1060 1080 1081 cum
1095 1053 1196 1092 copiis
1213 1054 1355 1085 Orientis
1369 1058 1437 1085 Mu·

98 1116 116 1131 «
133 1103 272 1134 cianuin.
294 1110 462 1141 superesse
479 1100 673 1140 Vespasiano
697 1108 803 1137 mare,
826 1099 962 1137 classes,
980 1098 1087 1128 studia
1110 1099 1347 1138 provinciarum
1359 1124 1368 1139 ,
1382 1109 1438 1141 per

99 1163 115 1177 «
134 1159 215 1190 quas
229 1150 316 1179 velut
330 1148 461 1179 alterius
476 1148 550 1178 belli
566 1147 684 1177 molem
698 1146 807 1177 cieret.
824 1145 869 1176 ita
884 1144 1006 1175 salubri
1022 1153 1112 1175 mora
1125 1153 1226 1176 novas
1239 1146 1325 1178 vires
1338 1148 1439 1180 affore

98 1211 115 1226 κ
132 1201 165 1229 et
180 1197 393 1238 praesentibus
410 1195 487 1225 nihil
506 1194 699 1234 periturum.
719 1207 733 1220 u

140 1249 179 1276 Il.
204 1244 249 1275 Ad
271 1252 307 1274 ea
323 1242 483 1274 Antonius
504 1241 653 1272 Primus¹
676 1241 716 1281 (is
736 1239 916 1271 acerrimus
934 1238 1010 1270 belli
1028 1239 1218 1281 concitator)
1235 1240 1439 1280 festinatio-

96 1301 176 1324 nem
200 1294 280 1331 ipsis
303 1291 443 1330 utilem,
474 1289 615 1321 Vitellio
640 1290 823 1319 exitiosam
849 1287 1023 1318 disseruit:
1039 1299 1055 1314 «
1070 1288 1141 1327 plus
1164 1288 1321 1320 socordiae
1339 1298 1437 1329 quam

98 1353 116 1368 «
132 1339 259 1370 fiduciae
273 1338 445 1369 accessisse
462 1336 648 1369 victoribus.
665 1344 771 1375 neque
785 1334 872 1366 enim
887 1335 919 1365 in
934 1336 1104 1374 procinctu
1117 1337 1149 1366 et
1162 1335 1276 1366 castris
1289 1336 1413 1368 habitos
1428 1347 1436 1368 :

97 1398 114 1413 α
134 1395 190 1426 per
216 1386 326 1416 onmia
354 1385 454 1417 ltaliae
477 1383 656 1424 municipia
680 1383 829 1421 desides,
857 1384 988 1414 tantum
1015 1382 1197 1423 hospitibus
1222 1384 1412 1416 metuendos
1427 1408 1436 1424 ‚

98 1446 116 1461 ει
134 1435 255 1474 quanto
271 1432 408 1464 ferocius
423 1434 496 1464 ante
511 1441 544 1463 se
558 1431 681 1471 egerint
693 1430 720 1471 ²,
736 1432 830 1461 tanto
846 1430 996 1470 cupidius
1010 1429 1153 1461 insolitas
1167 1430 1348 1470 voluptates
1362 1431 1438 1462 hau.

98 1497 115 1513 «
128 1485 222 1516 sisse.
239 1485 324 1515 circo
339 1493 467 1523 quoque
481 1492 518 1514 ac
533 1482 668 1514 theatris
685 1483 716 1513 et
733 1481 921 1512 amoenitate
938 1480 1033 1512 Urbis
1050 1481 1228 1520 emollitos,
1246 1482 1302 1512 aut
1318 1482 1438 1514 valetu-

99 1545 116 1560 «
133 1532 265 1563 dinibus
280 1531 392 1562 fessos.
406 1530 460 1562 sed
475 1530 584 1561 addito
599 1529 705 1570 spatio
717 1529 895 1560 rediturum
909 1530 939 1559 et
954 1528 1002 1559 liis
1016 1528 1115 1559 robur
1129 1528 1336 1560 meditatione
1348 1528 1437 1562 belli.

98 1594 116 1610 a
134 1589 196 1612 nec
214 1579 328 1619 procul
343 1578 565 1616 Germaniam,
580 1577 667 1608 unde
681 1577 787 1614 vires3
804 1576 1002 1607 Britanniam
1020 1575 1101 1606 freto
1119 1576 1224 1606 dirimi
1238 1587 1246 1615 ;
1263 1577 1356 1616 juxta
1372 1577 1438 1609 Gal·

98 1640 115 1656 α
133 1627 191 1658 lias
207 1626 460 1666 Hispaniasque3
477 1625 642 1664 utrimque
660 1623 745 1654 viros
758 1647 766 1661 ,
784 1632 903 1663 equos,
921 1623 1059 1660 tributa;
1079 1623 1249 1662 ipsamque
1264 1623 1388 1654 ltaliam
1405 1626 1438 1656 et

97 1686 116 1702 «
131 1682 210 1714 opes
226 1673 339 1711 Urbis3
357 1682 394 1704 ac
411 1673 436 1703 si
450 1672 565 1702 inferre
579 1679 668 1702 arma
683 1671 768 1701 ultro
786 1670 902 1708 velint,
917 1670 1000 1700 duas
1014 1670 1129 1700 classes
1143 1679 1350 1710 vacuumque
1365 1671 1437 1712 Illy-

98 1734 115 1749 «
132 1720 191 1752 rici
209 1729 307 1752 mare.
323 1720 402 1760 quid
418 1721 487 1750 tum
506 1719 648 1749 claustra
662 1718 822 1748 montium
838 1717 1029 1757 profutura?
1043 1717 1120 1756 quid
1137 1719 1277 1748 tractum
1297 1718 1330 1749 in
1343 1718 1435 1750 aesta-

97 1780 116 1796 «
133 1769 198 1799 tem
222 1768 315 1798 aliam
335 1768 478 1798 belluni?
496 1766 581 1797 unde
604 1766 731 1796 iuterim
752 1765 923 1805 pecuniam
944 1766 975 1795 et
993 1767 1216 1796 commeatus?
1233 1765 1312 1805 quin
1328 1766 1437 1805 potius

97 1828 115 1845 (ι
133 1824 171 1847 eo
185 1815 253 1855 ipse
272 1817 452 1854 uterentur,
468 1814 554 1854 quod
577 1813 770 1844 Pannonicae
787 1812 926 1852 legiones
943 1811 1087 1851 deceptae
1105 1812 1205 1851 magis
1222 1821 1321 1852 quam
1343 1813 1438 1845 vietae

99 1875 116 1890 «
133 1871 297 1902 resurgere
311 1863 342 1893 in
364 1862 520 1893 ultionem
541 1861 713 1901 properent
729 1885 737 1900 ‚
753 1860 875 1891 Moesiei
889 1859 1050 1890 exercitus
1064 1859 1204 1899 integras
1219 1860 1303 1891 vires
1322 1861 1438 1892 attule-

99 1924 116 1939 «
134 1910 198 1941 rint
212 1910 234 1940 ³.
260 1910 287 1941 si
313 1918 468 1941 numerus
492 1908 630 1940 militum
655 1909 761 1948 potius
786 1917 882 1948 quam
904 1908 1067 1947 legionum
1081 1907 1090 1925 ⁴
1111 1910 1254 1948 putetur,
1274 1909 1345 1948 plus
1361 1909 1438 1941 hinc

99 1972 116 1986 m
134 1957 258 1989 roboris
271 1982 279 1996 ‚
295 1957 373 1988 nibil
386 1957 580 1996 libidinum3
595 1957 627 1987 et
640 1955 799 1996 profuisse
814 1955 992 1996 disciplinae
1007 1956 1113 1995 ipsum
1126 1955 1293 1995 pudorem.
1311 1957 1435 1996 equites

100 2018 116 2033 «ι
134 2014 212 2036 vero
235 2014 275 2036 ne
292 2007 363 2036 tum
386 2004 515 2045 quidem
538 2003 661 2043 victos,
681 2002 737 2034 sed
763 2012 961 2043 quamquam
988 2003 1082 2034 rebus
1105 2002 1249 2034 adversis
1266 2002 1436 2043 disjectam

101 2066 117 2080 «ι
135 2052 255 2083 Vitellii
274 2053 388 2083 aciem.
407 2052 480 2083 duae
498 2055 575 2082 tunc
596 2050 786 2082 Pannonicae
803 2059 840 2082 ac
859 2051 997 2082 Moesicae
1014 2051 1074 2081 alae
1091 2058 1263 2090 perrupere
1280 2049 1405 2081 bostem
1424 2059 1434 2081 t

101 2112 118 2126 «
135 2108 223 2130 nunc
239 2099 381 2131 sedecim
396 2100 521 2130 alarum
536 2098 709 2137 conjuncta
722 2099 812 2139 signa
834 2098 924 2138 pulsu
941 2098 1114 2138 sonituque
1128 2100 1157 2128 et
1175 2097 1260 2128 nube
1276 2098 1344 2138 ipsa
1361 2106 1433 2137 ope-

99 2160 115 2171 «
133 2146 217 2178 rient
237 2155 273 2177 ac
288 2147 522 2187 superfundent
539 2146 660 2177 oblitos
673 2146 862 2187 proeliorum
879 2145 1004 2186 equites
1017 2154 1190 2186 equosque.
1210 2144 1271 2175 nisi
1287 2146 1361 2184 quis
1383 2153 1433 2177 re—

101 2205 119 2222 «
134 2194 227 2234 tinet,
242 2195 326 2226 idem
341 2203 452 2226 suasor
467 2196 643 2234 auctorque
656 2194 779 2225 consilii
794 2203 849 2225 ero
861 2193 884 2223 ⁵.
901 2202 971 2232 vos,
987 2193 1106 2233 quibus
1121 2192 1249 2223 fortuna
1262 2191 1294 2222 in
1309 2191 1432 2233 integro

99 2254 118 2270 «
137 2245 186 2275 est
200 2243 226 2282 ⁶,
243 2243 386 2282 legiones
401 2242 566 2274 continete
584 2251 592 2273 z
610 2241 691 2273 mihi
713 2241 874 2282 expeditae
894 2240 1041 2272 cobortes
1062 2239 1234 2271 sufficient.
1255 2239 1322 2278 jam
1346 2248 1432 2272 rese·

131 2306 153 2331 1.
166 2311 186 2329 ι.
198 2305 285 2329 Etiam
298 2305 429 2328 exercitui
448 2304 673 2333 impenetrabiles
691 2303 787 2328 reddi:
799 2303 856 2332 jam
870 2302 941 2327 enim
955 2302 1035 2326 erant
1046 2301 1192 2331 praesidz'is
1210 2301 1329 2330 insessoe,
1347 2301 1378 2331 ll,
1393 2307 1429 2328 as.

90 2347 155 2366 ⁷-2.
172 2340 338 2369 Peragendae
352 2342 391 2364 rei
403 2341 620 2365 convenientius.

133 2377 168 2401 ll.
181 2383 203 2401 ι.
220 2377 318 2405 nequo
334 2376 372 2404 ll,
387 2381 477 2400 ae.—2.
491 2377 699 2400 Gesserint.-5.
712 2377 752 2400 De
765 2375 807 2399 bis
819 2375 852 2405 11,
861 2376 897 2403 32,
908 2379 946 2403 42,
959 2379 996 2403 ⁴⁴,
1011 2374 1118 2398 etc—⁴.
1132 2372 1204 2402 Quas
1214 2371 1304 2403 plures
1316 2377 1430 2397 numero

102 2413 223 2437 habebat
235 2412 365 2440 Vitellius,
380 2412 428 2436 sed
441 2418 495 2436 non
506 2412 611 2442 plenas.
630 2425 658 2429 -
672 2418 698 2437 a.
718 2412 795 2436 ldem
812 2411 859 2442 qui
871 2410 944 2435 suasi
954 2410 1097 2442 aggrediar
1107 2409 1211 2435 tacere.
1223 2421 1251 2426 -—
1262 2412 1287 2433 6.
1307 2407 1432 2433 Nondum

98 2449 244 2474 adversam
258 2448 393 2473 fortunam
406 2449 518 2479 experti,
529 2449 560 2473 ut
574 2454 623 2479 ego
635 2455 641 2473 :
653 2454 678 2474 v.
693 2448 725 2478 ll,
740 2452 776 2472 86.
