1539 2668
159 199 199 229 76
547 203 680 232 TACITI
703 203 910 233 ANNALIUM
933 205 1006 233 LIB.
1029 205 1088 235 m.

200 276 306 305 XXIX.
331 277 391 306 Per
403 274 489 306 idem
503 276 630 316 tempus
647 281 804 308 Neronem
816 302 824 316 ,
847 286 865 309 e
883 277 992 310 liberis
1007 278 1204 319 Germanici,
1218 279 1285 319 jam
1297 278 1478 320 ingressum

158 323 324 361 juventam
339 324 579 354 commendavit
600 324 747 355 Patribus
757 348 765 363 ‚
784 327 883 364 utque
898 334 1040 357 munere
1055 326 1250 366 capessendi
1267 327 1480 366 m’yinttvz'ra·

161 367 216 397 tus
235 367 241 385 ¹
262 368 456 401 solveretur
469 372 501 402 et
515 372 747 411 quinquennio
764 373 933 403 maturius
947 381 1051 413 quam
1068 382 1133 414 per
1148 374 1235 413 leyes
1251 374 1479 414 quaesituram

157 415 308 455 peteret,
330 425 392 447 non
410 417 478 448 sine
495 417 586 448 irrisu
611 418 809 449 audientium
835 419 1021 458 postulavit.
1042 420 1262 461 praetendebat
1286 420 1349 451 sibi
1375 421 1480 460 atque

159 458 268 512 fratri
283 463 423 496 decreta
439 464 558 496 eadem
569 467 704 506 petente
726 468 887 505 Auqusto.
908 466 961 509 sed
987 476 1090 507 neque
1107 469 1177 499 tum
1195 467 1205 484 2
1226 467 1327 499 fuisse
1349 466 1478 497 dubita-

158 513 279 548 verim,
297 511 351 551 qui
379 512 536 551 ejusmodi
566 521 675 552 preces
691 513 808 543 occulti
837 513 1008 545 illuderent
1027 525 1033 545 ι
1054 523 1091 545 ac
1113 517 1220 546 tamen
1245 514 1337 545 initia
1361 513 1480 552 fastigii

156 556 337 608 Caesaribus
356 562 447 591 erant
460 584 468 598 ,
490 560 655 599 magisque
671 560 703 590 iu
721 560 821 591 oculis
835 563 929 592 vetus
954 570 1022 592 mos
1038 564 1070 592 et
1092 562 1247 602 privignis
1266 570 1340 593 cum
1363 559 1479 591 vitrico

156 599 258 634 lev1or
275 607 481 638 necessitudo
499 617 596 647 quam
613 616 673 639 avo
689 607 863 639 adversum
880 611 1040 648 nepotem.
1059 609 1189 641 additur
1205 609 1411 649 pontificatus
1427 608 1479 646 et,

156 656 221 687 quo
237 652 377 692 primum
395 655 446 685 die
459 655 564 685 forum
582 655 743 694 ingressus
758 656 841 695 esst,
858 657 1055 695 congiarium
1074 656 1176 697 plebi,
1192 656 1368 687 admodum
1383 655 1479 694 laetae,

156 699 245 749 qf¹0d
264 702 446 733 Germanici
476 702 609 743 stirpem
635 703 702 742 jam
729 703 881 743 puberem
912 703 1096 743 aspiciebat.
1122 705 1253 734 auctum
1271 703 1388 734 dehinc
1404 709 1480 740 gau-

156 743 248 797 }hum
266 749 389 788 nuptiis
414 750 548 781 Neronis
569 752 601 781 et
619 750 711 782 Juliae
732 751 827 781 Drusi
845 751 928 782 filiae.
954 754 1060 791 thue
1083 751 1152 781 haec
1169 750 1312 781 seeundo
1328 755 1478 785 rumore,

155 795 201 824 lta
217 794 358 827 adversis
380 798 496 829 animis
519 800 687 838 acceptum
698 822 707 838 ‚
729 798 816 838 quod
831 799 896 829 tilio
910 798 1033 830 Claudii
1053 807 1142 829 socer
1155 797 1285 836 Sejanus
1301 796 1478 828 destinare-

155 839 221 872 tur.
245 843 396 882 polluisse
423 845 623 877 nobilitatem
649 845 779 876 familiae
794 845 964 878 videbatur
981 846 990 863 ⁴
1012 846 1262 886 suspectumque
1276 844 1342 884 iam
1367 841 1479 874 nimiae

157 889 224 928 spei
242 890 251 907 ⁵
271 891 419 931 sejanum
434 893 518 923 ultra
536 892 701 924 extulisse.

198 941 288 968 XXX.
315 940 391 970 Fine
409 940 482 970 anni
502 949 686 971 concessere
701 940 770 971 vita
786 940 924 979 insignes
940 939 1020 979 viri,
1037 943 1071 971 L.
1090 939 1243 971 Volusius
1259 940 1291 970 et
1309 935 1479 969 Sallustius

155 984 300 1024 Crispus.
322 987 456 1017 Volusio
472 989 565 1017 vetus
582 987 701 1018 familia
718 996 821 1028 neque
838 990 946 1018 tamen
963 987 1136 1027 praeturam
1153 995 1276 1026 egressa
1292 996 1299 1016 τ
1316 986 1384 1025 ipse
1400 989 1478 1014 con-

160 1034 300 1064 sulatum
331 1034 460 1074 intulit,
489 1035 631 1066 censoria
659 1035 757 1065 etiam
788 1037 945 1074 potestate
970 1034 1112 1073 legendis
1143 1034 1292 1073 Equitum
1312 1031 1452 1063 decuriis
1466 1029 1475 1046 ¹

158 1082 310 1120 functus,
325 1090 490 1121 opumque
502 1107 511 1121 ,
535 1084 608 1122 quis
626 1082 743 1113 domus
762 1082 813 1112 illa
830 1082 1025 1112 immensum
1043 1081 1168 1120 viguit,
1192 1081 1314 1121 primus
1329 1086 1478 1110 accumu-

158 1131 248 1161 lator.
273 1128 422 1168 Crispum
438 1130 577 1169 equestri
608 1130 717 1161 ortum
741 1130 810 1160 loco
838 1132 873 1160 C.
903 1128 1093 1167 Sallustius,
1124 1136 1231 1158 rerum
1260 1132 1480 1158 Romanarum

155 1175 399 1208 florentissimus
432 1178 556 1216 auctor,
592 1176 708 1207 sororis
732 1178 881 1215 nepotem
910 1175 940 1205 in
973 1184 1090 1206 nomen
1119 1174 1246 1205 ascivit.
1277 1176 1375 1213 atque
1408 1172 1477 1207 ille,

156 1232 353 1266 quamquam
371 1225 521 1263 prompto
538 1223 578 1254 ad
603 1223 814 1263 capessendos
837 1223 972 1253 honores
990 1222 1078 1253 aditu
1092 1246 1101 1261 ‚
1118 1222 1325 1252 Maecenatem
1350 1219 1480 1251 aemula-

153 1273 207 1303 tus
219 1296 228 1311 ‚
251 1272 320 1302 sine
336 1270 492 1311 dignitate
506 1271 665 1302 senatoria
678 1271 797 1301 multos
811 1269 1056 1309 triumphalium
1074 1269 1356 1308 consulariumque
1372 1268 1480 1307 poten-

153 1320 200 1352 tia
216 1318 348 1357 anteiit,
367 1318 514 1349 diversus
524 1327 542 1349 a
554 1320 699 1349 veterum
714 1317 862 1348 instituto
876 1326 932 1357 per
940 1317 1064 1347 cultum
1078 1320 1109 1348 et
1121 1316 1310 1354 munditias,
1323 1315 1480 1356 copiaque

155 1368 189 1399 et
203 1365 367 1398 affluentia
381 1365 460 1395 luxu
480 1363 492 1382 2
512 1365 640 1405 propior
656 1375 664 1396 :
682 1365 812 1396 suberat
826 1367 934 1396 tamen
948 1363 1040 1402 vigor
1062 1363 1162 1394 animi
1186 1362 1369 1402 ingentibus
1385 1370 1480 1400 nego·

155 1413 210 1445 tiis
233 1421 302 1453 par,
320 1421 358 1443 eo
376 1412 480 1443 acrior
503 1421 568 1452 quo
585 1421 737 1443 somnum
762 1413 794 1442 et
814 1411 962 1442 inertiam
981 1411 1083 1450 magis
1100 1410 1292 1441 ostentabat.
1318 1410 1416 1449 igitur
1432 1409 1480 1439 in-

156 1460 274 1492 columi
302 1462 478 1491 Maecenate
506 1459 691 1499 proximus,
724 1468 797 1489 mox
825 1459 1008 1499 praecipuus
1030 1458 1082 1489 cui
1100 1458 1223 1489 secreta
1244 1458 1479 1497 Imperatorum

155 1508 382 1546 inniterentur,
406 1509 437 1538 et
454 1506 663 1537 interficiendi
691 1506 834 1537 Postumi
856 1506 1003 1546 Agrippae
1026 1505 1188 1544 conscius,
1210 1505 1304 1535 aetate
1330 1503 1480 1544 provecta

154 1555 294 1596 speeiem
311 1554 412 1593 magis
430 1555 461 1584 in
480 1554 622 1585 amicitia
638 1553 796 1594 Principis
810 1562 906 1593 quam
924 1554 992 1585 vim
1009 1553 1125 1585 tenuit.
1149 1552 1244 1592 idque
1261 1553 1293 1583 et
1312 1551 1481 1582 Maecenati

156 1603 336 1641 acciderat,
368 1602 433 1633 sato
454 1601 627 1641 potentiae,
654 1610 726 1632 raro
751 1601 974 1641 sempiternae,
1002 1610 1041 1632 an
1057 1600 1068 1619 ³
1088 1600 1184 1631 satias
1199 1600 1285 1639 capit
1306 1600 1363 1630 aut
1391 1598 1477 1637 illos,

155 1659 255 1690 quum
284 1649 392 1680 omnia
413 1649 615 1688 tribuerunt,
634 1649 690 1679 aut
713 1648 793 1688 hos,
819 1657 920 1688 quum
945 1649 1012 1688 J'am
1032 1647 1114 1679 nibil
1139 1647 1301 1687 reliquum
1322 1647 1370 1677 est
1392 1644 1481 1685 quod

153 1697 298 1737 cupiant.

196 1747 302 1775 XXXI.
338 1744 488 1783 Sequitur
513 1743 632 1774 Tiberii
659 1744 809 1783 quartus,
834 1742 930 1773 Drusi
951 1742 1111 1773 secundus
1134 1740 1363 1779 consulatus1,
1380 1739 1480 1780 patris

155 1793 252 1831 atque
265 1791 321 1822 filii
338 1791 470 1830 collegio
486 1790 618 1830 insignis
633 1800 640 1820 ε
656 1799 731 1821 nam
746 1790 874 1821 biennio
889 1791 963 1821 ante
978 1789 1155 1821 Germanici
1166 1795 1240 1819 cum
1254 1787 1383 1818 Tiberio
1394 1787 1480 1818 idem

154 1839 258 1869 honor
277 1847 382 1878 neque
406 1839 521 1879 patruo
538 1837 632 1869 laetus
649 1846 752 1876 neque
770 1839 882 1867 natura
905 1838 972 1866 tam
993 1845 1158 1867 connexus
1181 1835 1295 1866 fuerat.
1316 1833 1386 1873 Ejus
1403 1834 1479 1865 anni

155 1886 312 1927 principio
330 1885 477 1917 Tiberius
502 1885 593 1925 quasi
611 1884 776 1915 firmandae
801 1883 979 1914 valetudini
1005 1884 1035 1914 in
1060 1882 1269 1922 Campaniam
1296 1881 1478 1920 concessit,

154 1935 283 1974 longam
298 1934 331 1965 et
346 1933 533 1964 continuam
547 1932 725 1963 absentiam
736 1930 747 1948 2
762 1930 927 1971 paullatim
942 1930 1115 1970 meditans,
1131 1931 1198 1961 sive
1214 1933 1251 1961 ut
1266 1929 1374 1960 amoto
1388 1929 1480 1968 patre

154 1986 278 2013 Drusus
298 1981 408 2012 munia
428 1980 618 2011 consulatus
632 1980 718 2010 solus
734 1978 893 2018 impleret.
915 1986 951 2008 ae
972 1977 1054 2008 sorte
1071 1986 1171 2017 parva
1190 1986 1239 2007 res
1261 1983 1413 2014 magnum
1437 1973 1480 2005 ad

153 2030 318 2060 certamen
344 2036 512 2068 progressa
529 2027 666 2067 praebuit
678 2026 789 2065 juveni
809 2024 977 2056 materiem
992 2024 1155 2064 apiscendi
1171 2023 1301 2054 favoris.
1322 2021 1481 2052 Domitius
1531 2058 1535 2064 ,

155 2074 295 2106 Corbulo
336 2077 477 2114 praetura
502 2075 649 2113 functus,
667 2073 706 2104 de
732 2076 765 2104 L.
784 2071 888 2110 Sulla,
913 2070 1014 2101 nobili
1031 2071 1150 2109 „iuvene
1185 2070 1315 2109 questus
1328 2071 1376 2100 est
1391 2067 1479 2109 apud

185 2155 281 2179 XXIX.
295 2160 314 2178 ι.
328 2155 378 2183 Qui
392 2155 441 2178 sub
452 2155 662 2184 imperatoribus
673 2154 775 2184 primus
786 2153 886 2181 gradus
899 2153 1048 2181 honorum3
1059 2153 1136 2176 erant
1150 2152 1239 2175 autem
1251 2152 1289 2175 illi
1303 2150 1478 2181 viqintiviri:

155 2191 308 2217 triunzviri
319 2191 467 2219 capitales,
483 2190 633 2213 triumviri
647 2189 809 2217 monetales,
824 2188 1022 2217 quattuor-viri
1036 2188 1134 2215 vitiles,
1149 2187 1301 2211 decemviri
1321 2186 1420 2210 litibus
1429 2186 1479 2217 Ju—
1528 2202 1531 2208 .

157 2226 300 2252 dicandis.
312 2225 358 2249 His
371 2231 402 2248 cx
416 2225 570 2248 muneribus
583 2231 665 2248 unum
677 2225 791 2254 gessisse
805 2222 922 2247 debebat
934 2224 955 2247 is
967 2224 1012 2252 qut
1026 2225 1188 2251 quaesturam
1206 2223 1375 2251 peteret—2.
1389 2222 1478 2251 Quum

160 2262 298 2291 Augustus
325 2266 357 2284 ea
383 2261 498 2289 peteret.
512 2272 540 2276 —
554 2265 575 2283 5.
596 2261 735 2284 Τὲνοοῑηιί·
755 2259 808 2283 die.
822 2271 851 2276 —
869 2263 892 2282 4.
909 2259 951 2282 Sc.
969 2258 1101 2282 Tiberius.
1122 2270 1151 2274 —
1164 2263 1185 2281 5.
1200 2258 1276 2287 Quod
1311 2257 1391 2281 nimis
1421 2256 1480 2281 alta

155 2297 289 2325 speraret.

189 2331 270 2356 XXX.
290 2336 309 2354 ι,
321 2331 430 2360 Equites
447 2330 525 2353 divisi
537 2331 614 2354 erant
625 2331 652 2354 in
667 2331 779 2354 turmas
793 2329 902 2358 triginta
918 2328 1056 2352 hominum
1071 2327 1114 2351 vel
1125 2328 1207 2351 trium
1225 2327 1405 2351 decuriarum.
1417 2327 1477 2351 Non

157 2367 223 2390 satis
234 2367 320 2395 liquet
333 2367 424 2389 tamen
436 2385 442 2394 ,
457 2365 565 2389 Volusio
580 2366 734 2389 mandatum
749 2370 845 2388 munus
859 2364 939 2387 fuerit
958 2364 1079 2387 ordinem
1103 2365 1256 2392 equestrem
1271 2361 1421 2392 supplendi,
1441 2367 1479 2386 an

152 2402 287 2433 judicum
299 2402 423 2425 decurias
437 2401 544 2430 legendi
557 2406 563 2423 z
574 2406 635 2424 uam
650 2401 757 2429 Equites
767 2399 934 2428 judicabant.
945 2404 1004 2421 -z
1022 2399 1142 2427 nativus,
1164 2404 1211 2427 pro
1236 2397 1331 2421 luxui.
1344 2402 1404 2420 —³.
1419 2397 1478 2421 Hae

159 2436 294 2466 particula
308 2437 420 2460 alteram
433 2442 491 2466 quae
502 2436 616 2465 cogitari
630 2437 719 2465 potest
732 2436 864 2459 rationem
881 2440 951 2463 saepe
963 2434 1065 2457 iudicat
1076 2434 1195 2458 Tacitus,

191 2472 288 2497 xxxt.
304 2477 324 2497 ι.
341 2472 434 2497 Annus
451 2472 480 2497 U.
496 2476 549 2502 77⁴,
563 2477 591 2502 p.
606 2471 664 2496 Chr.
676 2475 779 2497 sih—2.
792 2471 846 2500 Qua
863 2470 1045 2500 quinquennio
1059 2469 1119 2499 post
1131 2468 1253 2493 Tiberius
1263 2469 1346 2494 Roma
1354 2466 1474 2493 secessit.
