1539 2668
126 138 187 167 218
504 136 640 168 TACIT1
660 138 868 171 ANNALIUM
888 141 963 170 LIB.
988 143 1068 173 XIV.

124 205 351 247 pavescerent,
376 206 519 238 inferunt
543 207 634 247 signa
658 208 874 249 sternuntque
901 209 1015 241 obvios
1034 212 1066 242 et
1091 209 1155 250 igni
1178 218 1239 242 suo
1263 210 1446 243 involvunt.

123 253 312 296 praesidium
329 253 465 294 posthac
480 254 670 294 impositum
689 254 784 287 victis
794 257 958 297 excisique
971 257 1034 289 luci
1053 257 1148 288 saevis
1163 257 1448 297 superstitionibus
1464 277 1467 285 «

122 301 205 334 sacri
223 310 231 331 :
247 310 323 332 nam
351 310 463 334 cruore
479 302 608 342 captivo
622 301 748 334 adolere
761 312 834 334 aras
846 305 878 336 et
895 305 1064 336 hominum
1080 304 1169 336 tibris
1188 304 1354 336 consulere
1371 304 1460 337 deos.

122 351 171 382 sas
196 349 367 381 habebant.
393 353 469 381 Haec
489 350 597 390 agenti
619 350 771 383 Suetonio
795 354 978 392 repentina
1007 351 1147 392 desectio
1162 353 1350 393 provinciae
1367 360 1467 384 nuno¹

138 397 231 428 iatur.

121 400 135 429 t
162 447 269 476 XXXI.
293 447 360 474 Rex
390 446 560 474 Icenorum
588 445 802 486 prasu1agus,
827 446 922 485 longa
947 447 1113 486 opulentia
1137 447 1259 486 clarus,
1289 450 1448 478 Caesarem

119 491 281 523 haeredem
300 490 444 529 duasque
461 490 541 522 filias
558 492 750 533 scripserat,
763 494 820 526 tali
836 494 994 535 obsequio
1014 498 1103 526 ratus
1126 502 1326 534 regnumque
1342 494 1375 526 et
1393 493 1449 525 do·

118 548 209 570 mum
226 547 318 569 suam
339 538 449 577 procul
472 538 587 577 injuria
610 540 690 572 sore.
715 541 803 581 quod
818 546 929 573 contra
947 543 1058 580 vertit,
1084 542 1164 572 adeo
1182 543 1218 572 ut
1242 550 1376 580 regnum
1390 549 1460 581 per*

117 595 226 617 servos
241 585 330 616 velut
344 586 437 625 capta
458 588 675 619 vastarentur.
698 589 765 629 jam
783 590 925 629 primum
945 600 1026 621 uxor
1047 591 1115 628 ejus
1128 588 1287 620 Boudicea
1303 587 1446 619 verberi-

116 635 179 666 bus
198 633 313 664 assecta
324 634 356 663 et
372 633 447 664 filiae
463 636 576 673 stupro
586 635 714 668 violatae
731 640 817 668 sunt.
844 638 999 678 praecipui
1015 637 1136 676 quique
1155 641 1339 675 Icenorum,
1353 635 1446 675 quasi

116 683 266 713 cunctam
291 680 453 719 regionem
471 682 596 713 muneri
616 684 829 724 accepissent,
855 685 950 716 avitis
971 684 1065 715 bouis
1087 687 1253 715 exuuntur
1268 683 1301 714 et
1313 682 1447 723 propin-

116 730 171 768 qui
188 728 271 767 regis
289 728 374 759 iuter
393 728 553 768 mancipia
571 730 781 762 habebantur.
798 734 869 769 Qua
886 732 1080 763 contumelia
1093 734 1124 762 et
1140 733 1227 762 metu
1245 729 1445 770 graviorum,

115 776 244 815 quando
262 775 295 806 in
317 776 452 806 sormam
469 777 645 815 provinciae.
667 781 846 819 cesserant,
863 779 993 819 rapiunt
1017 788 1105 809 arma
1118 803 1127 818 7
1151 776 1324 808 commotis
1338 775 1380 807 ad
1400 784 1447 807 re-
1464 806 1470 824 μ,

114 823 322 855 bellationem
336 822 593 856 Trinobantibus
615 827 648 857 et
668 826 722 866 qui
747 826 801 857 alii
828 827 971 857 nondum
999 826 1134 856 servitio
1161 824 1255 856 fracti
1283 829 1447 855 resumere

115 871 298 902 libertatem
312 869 449 900 occultis
462 872 738 909 conjurationibus
750 874 949 913 pepigerant,
961 874 1115 904 acerrimo
1130 873 1161 903 in
1175 875 1344 903 veteranos
1358 868 1444 902 odio.

115 927 235 958 quippe
252 918 284 948 iu
301 917 461 948 coloniam
479 919 739 951 Camulodunum
757 930 868 952 recens
886 921 1018 952 deducti
1037 921 1198 960 pellebant
1213 918 1379 955 domibus,
1392 924 1446 947 ex-

114 965 290 996 turbabant
307 964 390 1003 agris
403 989 411 1003 ,
434 967 599 1005 captivos,
617 975 732 999 servos
751 969 942 1009 appellando
954 993 962 1008 ,
987 968 1170 998 foventibus
1192 964 1417 1006 impotentiam
1432 960 1441 979 ¹

113 1015 342 1044 veteranorum
361 1012 521 1042 militibus
539 1012 753 1046 similitudine
769 1016 844 1047 vitae
861 1018 894 1047 et
913 1025 968 1056 spe
985 1015 1130 1053 ejusdem
1150 1014 1298 1045 licentiae.
1313 1011 1355 1043 ad
1375 1011 1446 1042 haec

112 1059 270 1099 templum
289 1059 365 1089 divo
380 1059 513 1090 Claudio
530 1062 742 1093 constitutum
760 1063 853 1102 quasi
871 1072 925 1094 ara
940 1062 950 1080 2
970 1066 1099 1093 {eternae
1115 1058 1344 1092 dominationis
1359 1055 1442 1097 aspi-

115 1107 280 1145 ciebatur;
299 1106 481 1146 delectique
494 1108 698 1140 sacerdotes3
716 1111 819 1149 specie
836 1111 998 1150 religionis
1015 1118 1127 1140 omnes
1145 1108 1289 1138 fortunas
1300 1104 1445 1137 effunde·

119 1155 210 1186 bant.
227 1162 288 1184 nec
301 1153 439 1184 arduum
457 1154 627 1186 videbatur
644 1156 830 1188 exscindere
851 1157 1010 1188 coloniam
1039 1157 1131 1187 nullis
1161 1152 1374 1186 munimentis
1395 1159 1446 1183 se-

114 1204 204 1243 ptam
220 1210 228 1231 :
248 1200 334 1239 quod
352 1200 490 1231 ducibus
506 1202 625 1233 nostris
646 1212 760 1243 parum
782 1205 951 1244 provisum
969 1206 1049 1243 erat,
1064 1204 1142 1234 dum
1160 1200 1343 1234 amoenimti
1355 1199 1446 1240 prius

113 1258 210 1289 quam
233 1247 304 1279 usui
322 1248 513 1279 consulitur.

156 1299 277 1327 XXXII.
295 1298 379 1326 luter
391 1304 462 1334 quae
477 1296 565 1327 nulla
576 1298 681 1337 palam
700 1307 795 1329 causa
815 1298 982 1338 delapsum
1000 1296 1213 1329 Camuloduni
1232 1294 1445 1327 simulacrum

114 1343 267 1374 Victoriae
285 1350 322 1372 ac
339 1345 423 1372 reiro
437 1351 650 1384 conversum,
667 1346 760 1385 quasi
772 1346 904 1377 cederet
921 1345 1077 1376 hostibus.
1094 1348 1125 1375 et
1143 1343 1271 1374 feminae
1287 1342 1320 1373 in
1337 1342 1445 1372 furore

112 1390 252 1421 turbatae
270 1389 276 1405 ¹
296 1388 413 1419 adesse
434 1392 583 1422 exitium,
600 1393 768 1424 canebant.
787 1396 1000 1432 externosque
1018 1393 1165 1423 fremitus
1182 1390 1214 1421 in
1232 1388 1320 1421 curia
1333 1395 1445 1419 eorum

114 1438 244 1470 auditos
258 1461 266 1475 ‚
288 1437 498 1468 consonuisse
516 1439 691 1471 ululatibus
706 1442 868 1472 theatrum
894 1441 1061 1480 visamque
1077 1438 1217 1479 speciem
1244 1437 1277 1467 in
1292 1435 1444 1467 aestuario

115 1491 259 1517 Tamesae
284 1483 452 1514 subversae
481 1486 726 1531 coloniaemjam
755 1492 919 1519 Oceanum
949 1490 1084 1518 cruento
1103 1487 1258 1525 aspectu,
1281 1481 1445 1533 dilabente

115 1534 197 1563 {estu
224 1531 439 1561 humanorum
468 1540 639 1572 corporum
661 1535 782 1574 efligies
811 1535 958 1573 relictas,
980 1537 1016 1565 ut
1040 1533 1182 1565 Britanni
1205 1530 1243 1562 ad
1271 1538 1379 1570 spem,
1398 1527 1445 1558 lta

114 1577 256 1610 veterani
272 1577 310 1607 ad
327 1580 449 1608 metum
466 1580 645 1611 trabebant.
664 1582 722 1612 Sed
740 1582 816 1621 quia
835 1583 947 1621 procul
964 1581 1134 1611 Suetonius
1148 1578 1282 1616 aberat,
1302 1575 1445 1616 petivere

114 1639 130 1658 a
149 1629 227 1658 Cato
246 1625 385 1655 Deciano
400 1628 606 1665 procuratore
627 1629 795 1661 auxilium.
822 1629 875 1660 ille
902 1630 986 1660 haud
1004 1629 1142 1668 amplius
1164 1634 1263 1667 quam
1289 1622 1446 1673 ducentos

114 1675 182 1704 >fine
197 1673 294 1711 justis
310 1672 407 1702 armis
433 1673 540 1712 misit3
568 1676 601 1705 et
623 1675 725 1706 inerat
748 1677 873 1707 modica
898 1677 1038 1707 rnilitum
1063 1684 1188 1706 manus.
1208 1671 1310 1703 tutela
1328 1667 1446 1708 templi

115 1720 187 1752 {reti
206 1722 237 1750 et
255 1719 506 1758 impedientibus
529 1722 582 1760 qui
608 1723 727 1754 occulti
744 1724 925 1755 rebellionis
946 1724 1065 1754 conscii
1090 1721 1222 1753 consilia
1246 1715 1445 1768 turbabant,

115 1776 219 1807 neque
243 1767 360 1797 fossam
378 1769 434 1798 aut
454 1768 571 1799 vallum
590 1770 840 1811 praduxerunt,
866 1780 969 1811 neque
992 1772 1090 1802 motis
1107 1768 1237 1799 senibus
1258 1767 1291 1797 et
1318 1764 1445 1795 femuus

111 1816 270 1854 juventus
285 1814 352 1844 sola
376 1815 516 1846 restitit:
536 1817 626 1855 quasi
653 1819 756 1849 media
781 1828 859 1858 pace
877 1820 995 1850 incauti
1016 1816 1219 1849 multitudiue
1234 1812 1445 1844 harbarorum

115 1861 429 1891 circuinveniuntur.
449 1864 481 1893 et
497 1864 601 1894 cetera
618 1864 748 1903 quidem
763 1866 884 1906 impetu
902 1866 1027 1906 direpta
1038 1869 1094 1896 aut
1111 1865 1239 1895 incensa
1254 1860 1349 1891 sunt:
1364 1858 1444 1888 tem-

117 1908 224 1947 plum,
243 1907 276 1937 in
299 1917 362 1947 quo
385 1917 418 1939 se
441 1909 533 1940 miles
555 1912 820 1953 conglobaverat,
839 1914 937 1945 biduo
954 1913 1118 1944 obsessum
1145 1908 1441 1950 expugnatumque.

117 1959 152 1986 iit
172 1955 276 1986 victor
294 1957 462 1987 Britannus
480 1958 592 1989 Petilio
606 1960 737 1999 Ceriali,
753 1961 855 2000 legato
868 1961 1002 1999 legionis
1019 1969 1112 1991 nonae
1123 1984 1130 1997 ‚
1149 1959 1180 1988 in
1196 1954 1376 1988 subsidium
1393 1951 1446 1983 ad·

117 2013 129 2029 x
140 2002 262 2032 entanli
280 2001 395 2033 obvius
415 2003 497 2034 fudit
514 2005 668 2044 legionem
679 2030 687 2045 ‚
706 2009 738 2038 et
751 2008 837 2046 quod
854 2006 1182 2048 pedituni‚interfeeit
1199 2014 1206 2034 :
1227 2000 1357 2035 Cerialis
1369 2006 1444 2052 cum

116 2050 280 2087 equitibus
300 2050 403 2080 evasit
420 2050 451 2080 in
468 2054 572 2082 castra
589 2056 620 2084 et
637 2054 847 2086 munimentis
860 2055 1009 2086 defensus
1035 2056 1094 2085 est.
1121 2061 1184 2092 qua
1200 2049 1290 2082 clade
1307 2050 1339 2079 et
1358 2046 1444 2078 odiis

118 2096 314 2135 provinciae,
333 2105 430 2136 quam
443 2099 581 2131 avaritia
594 2101 625 2131 in
646 2100 766 2133 bellum
783 2103 910 2143 egerat,
927 2101 1072 2142 trepidus
1090 2099 1278 2140 procurator
1294 2097 1390 2127 catus
1411 2093 1444 2124 in

118 2143 249 2174 Galliam
268 2144 404 2175 transiit.

159 2193 296 2220 XXXIII.
322 2193 361 2221 At
383 2192 552 2223 suetonius
570 2194 648 2224 inira
666 2196 845 2227 constantia
872 2196 995 2230 medios
1022 2196 1106 2226 inter
1120 2195 1226 2225 hostes
1252 2189 1443 2223 Londinium

116 2237 270 2277 perrexit,
281 2241 493 2277 cognomento
508 2240 637 2280 quidem
652 2242 786 2274 coloniae
799 2252 864 2274 non
881 2243 1014 2282 insigne,
1028 2243 1080 2274 scd
1100 2243 1191 2282 copia
1206 2239 1443 2280 negotiatorum

147 2326 243 2351 XXXI.
256 2332 276 2350 ι.
294 2329 444 2352 Potentiam
456 2332 526 2355 modi
542 2333 708 2359 nesciam.ut
723 2335 742 2363 Ι,
754 2340 844 2359 4.-2,
862 2336 1001 2365 Tanquam
1015 2335 1180 2364 asylum.Sic
1193 2336 1288 2360 Cicero
1304 2340 1310 2358 z
1326 2334 1387 2358 Ara
1397 2337 1441 2357 so·
1479 2330 1483 2335 '

116 2363 230 2388 ciorum
247 2364 286 2386 est
298 2364 344 2387 lete
354 2365 387 2387 de
398 2368 626 2394 repetundis.-:,.
639 2369 760 2393 Britanni
774 2371 892 2394 natione.

149 2398 258 2423 XXXII.
273 2405 294 2423 ι.
309 2399 428 2424 Turbata
443 2404 543 2431 mente,
556 2403 619 2426 dum
633 2404 659 2427 in
674 2406 797 2429 vaticinii
809 2405 900 2430 surore
912 2407 1100 2431 versabantur.

646 2503 656 2516 ,Ι

1537 1552 1539 1571 ι

1537 1605 1539 1638 l

1538 1639 1539 1666 l

1538 1675 1539 1700 l
