1539 2668
473 179 510 209 A.
534 179 573 208 U.
598 178 632 208 C.
657 178 729 208 769.
754 180 791 210 A.
815 180 850 209 C.
877 179 924 210 16.
1326 180 1366 211 45

32 253 106 287 erat
127 253 247 294 quippe
262 252 368 285 adbuc
390 252 542 294 frequens
558 252 763 285 senatoribus
775 278 783 294 ‚
801 254 826 285 si
847 253 924 294 quid
938 262 956 285 e
971 254 1135 295 republica
1151 255 1161 273 ³
1179 255 1365 295 crederent,

35 299 108 332 loco
124 301 291 333 sententiae
311 309 470 341 promere.
494 302 614 332 Contra
632 300 741 332 Gallus
755 301 886 333 Asinius
902 301 1054 333 disseruit
1073 312 1079 333 :
1096 315 1111 330 κ
1127 305 1222 334 auctu
1241 302 1367 344 imperii

37 358 55 375 α
73 347 250 379 adolevisse
265 348 360 379 etiam
378 347 520 388 privatas
539 356 636 388 opes;
653 347 750 388 idque
776 357 841 380 non
858 357 979 380 novum
993 373 1001 389 ,
1025 349 1081 380 sed
1103 358 1122 380 e
1138 349 1368 381 vetustissimis

38 406 56 422 e«
73 395 228 427 moribus.
246 395 340 426 aliam
353 395 438 435 apud
451 394 626 435 Fabricios,
636 394 730 426 aliam
743 395 827 436 apud
836 396 997 437 Scipiones
1004 396 1191 437 pecuniam3
1208 399 1240 428 et
1254 397 1371 428 cuncta

39 453 57 468 «
75 442 115 474 ad
134 442 365 483 rempublicam
388 441 523 474 referri⁴
543 451 551 472 ε
569 451 634 482 qua
651 443 738 473 tenui
750 442 776 482 ⁵,
808 446 961 483 angustas
987 443 1108 475 civium
1126 443 1259 482 domos;
1283 446 1370 484 post-

40 498 57 513 «
72 498 170 529 quam
183 498 221 521 eo
234 489 482 529 magnificentiae
506 488 649 528 venerit,
667 489 801 529 gliscere
816 490 828 508 ⁶
854 490 1009 530 singulos.
1033 499 1137 531 neque
1159 490 1191 521 iu
1208 490 1327 522 familia
1341 489 1373 521 et

39 546 57 562 «
74 540 217 577 argento,
228 545 367 577 quaeque
380 536 420 568 ad
437 545 531 567 usum
550 538 715 577 parentur,
728 538 864 569 nimium
878 538 998 578 aliquid
1013 540 1068 569 aut
1080 537 1244 569 modicum
1258 536 1371 568 nisiex

38 593 58 609 «
75 583 203 614 fortuna
224 584 428 624 possidentis.
445 583 618 615 distinctos
639 586 771 616 senatus
785 588 816 616 et
841 586 989 626 Equitum
1005 594 1139 625 census,
1165 594 1230 616 non
1253 584 1307 625 qui
1325 584 1374 615 di-

41 640 58 656 «
75 631 160 662 versi
175 631 359 668 natura,sed
373 634 407 663 ut
423 631 514 670 locis,
526 630 702 671 ordinibus,
719 632 973 673 dignationibus,
986 632 1143 664 antistent
1156 635 1188 664 et
1200 632 1270 664 aliis
1285 630 1371 673 quae⁷

39 685 56 702 ⁸
75 677 116 709 ad
130 679 273 719 requiem
284 679 384 710 animi
401 681 456 710 aut
467 678 688 710 salubritatem
703 688 875 721 corporum
887 682 1040 721 parentur
1058 689 1066 711 :
1086 680 1147 712 nisi
1165 680 1247 712 sorte
1264 679 1376 711 claris-

42 736 58 752 «
75 725 157 758 simo
176 727 293 767 cuique
310 727 416 766 plures
432 735 546 766 curas,
568 726 689 767 majora
707 727 851 767 pericula
870 728 1058 766 subeunda,
1081 727 1306 759 delenimentis
1320 735 1376 758 cu-

43 784 59 800 «
76 782 184 805 rarum
200 776 233 806 et
251 774 467 814 periculorum
491 774 668 805 carendum
684 783 796 806 esse».
822 775 959 807 Facilem
983 783 1152 806 assensum
1179 773 1288 813 Gallo,
1314 772 1375 805 sub

40 821 228 852 nominibus
245 821 407 861 honestis,
422 821 584 853 consessio
600 820 779 853 νίίίοτιιιι]Β
804 825 836 853 et
858 822 1039 854 similitudo
1056 822 1258 854 audientium
1277 820 1375 852 dedit.

40 867 199 907 adjecerat
212 872 244 900 et
257 868 421 907 Tiberius,
447 877 515 900 non
532 868 568 900 id
586 870 719 910 tempus
736 877 910 909 censnroe,
926 878 1007 910 nec,
1024 870 1054 900 si
1073 869 1157 910 quid
1173 871 1207 900 in
1225 868 1376 900 moribus

42 915 198 954 labaret,
219 915 427 955 defulz'crum
443 924 501 946 cor
505 924 522 946 r
524 915 636 956 iqendi
651 918 840 948 auctorem.

82 966 217 994 XXXIV.
242 966 327 994 inter
344 971 416 1003 quae
441 966 473 993 L
494 962 568 993 Piso
590 963 762 995 ambitum
770 962 890 1003 sori'‚
914 965 1083 1004 corrupta
1098 963 1257 1003 Judicia,
1280 963 1377 994 sccii-

43 1011 129 1041 tiam
143 1011 325 1041 oratorum
342 1011 578 1042 accusationes
593 1012 829 1042 minitantium
847 1010 1017 1051 increpans
1029 1033 1038 1049 ,
1053 1010 1149 1042 abire
1161 1019 1196 1042 se
1212 1011 1244 1041 cc
1261 1009 1380 1041 cedere

48 1057 134 1088 Urbe
146 1082 156 1096 ,
172 1058 345 1089 victurum
364 1059 399 1088 in
423 1058 542 1098 aliquo
558 1057 676 1089 abdito
699 1059 731 1089 et
748 1058 933 1099 lonqinquo
948 1066 1041 1096 rure,
1065 1058 1262 1097 testabatur;
1283 1053 1377 1088 simul

41 1105 167 1135 curiam
181 1104 394 1145 relinquebat.
412 1106 595 1136 commotus
608 1106 657 1136 est
673 1104 822 1137 Tiberius
834 1129 842 1144 ‚
861 1107 893 1137 et
908 1113 1106 1145 quamquam
1126 1105 1259 1136 mitibus
1274 1103 1380 1136 verbis

45 1150 190 1182 Pisonem
212 1152 453 1191 permulsisset‚
484 1152 684 1192 propinquos
711 1160 842 1192 quoque
872 1152 942 1191 ejus
965 1151 1112 1192 impulit,
1143 1154 1179 1183 ut
1204 1151 1380 1183 abeuntem

45 1198 236 1229 auctoritate
254 1199 301 1229 vel
321 1198 468 1238 precibus
483 1200 640 1229 tenerent.
660 1198 751 1229 Haud
770 1198 878 1230 minus
895 1198 987 1229 liberi
1004 1198 1125 1230 doloris
1145 1198 1378 1230 documentum

45 1244 130 1276 idem
154 1246 226 1276 Piso
250 1254 324 1276 mox
345 1245 432 1275 dedit
447 1248 560 1275 vocata
579 1245 676 1284 injus
691 1245 862 1284 Urgulania
875 1268 883 1283 ,
905 1254 1002 1285 quam
1017 1254 1115 1286 supra
1138 1246 1221 1285 leges
1239 1245 1380 1277 amicitia

48 1293 198 1331 Augustae
217 1293 386 1323 extulerat.
407 1300 466 1323 nec
486 1294 543 1323 aut
558 1291 732 1331 Urgulania
748 1291 987 1332 obtemperavit
1003 1315 1011 1330 ,
1038 1292 1070 1322 in
1095 1293 1230 1323 domum
1244 1294 1380 1325 Caesaris

47 1341 154 1380 spreto
167 1340 281 1370 Pisone
300 1342 390 1370 vecta
404 1363 412 1378 ,
438 1341 493 1370 aut
514 1338 566 1369 ille
588 1338 763 1377 abscessit,
791 1347 989 1379 quamquam
1006 1341 1149 1378 Augusta
1161 1348 1195 1371 se
1212 1340 1335 1371 violari
1348 1342 1380 1371 et

48 1388 207 1418 imminui
224 1388 412 1426 quereretur
425 1384 449 1415 ².
466 1385 614 1416 Tiberius
632 1385 789 1417 hactenus
809 1385 976 1425 indulgere
989 1385 1085 1416 matri
1101 1385 1195 1417 civile
1211 1388 1317 1426 ratus,
1347 1388 1381 1418 ut

46 1442 80 1465 se
98 1435 232 1464 itarimi
249 1433 294 1464 acl
314 1434 481 1472 pra’loris
497 1432 678 1472 tribunal,
697 1431 903 1472 affuturum
931 1432 1137 1473 Urqulaniae
1149 1432 1292 1473 diceret,
1307 1442 1381 1473 pro-

47 1480 142 1511 cessit
159 1480 294 1520 palatio,
312 1479 422 1520 procul
436 1479 526 1519 sequi
542 1478 642 1519 Jussis
656 1478 823 1510 militibus.
839 1478 1046 1519 spectabatur
1059 1484 1248 1511 occursante
1263 1480 1382 1520 populo

48 1527 249 1568 compositus
268 1535 323 1557 ore
339 1530 371 1557 et
394 1526 598 1558 sermonibus
625 1525 721 1557 variis
746 1528 875 1566 tempus
894 1529 990 1566 atque
1014 1526 1076 1557 iter
1097 1527 1219 1558 ducens
1232 1551 1240 1566 ,
1258 1527 1361 1559 donec
1374 1549 1382 1565 ,

50 1574 237 1615 propinquis
252 1574 397 1605 Pisonem
415 1574 531 1605 trustra
550 1572 794 1613 coercentibus,
813 1573 931 1605 deferri
948 1576 1093 1614 Augusta
1111 1575 1294 1615 pecuniam,
1310 1582 1383 1614 quae

51 1621 229 1662 petebatur,
244 1621 383 1660 juberet.
403 1621 497 1660 isque
515 1620 587 1651 {inis
605 1620 670 1660 rei;
692 1629 731 1652 ex
757 1630 822 1661 qua
843 1629 948 1661 neque
970 1621 1041 1652 Piso
1064 1621 1219 1661 inglorius
1234 1623 1265 1652 et
1280 1625 1384 1653 Caesar

52 1669 173 1708 maj0re
191 1668 276 1700 {ama
293 1668 363 1699 fuit.
384 1670 533 1699 Ceterum
547 1667 732 1708 Urgulaniae
748 1667 890 1708 potentia
907 1667 988 1699 adeo
1012 1668 1112 1699 nimia
1128 1668 1250 1700 civitati
1264 1668 1275 1686 ³
1294 1670 1383 1708 erat,

54 1717 88 1747 ut
102 1717 193 1747 testis
207 1716 239 1746 in
256 1724 352 1746 causa
369 1715 534 1755 quadam,
552 1723 627 1755 quae
646 1714 732 1755 apud
759 1717 910 1746 senatum
933 1715 1146 1756 tractabatur,
1164 1716 1274 1747 venire
1294 1714 1384 1747 dedi-

53 1764 203 1803 gnaretur
220 1787 226 1793 .
258 1763 377 1794 missus
401 1766 449 1793 est
466 1764 596 1802 praetor,
617 1762 672 1803 qui
685 1762 774 1793 domi
797 1762 1010 1802 interrogaret
1026 1787 1035 1803 ,
1052 1771 1154 1803 quum
1169 1759 1311 1802 virgiu'es
1327 1766 1385 1794 Vc-

52 1810 146 1841 stales
161 1809 193 1840 in
211 1810 279 1841 foro
295 1809 460 1849 etjudicio
475 1808 484 1827 ⁴
506 1809 631 1849 audiri,
648 1809 776 1850 quoties
791 1809 1015 1841 testimonium
1033 1809 1190 1850 dicerent,
1207 1813 1301 1841 vetus
1315 1817 1386 1840 mos

54 1855 161 1887 suerit.

97 1906 216 1935 XXXV.
244 1907 306 1934 Res
327 1912 365 1934 eo
390 1912 474 1934 anno
500 1903 641 1943 prolatas
660 1903 667 1921 ¹
700 1902 788 1934 haud
814 1903 985 1943 referrem,
1006 1903 1039 1934 ni
1061 1903 1201 1944 pretium
1231 1903 1311 1935 soret
1327 1907 1384 1935 Cn.

53 1971 176 2001 audium
194 1972 267 2002 quod
279 1974 377 2002 cuique
396 1972 516 1996 senatori
529 1971 637 1995 licebat.
653 1984 678 1988 —-
694 1976 715 1995 2.
728 1972 816 1996 Servis
829 1972 1005 2002 possidendis.
1017 1977 1080 1996 —s.
1095 1972 1259 2002 Reipublicae
1273 1972 1346 1996 utile.
1358 1984 1387 1989 —

57 2012 80 2031 ⁴.
100 2007 221 2031 Pendere
237 2014 252 2032 a
267 2008 424 2031 conditione
439 2008 465 2031 et
483 2008 556 2030 statu
575 2006 736 2037 reipublicae.
749 2019 779 2024 —
791 2012 813 2030 s.
828 2007 1004 2036 Quamdiuca
1018 2008 1108 2032 tenuis
1122 2007 1212 2032 [uerit.
1226 2020 1255 2024 —
1268 2012 1291 2032 e.
1309 2008 1387 2032 Paul-

54 2041 132 2066 tatim
150 2049 282 2067 crescere.
303 2057 330 2060 —
344 2049 365 2067 7.
386 2045 483 2067 Locum
499 2043 655 2072 impeditum
670 2044 705 2066 ita
724 2042 913 2072 explicandum
931 2044 996 2072 puto
1010 2049 1017 2066 ι
1033 2043 1183 2067 distinctos
1198 2048 1256 2067 esse
1270 2048 1285 2067 a
1305 2048 1388 2068 censu

57 2077 143 2108 plebis
157 2085 255 2104 census
269 2083 435 2103 senatorum
446 2081 474 2102 et
487 2078 638 2107 Equitum.
653 2084 710 2102 non
723 2079 791 2108 quia
809 2078 835 2102 bl
853 2080 965 2103 natura
976 2078 1084 2102 diversi
1094 2079 1149 2101 sint
1164 2084 1179 2102 a
1193 2078 1346 2108 piebe‚se‹1
1357 2081 1391 2104 ut

57 2114 126 2143 <asin
136 2114 212 2144 que),
227 2115 310 2144 locis,
329 2113 496 2141 ordinibus,
507 2113 724 2143 diqncitionibus
740 2115 904 2138 antistantes
915 2113 1000 2144 plebi,
1015 2113 1252 2137 antistencetiam
1263 2114 1332 2138 alia's
1348 2120 1390 2138 rc-

58 2147 109 2173 bus
122 2155 185 2180 quoe
197 2152 251 2174 etc.
275 2150 390 2174 verbum
405 2154 541 2178 nunquam
553 2149 611 2172 sine
624 2150 701 2179 gravi
717 2149 822 2174 ratione
836 2149 943 2174 casibus
957 2149 1003 2180 qul
1016 2154 1048 2173 eo
1059 2150 1192 2179 reguntur
1205 2150 1387 2179 anteponitur.

58 2195 88 2202 —
103 2190 124 2209 a.
139 2186 181 2210 Sc.
195 2186 374 2216 publicorum.

89 2220 210 2251 xxx1V,
230 2227 249 2245 ι.
271 2222 395 2246 Studium
414 2220 442 2244 in
462 2220 667 2250 corrumpendis
683 2221 801 2251 judiciis.
824 2232 854 2238 -
865 2225 885 2244 Β.
902 2221 953 2245 Res
966 2220 1004 2245 lta
1017 2220 1089 2244 tacta
1102 2226 1108 2244 :
1123 2220 1181 2245 Piso
1197 2220 1369 2251 Urgulaniam
1382 2241 1388 2252 ,

58 2261 121 2286 quae
134 2257 276 2286 pecuniam
297 2258 320 2281 ei
348 2256 480 2281 debebat.
495 2257 522 2280 in
537 2256 596 2279 loco
614 2256 722 2286 publico
735 2257 788 2280 sibi
808 2256 916 2280 obviam
936 2256 1006 2285 adit,
1024 2256 1106 2285 Veni,
1125 2256 1265 2286 inquiens,
1283 2262 1389 2281 mecum

63 2292 94 2316 in
106 2291 155 2321 jus
173 2292 247 2321 (ante
265 2292 382 2317 tribuunt
400 2291 540 2322 praetoris).
558 2291 603 2314 Illa
627 2297 716 2322 neque
738 2292 926 2321 obtemperat,
950 2297 1039 2321 neque
1061 2291 1215 2315 cautionem
1235 2292 1268 2316 de
1285 2292 1389 2322 judicio

62 2327 147 2354 sistit,
161 2328 233 2357 quod
248 2334 279 2352 ex
294 2329 355 2357 lege
366 2327 423 2351 [ieri
437 2326 569 2354 debebat;
583 2327 630 2350 sed
640 2329 736 2356 spreto
752 2328 868 2355 Pisone,
881 2327 890 2351 t
913 2332 938 2350 e.
956 2327 1101 2351 vocatione
1118 2327 1176 2355 eJus
1188 2327 1328 2357 neglecta,
1344 2326 1389 2350 illa

64 2361 171 2385 vehitur
184 2362 211 2387 in
227 2363 364 2393 palatium.
381 2363 417 2387 Eo
435 2367 542 2391 quoque
557 2361 615 2385 Piso
628 2367 687 2386 eam
704 2364 815 2386 secutus
828 2363 870 2386 est
885 2380 891 2391 ,
908 2363 938 2386 ut
956 2362 1008 2386 rite
1021 2362 1172 2386 antestatus
1191 2366 1250 2385 eam
1270 2361 1390 2386 traheret

63 2396 97 2420 ad
108 2397 238 2421 tribunal.
255 2411 284 2416 —
294 2404 315 2422 ς.
333 2397 471 2422 Excedens
484 2395 591 2420 civilem
606 2397 722 2421 modum.
738 2410 764 2414 —
778 2402 801 2420 z.
814 2396 954 2421 Tribunall
964 2396 1094 2426 praetoris.

93 2433 201 2494 XJZXV.
223 2438 243 2458 ι.
264 2433 380 2464 nantas,
401 2432 560 2463 prorogatus
576 2431 604 2455 in
619 2433 724 2457 senatu.
744 2432 890 2462 Pretium,
905 2437 993 2463 operae
1014 2432 1145 2463 pretium,
1165 2437 1209 2457 res
1223 2430 1313 2461 magni
1330 2434 1390 2453 mo-

64 2471 127 2492 men
143 2468 161 2490 '.
