1539 2668
106 165 163 195 116
500 161 624 191 sacrm
649 159 856 189 ANNALIUM
880 162 950 189 ΗΒ.
975 162 1027 190 tv.

101 235 252 267 custodes
272 238 420 276 exceptas
443 236 618 275 auctasque
635 243 735 274 quum
763 234 941 274 deferrent,
963 244 1066 275 neque
1092 235 1206 267 Neroni
1225 235 1393 270 defendere
1410 239 1417 256 ¹

103 282 391 321 daretur-‚diversae
408 283 539 322 insuper
557 282 812 313 sollicitudinum
831 283 944 314 formae
960 284 1156 314 oriebantur.
1186 292 1260 314 nam
1277 284 1355 316 alius
1366 294 1419 316 oc-

99 339 231 363 cursum
247 339 316 370 ejus
333 331 452 370 vitare3
476 330 608 370 quidam
635 330 824 361 salutatione
852 331 975 362 reddita
998 331 1108 362 statim
1135 333 1254 368 averti;
1280 331 1423 371 plerique

100 380 265 418 inceptum
283 386 464 409 sermonem
480 378 670 417 abrumpere
681 402 689 416 ‚
706 377 926 409 insistentibus
947 385 1058 408 contra
1074 378 1344 418 irridentibusque
1368 377 1424 418 qui

101 428 214 464 {sejano
233 425 375 456 fautores
397 425 539 456 aderant.
560 425 725 456 enimvero
748 424 891 456 Tiberius
910 428 1040 463 torvus,
1064 427 1120 456 aut
1137 426 1250 456 falsum
1278 425 1423 457 renidens

101 473 214 504 vultu:
239 481 296 504 seu
322 472 506 511 loqueretur
522 481 578 503 seu
600 472 858 512 taceretjuvenis
872 497 880 511 ‚
904 474 1023 504 crimen
1039 482 1077 504 ex
1101 472 1225 503 silentio
1239 498 1247 511 ,
1271 482 1310 504 ex
1332 481 1423 504 voce.

101 529 142 552 ue
164 529 228 551 nox
246 519 375 559 quidem
402 528 533 557 secura,
561 528 662 559 quum
680 529 761 550 uxor
776 519 787 537 ²
814 520 938 558 vigilias
953 544 961 558 ‚
991 528 1142 559 somnos,
1173 520 1307 560 suspiria
1332 521 1424 550 matri

103 567 200 599 Liviae
222 568 319 606 atque
336 566 388 596 illa
409 567 522 606 Sejano
537 567 728 606 patefaceret
747 577 753 597 :
772 567 826 607 qui
845 567 972 598 fratrem
990 576 1119 606 quoque
1134 567 1268 598 Neronis
1284 571 1424 600 Drusum

101 615 198 647 traxit
212 615 242 644 in
262 614 367 653 partes
379 637 388 651 ,
406 622 459 653 spe
480 614 604 653 objecta
622 614 776 654 principis
791 615 849 645 loci
864 639 872 653 ,
892 614 918 645 si
935 615 1073 654 priorem
1090 615 1184 645 aetate
1202 617 1233 645 et
1249 615 1313 654 jam
1337 615 1426 647 labe-2

100 663 220 694 sactum
238 661 443 692 demovisset.
473 664 565 692 atrox
591 661 685 692 Drusi
710 661 874 701 ingenium
899 670 995 701 super
1017 661 1199 701 cupidinem
1225 661 1377 701 potentiae
1393 665 1426 694 et

99 709 193 740 sulita
213 708 364 738 fratribus
381 707 455 738 odia
472 708 483 725 ³
502 708 739 740 accendebatur
755 708 892 747 invidia,
907 709 991 746 quod
1016 711 1116 739 mater
1131 708 1301 748 Agrippina
1322 716 1425 748 prom-

101 756 183 794 ptior
200 755 314 786 Neroni
331 757 340 772 '¹
358 756 437 786 erat.
466 764 569 795 neque
583 757 690 787 tamen
713 757 845 794 Sejanus
865 756 908 786 ita
926 760 1065 786 Drusum
1084 755 1233 793 fovebat,
1260 756 1296 786 ut
1312 764 1376 786 non
1392 756 1425 786 in

98 811 172 833 eum
196 811 324 842 quoque
341 802 464 833 semina
482 803 581 833 futuri
595 803 687 834 exitii
709 802 929 839 meditaretur,
953 812 1070 841 gnarus
1095 803 1302 842 praeferocem
1320 804 1351 834 et
1376 802 1425 834 in·

99 849 189 880 sidiis
209 849 311 889 magis
329 851 560 889 opportunum.

139 899 217 927 LXI.
242 897 318 927 Fine
335 896 410 926 anni
430 905 596 928 excessere
618 897 758 937 insignes
776 898 837 928 viri
858 897 991 928 Asinius
1006 897 1163 936 Agrippa,
1188 896 1281 927 claris
1296 895 1427 935 majori-

100 944 161 975 bus
178 943 183 960 ¹
199 952 296 983 quam
310 943 448 975 vetustis
464 944 595 984 vitaque
609 953 672 974 non
688 944 836 983 degener,
854 948 885 975 et
901 948 938 983 Q.
955 944 1102 975 Haterius
1120 943 1239 974 familia
1255 943 1425 982 senatoria,

101 990 294 1030 eloquentiae
307 1014 315 1028 ,
342 991 446 1029 quoad
463 991 557 1030 vixit,
588 991 754 1022 celebrata·
772 1001 778 1021 :
802 994 1013 1023 monumenta
1030 991 1145 1030 ingenii
1163 991 1231 1029 ejus
1252 989 1336 1020 baud
1355 998 1426 1030 per--

101 1036 194 1068 inde²
213 1038 404 1068 retinentur.
422 1037 546 1068 scilicet
563 1038 683 1077 impetu
697 1039 797 1077 magis
815 1048 910 1079 quam
927 1048 1003 1069 cura
1015 1038 1158 1077 vigebat;
1177 1040 1275 1076 utque
1290 1037 1426 1068 aliorum

99 1083 267 1116 meditatio
286 1085 318 1116 et
336 1085 426 1115 labor
440 1086 472 1115 in
490 1087 653 1125 posterum
668 1085 822 1123 valescit,
840 1086 888 1117 sic
905 1086 1023 1116 Haterii
1041 1093 1193 1116 canorum.
1209 1083 1286 1115 illud
1305 1084 1335 1115 et
1350 1093 1425 1124 pro—

100 1132 202 1162 fluens
222 1140 297 1162 cum
318 1132 388 1171 ipso
408 1132 505 1162 simul
523 1132 722 1163 exstinctum
745 1133 803 1162 est.

140 1181 231 1209 LXII.
252 1183 294 1209 Μ.
325 1179 470 1217 Licinio,
492 1183 524 1209 L.
553 1179 728 1218 Calpurnio
755 1182 844 1209 Coss.
864 1178 870 1193 ¹
903 1176 1083 1216 ingentium
1117 1177 1281 1208 bellorum
1299 1177 1426 1210 cladem

100 1225 240 1265 aequavit
254 1225 374 1256 malum
390 1225 611 1265 improvisum.
626 1225 696 1264 ejus
710 1225 837 1255 initium
852 1223 947 1254 simul
960 1226 991 1255 et
1004 1224 1077 1255 sinis
1090 1225 1223 1256 exstitit.
1239 1233 1312 1255 nam
1324 1227 1428 1264 coepto

100 1272 184 1312 apud
203 1272 355 1303 Fidenam
378 1272 617 1312 amphitheatro
635 1271 751 1303 Atilius
765 1271 896 1311 quidam
911 1271 1053 1302 libertini
1070 1272 1212 1311 generis,
1229 1281 1293 1311 quo
1307 1272 1427 1311 specta⁹

102 1319 209 1350 «uiam
227 1320 439 1358 gladiatorum
456 1319 649 1358 celebraret,
671 1328 774 1359 neque
791 1319 999 1349 fundamenta
1020 1329 1075 1359 per
1097 1319 1234 1350 solidum
1248 1318 1258 1336 ²
1285 1319 1427 1350 subdidit

102 1375 203 1404 :reque
221 1367 321 1397 firmis
340 1367 476 1397 nexibus
504 1367 643 1406 ligneam
659 1375 846 1406 compagem
867 1366 1100 1405 superstruxit,
1127 1370 1162 1396 ut
1179 1366 1234 1405 qui
1251 1375 1315 1396 non
1329 1367 1427 1398 abun-

100 1413 210 1444 dantia
226 1414 369 1453 pecuniae
387 1422 445 1444 nec
460 1413 647 1452 municipali
662 1413 837 1445 ambitione
853 1412 879 1452 ³,
895 1413 949 1444 sed
967 1413 1000 1443 in
1017 1413 1180 1444 sordidam
1200 1413 1379 1444 mercedem
1394 1415 1428 1446 id

103 1461 265 1498 uir-gotium
282 1461 496 1501 quaesivisset.
514 1460 665 1491 affluxere
678 1460 765 1491 avidi
781 1460 891 1492 talium
904 1485 913 1499 ,
928 1461 1131 1500 imperitante
1148 1460 1273 1491 Tiberio
1294 1461 1299 1477 '¹
1317 1462 1427 1500 procul

103 1508 324 1547 voluptatibus
343 1508 456 1547 habiti,
471 1508 562 1538 virile
579 1516 616 1538 ac
635 1507 792 1538 muliebre
809 1516 902 1538 secus
915 1509 941 1546 ¹⁴,
959 1509 1064 1539 omnis
1080 1510 1171 1547 aetas,
1189 1508 1230 1538 ob
1248 1508 1429 1548 propinqui·

104 1557 202 1586 tatem
217 1555 279 1586 loci
300 1555 436 1587 effusius
455 1564 462 1585 z
481 1554 566 1585 unde
591 1554 718 1593 gravior
735 1554 834 1594 pestis
854 1554 932 1593 fuit,
961 1555 1105 1586 conferta
1131 1555 1233 1587 mole.
1260 1554 1332 1586 dein
1354 1564 1429 1586 con-

103 1602 216 1639 vulsa,
239 1602 317 1632 dum
339 1602 402 1632 ruit
417 1601 522 1639 intus,
539 1603 596 1632 aut
620 1601 652 1631 in
677 1601 836 1632 exteriora
862 1602 1058 1641 effunditur,
1085 1602 1337 1642 immensamque
1361 1601 1429 1632 vim

105 1649 307 1687 mortalium,
321 1649 506 1689 spectaculo
526 1649 667 1680 intentos
683 1651 740 1680 aut
753 1649 808 1688 qui
829 1648 952 1680 circum
970 1649 1138 1687 astabant,
1164 1658 1306 1689 praeceps
1329 1648 1429 1680 trabit

103 1698 200 1735 atque
213 1696 328 1736 operit.
345 1698 377 1727 et
392 1696 437 1727 ilii
453 1696 583 1736 quidem
606 1704 686 1736 quos
708 1695 901 1736 principium
920 1698 1031 1735 stragis
1051 1697 1083 1726 in
1103 1698 1237 1727 mortem
1252 1695 1429 1736 afflixerat,

105 1743 210 1774 uttan
227 1745 332 1781 sorte,
356 1744 538 1774 cruciatum
564 1743 715 1782 effugere.
745 1743 918 1774 miserandi
947 1743 1049 1782 magis
1072 1751 1152 1782 quos
1177 1743 1312 1782 abrupta
1339 1746 1430 1783 parte

102 1790 245 1830 corporis
260 1790 405 1821 nondum
419 1791 487 1821 vita
505 1790 694 1821 deseruerat
708 1799 715 1820 ε
734 1791 789 1830 qui
805 1799 861 1830 per
878 1790 962 1820 diem
976 1791 1048 1820 visu
1059 1814 1067 1829 ,
1088 1798 1143 1829 per
1159 1792 1285 1821 noctem
1303 1789 1431 1820 ululati-

105 1838 166 1869 bus
190 1838 221 1868 et
244 1837 364 1875 gemitu
391 1837 542 1877 conjuges
568 1839 624 1868 aut
650 1837 769 1868 liberos
784 1837 795 1855 r,
824 1837 1010 1868 noscebant.
1032 1838 1097 1876 jam
1120 1837 1215 1868 ceteri
1232 1838 1317 1868 sama
1332 1835 1431 1868 exciti

103 1886 157 1916 hic
179 1884 329 1923 fratrem,
352 1885 569 1924 propinquum
596 1885 666 1924 ille,
693 1885 775 1915 alius
795 1887 940 1924 parentes
966 1884 1145 1915 lamentari.
1165 1884 1262 1915 etiam
1291 1892 1430 1924 quorum

105 1932 234 1963 diversa
247 1931 286 1962 de
303 1940 398 1962 causa
414 1931 509 1962 amici
527 1934 583 1962 aut
600 1932 769 1963 necessarii
787 1932 935 1970 aberant,
960 1940 1075 1971 pavere
1091 1933 1217 1970 tamen3
1247 1930 1431 1971 nequedum

106 1981 271 2018 comperto
288 1987 368 2017 quos
384 1979 437 2009 illa
458 1979 508 2010 vis
528 1979 736 2019 perculisset,
762 1979 855 2010 latior
872 1987 911 2010 ex
929 1979 1050 2009 incerto
1067 1980 1181 2009 metus.

148 2029 255 2056 LXIII.
279 2027 321 2056 Ut
348 2034 473 2065 coepere
496 2026 655 2057 dimoveri
686 2026 820 2066 obruta,
845 2034 1022 2057 concursus
1045 2026 1083 2055 ad
1107 2024 1271 2056 examinos
1292 2023 1430 2064 comple-

107 2072 282 2111 ctentium,
306 2072 541 2112 osculantium;
560 2075 592 2105 et
609 2082 694 2113 saepe
716 2076 893 2109 certamen,
920 2073 947 2104 si
971 2072 1132 2103 confusior
1154 2071 1271 2110 facies,
1297 2071 1353 2102 sed
1373 2079 1431 2111 par

137 2165 189 2190 LX.
207 2170 226 2188 ι.
241 2164 280 2188 Ab
295 2170 323 2188 se
339 2170 496 2193 removere,
512 2167 558 2190 aut
571 2171 600 2189 se
615 2171 744 2195 purgare.
755 2170 819 2189 -2.
840 2164 963 2193 Neronis,
986 2164 1064 2192 sulla,
1080 2163 1157 2187 Drusi
1173 2164 1199 2186 et
1214 2162 1313 2187 Livillae
1325 2163 1387 2187 filia.
1402 2177 1430 2183 -

105 2208 128 2226 s.
146 2200 238 2229 Qualia
254 2200 368 2224 fratrum
380 2206 437 2223 esse
451 2200 539 2224 solent
551 2201 596 2230 qui
609 2206 637 2224 se
651 2201 776 2230 oderunt,
791 2201 896 2225 acriora
906 2205 986 2229 quam
1001 2200 1073 2223 inter
1086 2199 1228 2222 alienos.—
1243 2204 1263 2222 4.
1279 2199 1390 2223 Pronior
1403 2200 1431 2225 in

107 2237 253 2261 Neronem.

138 2271 202 2296 LXI.
220 2276 240 2294 ι.
255 2271 297 2293 Se.
315 2271 411 2300 magis.
423 2285 449 2288 —
461 2276 483 2294 2.
497 2272 538 2294 Sc.
554 2276 585 2294 ac
599 2272 708 2295 vivente
720 2271 786 2300 ipso.

138 2307 217 2331 Lxu.
232 2312 254 2329 ι.
269 2307 297 2329 A.
311 2306 339 2329 U.
354 2311 403 2333 780,
420 2313 444 2335 p.
460 2307 520 2330 Chr.
533 2312 570 2330 27.
585 2319 613 2322 —
624 2311 645 2329 2.
661 2307 688 2330 in
703 2307 786 2330 solido
798 2306 867 2330 loco.
881 2307 945 2329 Cum
955 2304 1084 2329 subdidit
1095 2305 1176 2334 junge
1188 2304 1307 2328 dativum
1321 2303 1431 2332 amphi-

109 2342 231 2368 theatro.
243 2354 269 2357 —
282 2346 304 2363 3.
324 2341 356 2364 Ut
367 2343 480 2370 gratiam
496 2341 695 2371 municipalium
709 2348 818 2365 suorum
838 2341 1008 2370 conciliaret,
1026 2340 1143 2364 honores
1161 2345 1254 2363 eorum
1269 2339 1389 2362 ambiret.
1400 2350 1426 2355 —

109 2384 131 2403 4.
145 2377 195 2407 Qui
208 2376 364 2406 spectacula
381 2376 510 2405 fugiebat.
525 2378 557 2401 V.
577 2377 652 2406 Lea.
664 2391 692 2394 —
705 2383 729 2401 5.
747 2377 848 2401 Neutro
867 2382 981 2408 genere,
1005 2375 1203 2399 substantivum
1222 2375 1361 2404 antiquum
1380 2378 1430 2403 pro

109 2417 204 2437 sexus.
219 2425 247 2429 -
258 2416 280 2435 6.
291 2412 391 2436 Eadem
405 2413 495 2442 strage
509 2413 729 2442 comprehensos.
