1539 2668
502 132 536 162 A.
559 133 597 161 U.
621 132 656 161 C.
681 132 753 161 776.
778 132 815 160 Α.
840 132 874 161 C.
900 132 951 161 23.
1348 134 1390 164 97

71 219 88 236 ιι
100 206 213 238 maret.
239 206 350 246 erepto
371 209 476 236 Druso
497 204 616 245 preces}
631 204 671 236 ad
689 213 747 236 vos
763 208 918 237 converto
930 229 940 245 ,
959 204 1084 245 diisque
1109 205 1142 236 et
1160 205 1262 245 patria
1281 215 1390 240 coram

69 266 87 281 «ι
101 253 257 292 obtestor,
275 251 409 292 Augusti
426 253 638 292 pronepotes,
658 250 846 284 clarissimis
864 251 1043 292 majoribus
1060 252 1205 291 genitos,
1225 255 1390 294 suscipite,

71 312 87 327 α
102 301 212 340 regite,
230 300 371 331 vestram
383 306 554 338 meamque
571 298 675 330 vicem
700 299 839 339 explete.
857 299 891 331 hi
908 299 1022 338 vobis,
1040 300 1124 330 Nero
1139 301 1171 330 et
1194 302 1295 331 Druse
1307 325 1315 339 ,
1334 311 1392 341 pa·

71 358 87 372 u
102 349 230 378 rentum
250 348 332 378 loeo.
358 345 404 377 ita
427 344 496 376 nati
515 345 610 385 estis,
632 346 668 376 ut
691 344 776 376 bona
791 347 940 387 malaque
964 347 1070 377 vestra
1089 344 1130 376 ad
1155 346 1392 386 rempublicam

71 405 90 421 α
102 395 292 433 pertineant.
307 405 324 420 »

110 444 161 472 IX.
186 445 299 480 Magno
317 448 354 470 ea
369 438 444 470 fletu
461 440 494 470 et
512 447 586 470 mox
603 439 843 479 precationibus
861 439 974 471 faustis
996 438 1128 479 audita3
1147 449 1185 471 ae
1205 440 1234 471 si
1258 441 1392 472 modum

71 488 209 519 orationi
223 487 400 528 posuisset,
417 486 636 518 misericordia
651 487 701 518 sui
724 486 888 527 gloriaque
913 487 1038 519 animos
1056 488 1257 519 audientium
1284 489 1394 530 imple-

69 538 160 568 verat
175 545 182 566 :
200 535 240 566 ad
255 543 338 566 vana
353 537 388 566 et
404 534 499 565 toties
515 534 606 565 irrisa
620 533 803 572 revolutus,
821 535 862 566 cle
879 534 1056 566 reddenda
1069 535 1247 575 republica
1263 560 1271 575 ,
1287 538 1394 576 utque

71 582 242 621 consules,
259 589 319 613 seu
336 583 412 622 quis
425 581 530 620 alim,
549 583 701 622 reyz'men
718 584 944 622 susciperent,
962 591 1040 613 vero
1056 591 1185 622 quoque
1208 586 1239 614 et
1257 583 1394 614 honesto

70 629 165 660 tidem
181 628 333 669 dempsit.
350 628 512 660 Memoriae
526 629 618 659 Drusi
634 628 765 667 eadem,
787 637 860 668 quae
878 629 910 659 in
923 629 1148 660 Germanicum
1165 629 1173 647 ¹
1188 654 1197 669 ‚
1215 629 1394 662 decernun-

69 678 134 716 tur,
155 676 315 716 plerisque
334 675 465 714 additis,
481 677 516 706 ut
533 676 632 708 ferme
653 678 740 707 amat
753 676 912 716 posterior
932 676 1081 707 adulatio.
1105 676 1201 707 funus
1216 676 1395 717 imaginum

69 731 188 763 pompa
204 723 345 754 maxime
359 723 482 754 illustre
502 722 562 753 suit
577 747 586 763 ,
612 732 714 763 quum
738 723 826 762 origo
848 723 940 754 Juliae
965 723 1066 762 gentis
1084 728 1191 754 AEueas
1215 733 1396 764 omnesque

71 769 263 800 Albanorum
278 778 365 809 reges
380 771 412 801 et
428 769 576 800 eonditor
599 770 694 802 Urbis
716 771 872 801 Romulus
888 795 896 808 ,
916 772 989 810 post
1009 769 1125 801 Sabina
1148 771 1298 802 nobilitas
1315 796 1322 810 ‚
1344 774 1393 802 At-

68 818 124 848 tus
140 816 294 848 Clausus²
316 818 493 856 ceteraeque
510 817 715 848 Claudiorum
733 817 852 856 effigies
874 818 967 856 longo
985 817 1097 847 ordine
1114 820 1349 856 spectarentur.

113 868 148 894 X.
174 868 209 895 In
229 863 381 895 tradenda
398 865 502 895 morte
520 865 635 904 Drusi,
653 874 726 905 quae
739 864 888 904 plurimis
904 864 1106 903 maximeque
1120 864 1192 894 fidis
1209 866 1398 897 arietoribus

71 912 248 942 memorata
261 911 353 950 sunt,
368 911 464 942 retuli
478 923 484 939 ι
501 912 557 942 sed
573 921 637 942 non
653 912 815 943 omiserim
829 910 1005 942 eorundem
1018 914 1202 950 temporum
1217 921 1395 951 rumorem,

73 958 219 989 validum
236 958 332 997 adeo,
349 960 385 989 ut
400 957 545 989 nondum
561 959 729 990 exolescat.
751 971 766 985 «
781 962 932 998 corrupta
949 958 987 988 ad
1005 957 1108 989 scelus
1123 957 1211 988 Livia
1223 982 1230 996 ‚
1246 963 1395 998 sejanum

77 1004 206 1044 «Lygdi
226 1013 355 1044 quoque
381 1005 533 1045 spadonis
554 1006 698 1036 animum
724 1005 837 1036 infami
864 1005 1053 1036 seductione
1075 1004 1234 1044 vinxisse,
1261 1006 1345 1045 quod
1371 1006 1398 1036 is

74 1063 91 1077 «
107 1054 201 1083 aetate
214 1054 310 1092 atque
327 1051 430 1083 forma
443 1061 535 1083 carus
550 1053 681 1084 domino
709 1053 855 1092 interque
876 1053 1032 1092 primores
1050 1052 1219 1083 ministros
1236 1057 1325 1091 σει-αἱς
1342 1053 1398 1084 ‹le-

77 1110 93 1124 «
108 1098 182 1129 inde
194 1123 202 1137 ,
221 1099 304 1130 inter
322 1100 469 1129 conscios
488 1099 543 1129 ubi
562 1099 653 1131 locus
671 1099 817 1131 veneficii
843 1100 1037 1138 tempusque
1053 1099 1234 1138 composita
1260 1100 1343 1138 sint,
1361 1108 1398 1130 eo

76 1157 92 1170 <1
109 1145 252 1177 audacia}
269 1148 472 1185 provectum,
488 1147 524 1176 ut
540 1148 677 1177 verteret
694 1147 701 1164 ¹
722 1149 767 1185 et,
793 1147 922 1177 occulto
938 1145 949 1163 2
975 1145 1094 1176 indicio
1112 1149 1253 1177 Drusum
1284 1147 1399 1177 veneni

78 1205 93 1218 u
110 1192 142 1222 in
160 1195 282 1232 patrem
303 1201 455 1231 arguens,
478 1194 622 1223 moneret
637 1193 802 1223 Tiberium
819 1193 984 1223 vitandam
1002 1193 1165 1232 potionem
1178 1217 1186 1231 ,
1204 1202 1277 1232 quae
1295 1193 1400 1233 prima

79 1252 94 1265 α
109 1239 137 1270 ei
155 1239 238 1279 apud
257 1239 357 1270 filium
372 1240 514 1279 epulanti
528 1240 709 1271 offerretur.
727 1248 764 1271 ea
782 1240 893 1270 fraude
910 1243 979 1270 tum
997 1248 1119 1278 senem,
1135 1242 1305 1279 postquam
1324 1249 1398 1271 con-

79 1299 94 1312 «
109 1287 232 1317 vivium
250 1287 374 1319 inierat,
392 1290 561 1326 exceptum
580 1287 730 1327 poculum
759 1291 862 1318 Druso
887 1286 1073 1323 tra‹li‹lisse;
1090 1289 1186 1325 atque
1212 1287 1265 1317 illo
1290 1287 1400 1326 ignaro

80 1333 291 1372 «juveniliter
306 1334 473 1365 hauriente
488 1358 496 1373 ,
521 1337 648 1364 auctam
667 1334 907 1374 suspicionem,
929 1335 1096 1372 tamquam
1123 1334 1211 1364 metu
1228 1336 1259 1365 et
1278 1335 1400 1373 pudore

78 1392 96 1406 «
109 1380 236 1411 sibimet
251 1381 403 1417 irroearet
423 1383 573 1420 mortem,
591 1389 688 1420 quam
707 1381 786 1421 patri
802 1383 979 1411 struxerat.
999 1393 1014 1406 n

120 1430 171 1458 XI.
197 1430 271 1457 Haec
286 1427 383 1465 vulgo
399 1428 535 1466 jactata,
555 1437 652 1467 super
668 1427 700 1458 id
723 1428 809 1467 quod
837 1427 926 1458 nullo
950 1429 1079 1457 auctore
1104 1428 1192 1456 certo
1207 1426 1376 1458 firmantur
1391 1453 1400 1467 ,

79 1475 224 1514 prompte
241 1474 438 1505 refutaveris.
456 1474 528 1513 quis
543 1475 626 1505 enim
641 1473 793 1504 mediocri
810 1474 991 1513 prudentia,
1009 1473 1127 1503 nedum
1142 1473 1290 1504 Tiberius
1304 1474 1402 1504 tantis

79 1520 175 1552 rebus
189 1521 346 1552 exercilus
359 1545 368 1559 ,
386 1521 530 1552 inaudito
546 1521 610 1551 lilio
628 1520 765 1551 exitium
783 1521 915 1551 offerret
927 1544 936 1559 ,
953 1520 1050 1559 idque
1071 1529 1129 1550 sua
1149 1530 1247 1552 manu
1264 1522 1296 1552 et
1313 1522 1401 1552 nullo

78 1567 120 1599 ad
137 1567 358 1608 poenitendum
383 1577 553 1607 regressu,
583 1568 659 1607 quin
677 1568 683 1584 ¹
708 1568 814 1608 polius
832 1567 1017 1598 ministrum
1044 1567 1159 1598 veneni
1179 1567 1402 1606 excruciaret,

80 1617 243 1646 auctorem
264 1615 462 1654 exquireret,
488 1614 583 1644 insita
611 1614 750 1654 denique
771 1615 866 1645 etiam
897 1613 929 1643 in
955 1617 1126 1644 extraneos
1152 1615 1355 1646 cunctatione
1371 1619 1404 1646 et

80 1671 170 1693 mora
186 1662 357 1693 adversum
372 1662 503 1692 unicum
520 1664 552 1692 et
573 1661 693 1692 nullius
710 1662 784 1692 ante
802 1660 912 1701 flagitii
938 1663 1140 1700 compertum
1157 1663 1328 1692 uteretur?
1341 1663 1400 1693 Sed

79 1709 156 1748 quia
173 1710 306 1749 Sejanus
320 1709 497 1740 facinorum
512 1709 656 1739 omnium
673 1708 684 1726 ²
705 1710 850 1748 repertor
866 1708 1064 1747 habebatur,
1088 1716 1127 1739 ex
1145 1708 1404 1740 nimiarcaritate

79 1755 114 1787 iu
131 1764 204 1787 eum
220 1757 354 1788 Caesaris
372 1758 405 1787 et
422 1758 604 1787 ceterorum
621 1755 654 1785 in
670 1756 845 1794 utrumque
862 1754 937 1785 odio
954 1754 1106 1794 quamvis
1130 1754 1274 1786 fabulosa
1290 1758 1321 1786 et
1342 1756 1403 1786 im-

85 1803 192 1834 mania
206 1803 428 1842 credebantur,
445 1803 600 1833 atrociore
613 1812 738 1842 semper
754 1803 839 1833 salita
851 1811 924 1841 erga
940 1801 1177 1833 dominantium
1193 1803 1307 1833 exitus.
1324 1803 1404 1833 ordo

83 1849 201 1888 alioqui
216 1850 358 1889 sceleris,
376 1858 431 1888 per
448 1850 613 1890 Apicatam
628 1850 731 1888 SeJani
747 1848 906 1888 proditus,
924 1849 1093 1879 tormentis
1109 1849 1240 1880 Eudemi
1255 1858 1291 1880 ac
1305 1849 1404 1888 Lygdi

83 1895 261 1935 patefactus
277 1897 337 1928 est.
354 1904 458 1935 neque
477 1896 646 1935 quisquam
669 1896 805 1934 scriptor
817 1895 884 1926 tam
903 1895 1044 1926 infensus
1063 1895 1206 1934 exstitit,
1224 1900 1261 1926 ut
1276 1896 1404 1926 Tiberio

80 1941 268 1981 objectaret,
288 1951 387 1982 quum
404 1943 512 1973 omnia
528 1943 589 1973 alia
606 1942 832 1982 conquirerent
857 1942 1134 1980 intenderentque.
1155 1942 1232 1972 milii
1253 1942 1403 1973 tradendi

82 1989 299 2029 arguendique
319 1990 458 2020 rumoris
476 1998 571 2020 causa
588 1989 648 2020 suit
664 2014 671 2028 ,
690 1991 727 2019 ut
749 1989 835 2020 claro
853 1988 914 2018 sub
931 1988 1079 2027 exemplo
1105 1988 1202 2019 salsas
1225 1988 1406 2020 auditiones

83 2034 285 2076 depellerem,
300 2039 504 2077 peteremque
521 2037 560 2068 ab
576 2037 629 2075 iis,
650 2044 788 2076 quorum
805 2035 838 2066 in
854 2044 969 2066 manus
985 2043 1061 2065 eura
1080 2036 1188 2065 nostra
1210 2035 1346 2074 venerit,
1364 2045 1404 2068 ne

80 2082 246 2121 divulgata
261 2084 358 2123 atque
371 2083 570 2115 incredibilia
589 2083 684 2115 avide
697 2085 826 2123 accepta
849 2083 934 2113 veris
953 2090 1057 2122 neque
1076 2082 1109 2112 in
1125 2081 1317 2113 miraculum
1337 2091 1405 2113 cor-

83 2130 186 2171 ruptis
200 2131 426 2163 antehabeant.

127 2180 192 2208 ΧΙΙ.
218 2180 365 2209 Ceterum
387 2178 541 2213 laudante
561 2178 662 2210 filium
686 2187 744 2219 pro
767 2177 878 2208 rostris
899 2177 1026 2208 Tiberio
1049 2180 1177 2208 senatus
1200 2176 1405 2217 populusque

85 2220 229 2255 habitum
244 2233 281 2256 ac
295 2234 389 2257 voces
402 2225 566 2257 dolentum
583 2225 789 2257 simulatione
807 2223 908 2263 magis
924 2232 1022 2264 quam
1044 2223 1145 2255 libens
1161 2223 1334 2263 induebat,
1349 2223 1405 2254 do·-

116 2315 159 2339 lx.
175 2320 197 2339 ι.
212 2316 242 2340 V.
257 2317 288 2346 11,
300 2323 335 2342 ss.
347 2331 376 2335 —
385 2323 408 2342 ε.
419 2320 454 2343 Ex
463 2318 672 2347 Sabini5,1³.omae
685 2318 796 2347 Appius
812 2317 951 2342 Claudius
963 2317 1060 2346 dictuS,
1069 2319 1166 2341 auctor
1178 2318 1268 2347 gentis
1280 2316 1403 2342 Claudiae.

115 2349 150 2373 X·
172 2355 194 2374 ι.
205 2351 247 2375 Sc.
261 2358 318 2376 rem
336 2355 384 2377 aut
396 2354 617 2378 consilium—2-
634 2354 777 2383 Ambigua
790 2359 847 2377 rem
862 2359 915 2377 non
928 2354 1023 2382 aperte
1040 2353 1222 2382 significante.

115 2385 164 2409 Xl.
185 2390 206 2410 ¹.
226 2387 299 2411 Adeo
310 2389 407 2413 utnon
420 2390 522 2419 potius;
536 2395 625 2419 neque
639 2390 729 2420 potius
740 2388 808 2413 min-
826 2389 878 2412 ete.
892 2401 920 2405 —
930 2393 954 2413 2.
969 2388 1062 2413 Omnis
1072 2389 1189 2418 generis.

1240 2436 1263 2468 5
