1539 2668
466 169 507 206 A.
529 170 567 200 U.
587 170 624 199 C.
648 169 720 199 818.
744 170 782 199 A.
804 171 840 201 C.
864 171 916 201 6⁵.
1291 175 1359 204 2421

30 243 207 285 publicam
222 241 232 260 ⁴
246 241 397 282 faceret.
415 241 534 274 etenim
555 250 669 281 expers
686 242 913 280 conjurationis
934 244 1013 282 erat,
1033 243 1181 284 quamvis
1197 253 1293 285 super
1314 255 1359 280 eo·

33 289 167 322 crimine
183 293 265 321 Nero
280 291 372 320 vetus
388 288 544 320 adversus
559 288 717 319 insontem
735 288 844 320 odium
860 289 871 307 ⁵
896 290 1083 330 expleverit.

67 340 154 368 Lm.
169 335 311 368 Tandem
329 337 467 367 statuere
484 335 675 366 circensium
693 335 842 366 ludorum
855 335 907 367 die
918 359 927 375 ,
949 336 1003 376 qui
1016 337 1121 368 Cereri
1137 337 1314 370 celebratur
1327 339 1358 381 ¹,

34 383 165 424 exsequi
180 382 348 421 destinata,
365 383 439 422 quia
456 386 572 421 Caesar,
593 390 685 413 rarus
701 391 825 422 egressu
845 382 1004 423 domoque
1025 384 1082 415 aut
1095 384 1195 416 bortis
1209 386 1353 427 clausus,

33 431 73 463 ad
89 430 212 461 ludicra
225 430 306 461 Circi
320 429 508 469 ventitabat,
526 429 803 470 promptioresque
816 429 920 461 aditus
933 432 1023 462 erant
1039 430 1153 462 laetitia
1168 433 1352 469 spectaculi.

33 476 186 509 Ordinem
213 476 337 508 insidiis
370 477 617 516 composuerant
642 485 649 506 :
680 489 695 503 «
714 479 750 508 ut
776 478 967 517 Lateranus,
991 477 1082 517 quasi
1104 477 1283 509 subsidium
1310 478 1355 510 rei

35 537 51 552 «
73 523 219 555 familiari
242 526 362 563 oraret,
379 523 647 563 deprecabundus
670 525 701 554 et
720 523 854 563 genibus
879 523 1032 564 Principis
1054 525 1201 556 accidens
1218 527 1357 565 proster-

35 583 52 599 «
68 573 156 602 neret
180 571 344 601 incautum
373 572 615 610 premeremus,
643 570 740 601 animi
765 570 893 601 validus
920 573 952 602 et
975 579 1107 611 corpore
1128 571 1259 612 ingens,
1284 575 1355 604 tum

36 628 53 645 «ι
70 617 229 657 J'acentem
252 619 283 648 et
299 617 489 657 impeditum
514 616 634 648 tribuni
659 619 691 648 et
706 617 909 648 centuriones
926 620 957 648 et
973 619 1152 650 ceterorum
1170 619 1357 660 utquisque

35 674 50 690 a
73 663 235 695 audentiae
265 664 337 703 plus
371 663 552 702 habuisset,
586 665 788 695 accurrerent
812 664 1084 704 trucidarentque,
1099 677 1113 691 n
1145 665 1263 705 primas
1294 666 1359 698 sibi

31 710 138 750 partes
151 711 372 750 expostulante
391 711 553 749 Scaevino,
570 711 625 750 qui
641 711 813 751 pugionem
832 711 954 750 templo
977 711 1093 742 Salutis
1115 711 1160 752 [in
1187 712 1325 752 Etruria]
1343 711 1354 729 ²

32 756 117 795 sive,
141 759 177 787 ut
199 757 251 788 alii
272 757 448 795 tradidere,
472 759 622 788 Fortunae
644 758 811 788 Ferentino
834 758 866 788 in
890 757 1006 797 oppido
1032 757 1230 798 detraxerat,
1254 761 1356 798 gesta-

32 800 151 842 batque
177 804 265 836 velut
286 813 402 844 magno
426 804 514 843 operi
553 812 690 834 sacrum.
720 817 733 830 «
749 804 877 834 interim
906 804 977 835 Piso
1003 805 1086 844 apud
1107 805 1208 836 aedem
1235 806 1362 837 Cereris-

37 857 53 873 «
74 850 286 890 opperiretur,
309 851 393 882 unde
415 859 492 881 eum
515 850 685 890 prrcsectus
714 851 831 881 Fenius
847 852 879 881 et
893 850 991 881 ceteri
1014 851 1152 881 accitum
1182 852 1300 883 ferrent
1325 852 1358 884 in

35 905 52 922 (ι
80 897 202 937 castra,
235 899 406 929 comitante
428 898 563 929 Antonia
586 897 708 928 Claudii
729 897 867 929 Caesaris
897 897 961 928 filia
989 898 1027 928 ad
1057 898 1245 929 eliciendum
1271 899 1362 939 vulgi-

35 953 52 969 «
70 941 231 975 favorem:
250 958 265 972 υ
281 945 368 985 quod
386 947 424 976 C.
440 944 561 976 Plinius
582 945 750 975 memorat.
767 944 857 975 nobis
872 953 1003 984 quoquo
1015 944 1112 975 modo
1126 945 1277 976 traditum
1293 955 1357 977 non

33 990 193 1023 occultare
213 992 244 1023 in
259 993 365 1024 animo
384 991 453 1029 suit,
471 991 618 1031 quamvis
633 990 812 1022 absurdum
830 991 992 1023 videretur
1002 992 1059 1022 aut
1075 991 1201 1022 inanem
1214 992 1253 1022 ad
1266 1001 1358 1032 spem

34 1037 203 1069 Antoniam
218 1048 334 1070 nomen
352 1041 383 1070 et
396 1038 572 1079 periculum
593 1037 861 1077 commodavisse,
885 1039 941 1069 aut
957 1038 1102 1069 Pisonem
1119 1042 1232 1069 notum
1250 1045 1359 1069 amore

33 1085 144 1116 uxoris
164 1085 216 1117 alii
238 1086 443 1117 matrimonio
461 1094 495 1117 se
513 1084 736 1124 obstrinxisse,
754 1084 814 1116 nisi
834 1085 860 1116 si
877 1085 994 1125 cupido
1020 1085 1208 1117 dominandi
1232 1085 1358 1117 cunctis

34 1130 204 1163 affectibus
219 1132 401 1172 flagrantior
414 1134 473 1164 est.

76 1181 153 1209 LIV.
178 1179 235 1210 Sed
262 1180 379 1210 mirum
395 1187 492 1219 quam
517 1179 601 1209 inter
617 1177 735 1208 diversi
759 1178 898 1217 generis,
922 1179 1061 1218 ordinis,
1090 1180 1217 1217 aetatis,
1243 1186 1357 1217 sexus,

35 1224 133 1263 dites,
152 1235 307 1266 pauperes
323 1225 541 1257 taciturnitate
557 1224 666 1255 omnia
683 1224 822 1255 cohibita
837 1225 921 1264 sint,
947 1225 1049 1256 donec
1065 1225 1203 1265 proditio
1220 1225 1316 1264 coepit
1341 1231 1358 1254 e

34 1271 131 1303 domo
148 1273 306 1305 Scaevini:
325 1273 380 1313 qui
398 1272 498 1312 pridie
515 1271 703 1302 insidiarum
718 1272 820 1303 multo
835 1280 981 1303 sermone
995 1280 1069 1302 cum
1086 1272 1223 1303 Antonio
1235 1271 1358 1310 Natale‚

36 1317 110 1350 dein
136 1328 296 1359 regressus
317 1319 452 1351 domum
472 1319 700 1350 testamentum
716 1318 915 1358 obsignavit,
943 1310 1129 1371 promptum
1154 1327 1214 1358 ηιξ,
1206 1319 1267 1349 ina
1296 1327 1358 1358 pu·

35 1365 179 1405 gionem,
205 1366 245 1397 de
274 1375 338 1406 quo
367 1374 464 1406 supra
483 1365 597 1403 retuli,
626 1367 799 1396 vetustate
824 1365 984 1396 obtusum
1009 1365 1176 1405 increpans
1201 1367 1359 1404 asperwi

35 1421 119 1445 saxo
135 1414 168 1444 et
188 1414 222 1444 in
240 1421 436 1444 mucronem
453 1411 650 1444 ardescere*
673 1411 784 1451 jussit,
807 1420 943 1451 eamque
960 1420 1069 1443 curam
1096 1412 1206 1442 liberto
1229 1411 1358 1442 Milicho

35 1458 210 1491 mandavit.
231 1459 326 1490 simul
343 1459 526 1491 affluentius
543 1458 635 1490 solito
656 1458 843 1489 convivium
864 1458 997 1497 initum3
1022 1467 1188 1490 servorum
1206 1457 1359 1488 carissimi

35 1504 184 1537 libertate
200 1507 232 1537 et
251 1506 303 1537 alii
322 1506 457 1547 pecunia
471 1505 589 1537 donati.
607 1506 702 1544 atque
717 1504 782 1545 ipse
810 1507 943 1536 mustus
960 1507 991 1537 et
1005 1514 1129 1545 magnac
1157 1503 1360 1543 cogitationis

35 1551 224 1584 manifestus
238 1555 318 1593 erat,
334 1553 482 1593 quamvis
504 1552 647 1584 laetitiam
665 1552 753 1591 vagis
773 1552 973 1583 sermonibus
996 1552 1170 1583 simularet.
1198 1553 1359 1591 postremo

35 1599 235 1632 vulneribus
257 1600 462 1640 liqamenta,
493 1600 680 1641 quibusque
705 1601 844 1630 sistitur
871 1601 1034 1639 sanquis,
1055 1606 1183 1640 parare
1209 1597 1360 1629 eumdem

36 1646 198 1678 Milichum
217 1650 344 1686 monet,
373 1647 440 1679 sive
461 1656 597 1687 gnarum
624 1645 854 1686 conjurationis
877 1648 909 1677 et
930 1646 1006 1677 illuc
1032 1653 1136 1686 usquc
1156 1644 1273 1682 fidum,
1302 1652 1359 1675 seu

35 1693 179 1725 nescium
195 1695 228 1724 et
241 1694 320 1724 tunc
334 1694 476 1734 primum
492 1694 625 1734 arreptis
643 1693 878 1733 suspicionibus
889 1717 897 1732 ,
920 1694 957 1724 ut
977 1691 1117 1733 plerique
1134 1690 1295 1722 tradidere
1320 1689 1360 1721 de

37 1740 307 1780 consequentibus
322 1739 347 1771 ².
363 1750 436 1771 nam
450 1749 551 1780 quum
564 1749 674 1772 secum
689 1740 812 1772 servilis
826 1740 953 1771 animus
966 1739 1098 1780 praemia
1112 1737 1252 1779 perfidiae
1266 1746 1360 1777 repu-

36 1786 128 1824 tavit,
146 1786 308 1827 simuique
322 1787 478 1818 immensa
499 1788 633 1827 pecunia
649 1789 681 1819 et
705 1787 845 1827 potentia
867 1786 1133 1825 obversabantur,
1151 1785 1247 1816 cessit
1270 1784 1314 1814 fas
1329 1783 1361 1814 et

37 1833 125 1864 salus
142 1834 266 1873 patroni
283 1835 314 1864 et
330 1835 469 1873 acceptae
485 1834 641 1866 libertatis
662 1834 827 1865 memoria.
847 1833 964 1865 etenim
985 1834 1094 1864 uxoris
1110 1841 1238 1872 quoque
1256 1830 1362 1862 consi-.-

37 1878 118 1911 lium
137 1882 352 1920 assumpserat
373 1880 527 1911 muliebre
541 1890 578 1911 ac
594 1881 734 1911 deterius
751 1890 757 1910 :
782 1880 899 1919 quippe
917 1881 1002 1911 ultro
1021 1877 1144 1910 metum
1166 1878 1361 1915 intentabat,

42 1938 57 1954 «
76 1927 258 1967 multosque
273 1927 410 1958 astitisse
428 1926 557 1958 libertos
574 1936 611 1958 ac
625 1935 747 1965 servos,
759 1926 814 1966 qui
831 1926 942 1957 eadem
952 1926 1091 1956 viderint
1098 1936 1107 1964 ;
1126 1925 1359 1964 nihilprosutu-

42 1986 58 2002 «
74 1982 146 2005 rum
156 1974 252 2005 unius
265 1973 441 2013 silentium3
449 1975 481 2005 at
491 1974 622 2014 praemia
631 1982 726 2014 penes
736 1981 837 2004 unum
847 1973 926 2012 sore,
935 1973 989 2012 qui
998 1972 1114 2003 indicio
1121 1971 1358 2012 praevenisset.»

81 2025 144 2053 LV.
170 2021 269 2061 Igitur
285 2022 389 2061 coepta
408 2021 479 2052 luce
508 2021 653 2052 Milichus
673 2021 706 2051 in
725 2020 835 2051 hortos
850 2019 1039 2051 Servilianos
1064 2018 1182 2059 pergit3
1209 2020 1240 2049 et
1257 2025 1358 2057 quum

40 2068 162 2100 foribus
179 2069 352 2108 arceretur,
372 2077 501 2108 magna
515 2070 547 2099 et
572 2069 705 2099 atrocia
722 2066 857 2106 afferre
885 2066 1054 2106 dictitans,
1072 2065 1295 2104 deductusque
1320 2062 1360 2094 ah

39 2115 230 2155 janitoribus
248 2115 286 2146 ad
304 2115 454 2147 libertum
468 2117 601 2147 Neronis
614 2113 862 2155 Epaphroditum
881 2113 905 2154 ¹,
922 2122 998 2145 mox
1015 2113 1055 2145 ab
1073 2121 1110 2144 eo
1124 2112 1164 2144 ad
1183 2116 1359 2149 Neronem,

45 2187 260 2215 exsurgeret.-⁴.
275 2185 356 2215 Quasi
369 2192 417 2210 suo
428 2191 539 2209 munere
550 2186 599 2215 ipsi
613 2185 768 2209 datam—5.
784 2185 821 2208 De
833 2190 886 2214 quo
900 2190 927 2208 v.
942 2183 1012 2208 intra
1026 2189 1049 2207 c.
1066 2188 1102 2211 ee,
1116 2187 1153 2206 69.

73 2221 139 2245 L111.
160 2226 180 2244 ι.
197 2221 243 2244 Die
257 2226 283 2244 ¹9
299 2221 434 2251 Aprili,ad
448 2227 527 2250 quem
542 2222 568 2244 in
584 2221 667 2245 Fastis
681 2221 814 2244 circenses
827 2219 957 2244 cerealici
970 2219 1190 2243 referuntur.-2.
1201 2216 1292 2240 Glossa
1301 2221 1359 2240 esse

44 2255 150 2280 videtur
166 2256 199 2279 ad
216 2256 403 2280 Fer-enititum
419 2256 556 2286 oppidum
573 2256 628 2280 sive
653 2256 806 2280 Ferentium
826 2254 986 2279 referenda:
1007 2258 1161 2284 quanquam
1183 2252 1358 2280 manuscripti

44 2290 213 2320 Γέτεηίαηο,
232 2291 265 2315 de
278 2292 403 2321 Ferento,
425 2291 526 2322 Apuliae
547 2292 656 2321 oppido.
673 2291 814 2320 Templum
834 2290 932 2315 Salutis
951 2289 1053 2315 clarum
1071 2290 1158 2313 Romae
1180 2288 1208 2311 in
1229 2286 1360 2315 Quirinali

45 2327 147 2350 monte.

76 2361 138 2384 LIV.
155 2366 173 2384 ι.
187 2361 220 2385 Ut
252 2363 391 2390 asperatus
416 2363 477 2386 cote
490 2367 647 2386 mucronem
661 2362 717 2386 sive
743 2362 827 2386 aciem
841 2361 955 2391 accipiat
968 2361 996 2385 et
1009 2359 1244 2391 splendescat.-2.
1260 2357 1298 2381 Ex
1324 2355 1358 2380 iis

46 2400 105 2425 quae
119 2395 319 2420 comitabantur
332 2398 359 2420 et
371 2397 554 2426 sequebantur
567 2397 679 2427 facinus,
695 2398 745 2421 hoc
760 2397 931 2425 colligentes.

76 2430 123 2454 LV.
143 2436 161 2454 ¹·
185 2436 206 2455 ²-
224 2431 275 2460 Qui
291 2433 348 2456 erat
366 2431 468 2458 Neroni
486 2439 505 2458 a
528 2432 640 2458 libellis.
652 2434 729 2463 quasi
747 2433 820 2458 dicas
834 2431 939 2458 maitre
956 2431 1004 2457 des
1021 2428 1156 2461 requetes.

1169 2482 1232 2510 11.
