1539 2668
115 203 152 233 14
516 202 648 232 TAcrrl
669 179 879 232 ANnALmM
900 203 972 232 un.
997 203 1023 233 Ι.-

114 295 130 309 «ι
147 279 257 312 statim
286 277 432 317 recipias.
452 290 467 305 »
492 276 670 309 commotis
692 285 749 317 per
773 276 845 309 haec
865 278 1028 310 mentibus
1045 278 1078 310 et
1100 277 1182 310 inter
1198 286 1232 310 se
1248 280 1406 320 suspectis
1418 305 1428 322 ,

112 329 249 360 tironem
264 335 282 357 a
297 328 449 357 veterano
462 348 470 363 ,
482 324 639 364 legionem
657 332 675 354 a
692 323 815 364 legione
834 325 1021 357 dissociant.
1045 329 1116 357 tum
1143 325 1246 357 redire
1263 325 1429 366 paullatim

110 384 202 408 amor
217 373 363 413 obsequii
379 382 386 403 z
404 372 558 403 omittunt
574 373 703 412 portas,
724 371 813 412 signa
827 381 928 404 unum
947 373 980 404 in
997 373 1104 405 locum
1126 372 1283 413 principio
1302 372 1428 405 seditio-

109 424 160 455 nis
172 422 362 461 congregata
378 428 452 450 suas
468 419 501 449 in
517 418 609 450 sedes
626 418 776 450 referunt.

150 472 256 501 XXIX.
283 472 406 498 Drusus
420 468 490 497 orto
507 465 558 496 die
573 466 606 497 et
622 467 736 497 vocata
762 466 934 505 concione,
952 475 1148 507 quamquam
1170 466 1259 498 rudis
1275 466 1426 506 dicendi,

108 516 274 547 nobilitate
293 514 445 554 ingenita,
462 513 588 544 incusat
604 513 722 553 priora,
739 513 855 554 probat
877 514 1051 554 praesentia
1067 523 1075 545 :
1090 516 1182 554 negat
1201 522 1235 546 se
1250 516 1382 546 terrore
1396 516 1429 546 et

107 564 207 594 minis
223 563 310 594 vinei
321 574 332 599 ,·
340 560 453 601 flexos
469 559 515 591 ad
529 559 733 591 modestiam
752 562 781 592 si
798 561 934 600 videat,
947 563 977 592 si
991 562 1161 601 supplices
1184 561 1330 601 audiat,
1347 563 1429 593 serl-

103 612 251 650 plurum
263 610 379 649 patri,
394 610 433 639 ut
444 608 611 648 placatus
632 607 803 647 leqz'onum
811 617 930 648 preces
954 610 1135 649 exciperet.
1155 608 1335 643 orantibus,
1361 616 1428 639 rur-

105 665 178 688 sum
203 655 289 687 idem
314 655 435 686 Blaesus
463 657 494 685 et
518 658 552 685 L.
585 653 765 694 Apronius,
784 664 882 695 eques
905 659 1070 686 Romanus
1087 664 1104 686 e
1125 656 1258 687 cohorte
1277 654 1373 687 Drusi
1390 654 1398 672 ¹
1416 678 1425 693 ,

105 704 283 742 Justusque
308 701 482 738 Catonius,
508 700 603 741 primi
626 700 749 732 ordinis
776 702 920 733 centurio
937 701 968 741 ²,
997 702 1037 733 ad
1063 702 1224 733 Tiberium
1243 701 1426 733 mittuntur.

105 751 268 780 Certatum
285 748 358 779 inde
372 748 560 787 sententiis,
580 756 682 787 quum
704 747 757 779 alii
775 760 789 775 «
806 749 1018 789 opperiendos
1039 749 1159 788 legatos
1185 752 1283 789 atque
1300 748 1426 780 interim

106 807 122 822 «
137 795 287 827 comitate
304 794 570 836 permulcendum
586 794 723 826 militem
741 808 755 822 n
771 800 957 835 censerent,
972 796 1025 828 alii
1043 810 1057 823 u
1072 796 1260 827 fortioribus
1277 794 1427 827 remediis

106 856 122 870 «
137 843 294 883 agendum
312 853 319 873 ε
338 843 414 873 nihil
434 842 465 872 in
484 842 582 880 vulgo
600 842 781 883 modicum3
795 845 912 875 terrere
928 843 952 883 ³,
973 844 1004 874 ni
1023 846 1182 884 paveant3
1198 843 1253 875 ubi
1275 841 1428 884 pertimu-

106 901 121 917 α
136 889 235 929 crint,
257 890 388 929 impune
409 889 590 920 contemni:
609 890 688 921 dum
708 890 896 930 superstitio
921 894 1050 931 urgeat,
1076 890 1273 929 adjiciendos
1288 898 1328 921 ex
1344 890 1428 922 duce

105 948 122 963 κ
137 939 243 968 metus
255 937 390 968 sublatis
405 937 572 968 seditionis
584 936 784 968 auctoribus.
802 950 817 965 »
834 942 1023 979 Promptum
1037 938 1075 969 ad
1091 938 1252 978 asperiora
1264 935 1427 977 ingenium

103 985 209 1015 Druso
236 987 314 1015 erat.
341 988 473 1015 vocatos
494 984 688 1016 Vibulenum
714 987 746 1016 et
771 985 981 1016 Percennium
1011 984 1143 1016 interfici
1168 985 1270 1024 jubet.
1293 984 1427 1017 tradunt

101 1029 244 1071 plerique
263 1031 347 1062 intra
370 1031 616 1063 tabernaculum
641 1031 736 1064 ducis
752 1031 887 1063 obrutos
903 1031 912 1050 ⁴
929 1056 938 1071 ,
965 1032 1018 1064 alii
1036 1040 1170 1072 corpora
1194 1034 1284 1063 extra
1305 1030 1425 1063 vallum

100 1077 225 1117 abjecta
242 1078 393 1110 ostentui.

142 1128 232 1156 XXX.
258 1130 356 1158 Tum,
375 1126 410 1156 ut
433 1124 571 1165 quisque
594 1126 776 1166 praecipuus
794 1124 963 1163 turbator,
984 1125 1157 1165 conquisiti
1173 1137 1179 1155 :
1194 1126 1226 1156 et
1241 1134 1317 1165 pars
1336 1126 1426 1156 extra

99 1174 203 1204 castra
218 1174 362 1213 palantes
375 1182 392 1204 a
402 1173 647 1205 centurionibus
660 1176 716 1205 aut
733 1173 957 1214 praetoriarum
973 1174 1156 1205 cohortium
1167 1173 1325 1204 militibus
1338 1172 1425 1211 caesi,

99 1220 257 1260 quosdam
280 1220 336 1260 ipsi
364 1221 539 1260 manipuli,
560 1221 791 1252 documentum
817 1219 909 1259 fidei,
935 1219 1107 1250 tradidere.
1133 1223 1266 1251 auxerat
1284 1219 1425 1251 militum

97 1275 193 1298 curas
208 1270 401 1307 praematura
416 1267 530 1305 hiems,
544 1267 705 1298 imbribus
720 1267 883 1298 continuis
904 1266 1049 1306 adeoque
1061 1267 1169 1304 saevis,
1188 1270 1222 1297 ut
1236 1275 1303 1297 non
1319 1264 1426 1306 egredi

97 1314 247 1351 tentoria,
264 1314 447 1353 congregari
467 1314 550 1344 inter
567 1322 600 1345 se
612 1337 620 1352 ,
644 1314 696 1344 vix
721 1313 821 1344 tutari
840 1313 846 1330 ¹
869 1313 960 1352 signa
977 1316 1124 1352 possent,
1139 1321 1213 1353 quae
1228 1312 1358 1344 turbine
1380 1313 1426 1345 at-

98 1367 161 1399 que
180 1360 267 1391 unda
284 1360 502 1399 raptabantur.
522 1360 660 1391 durabat
676 1363 707 1391 et
725 1359 863 1391 formido
883 1359 1023 1390 coelestis
1041 1359 1108 1397 irae,
1128 1368 1188 1391 nec
1199 1359 1346 1398 frustra
1360 1360 1422 1392 ad-

96 1413 217 1438 versus
237 1409 357 1445 impios
373 1406 547 1437 hebescere
569 1407 707 1446 sidera,
735 1414 838 1437 ruere
856 1407 1075 1445 tempestates
1092 1415 1098 1435 :
1116 1415 1179 1437 non
1203 1406 1303 1438 aliud
1318 1408 1424 1439 malo-

96 1459 176 1484 rum
191 1453 424 1484 levamentum
440 1461 549 1493 qusint
561 1455 590 1484 sl
608 1454 803 1494 linquerent
815 1455 935 1484 castra
948 1452 1106 1493 infausta
1126 1455 1374 1495 temerataque,
1390 1457 1424 1487 et

95 1501 201 1532 soluti
214 1501 357 1539 piaculo
371 1502 442 1530 suis
455 1502 598 1541 quisque
612 1500 764 1532 hibernis
783 1499 1023 1531 redderentur.
1043 1500 1181 1539 primurn
1198 1502 1331 1539 octava,
1347 1500 1423 1533 dein

96 1546 343 1588 quintadecuma
364 1547 444 1586 legio
466 1546 597 1579 rediere,
622 1556 768 1578 nonanus
784 1546 1010 1587 opperiendas
1033 1546 1155 1578 Tiberii
1177 1547 1340 1586 epistolas
1361 1547 1421 1579 cla-

95 1594 267 1625 mitaverat
285 1604 292 1625 z
310 1603 384 1624 mox
413 1594 576 1625 desolatus
603 1594 739 1625 aliorum
762 1593 957 1625 discessione
975 1617 983 1631 ,
1009 1593 1232 1625 imminentem
1253 1594 1421 1626 necessita-

94 1642 160 1673 tem
180 1644 294 1681 sponte
313 1641 476 1681 praevenit.
496 1645 527 1672 et
543 1645 665 1672 Drusus
689 1650 752 1672 non
770 1644 954 1681 exspectato
970 1641 1146 1681 legatorum
1163 1649 1326 1683 regressu,
1345 1641 1422 1682 quia

95 1688 262 1728 praesentia
279 1689 356 1719 satis
373 1688 585 1720 consederant
597 1688 608 1706 ²
620 1711 629 1727 ,
646 1688 678 1719 in
697 1688 815 1720 Urbem
835 1688 936 1719 rediit.

135 1739 242 1767 XXxl.
270 1735 385 1766 lisdem
413 1736 510 1766 ser-me
532 1735 664 1774 diebus,
696 1735 809 1767 iisdem
831 1735 939 1766 causis
962 1734 1159 1766 Germanicae
1184 1734 1325 1775 legiones
1354 1738 1419 1768 tur-
1456 1761 1458 1763 .

94 1782 190 1820 batae,
207 1786 327 1822 quanto
348 1782 466 1822 plures,
488 1785 577 1813 tanto
596 1782 766 1813 violentius
780 1806 788 1821 ,
806 1784 837 1813 et
858 1790 974 1821 magna
991 1790 1047 1821 spe
1065 1782 1130 1812 sore
1149 1784 1186 1813 ut
1213 1782 1419 1814 Germanicus

93 1832 199 1861 Caesar
220 1829 388 1869 imperium
414 1829 546 1860 alterius
570 1829 639 1869 pati
663 1830 828 1869 nequiret,
851 1829 1006 1868 daretque
1029 1837 1063 1860 se
1089 1828 1285 1869 legionibus,
1310 1829 1420 1862 visua

92 1878 209 1907 cuncta
227 1877 387 1907 tracturis.
415 1876 480 1907 dno
497 1876 581 1916 apud
605 1877 708 1916 ripam
730 1876 832 1908 Rheni
856 1876 1018 1907 exercitus
1031 1878 1122 1906 erant
1141 1885 1147 1906 :
1165 1875 1216 1906 cui
1234 1884 1350 1908 nomen
1367 1885 1418 1908 su-

91 1922 208 1963 periori
231 1946 240 1961 ‚
263 1923 324 1954 sub
347 1927 381 1954 C.
409 1923 485 1954 Silio
509 1923 631 1963 lega203
660 1923 842 1954 inferiorem
865 1926 902 1954 A.
931 1923 1057 1954 Caecina
1079 1922 1213 1953 curabat
1232 1922 1253 1953 ⁶.
1278 1923 1417 1963 regimen

92 1977 230 2001 summac
249 1970 291 2000 rei
311 1979 407 2010 penes
421 1970 665 2010 Germanicum,
681 1970 802 2011 agendo
818 1970 989 2002 Galliarum
1004 1969 1113 2000 censui
1129 1968 1140 1986 ²
1160 1972 1230 2001 tum
1245 1970 1416 2003 intentum.

92 2015 145 2046 sed
165 2017 282 2056 quibus
300 2016 395 2047 Silius
414 2016 660 2056 moderabatur,
681 2020 788 2048 menie
809 2017 961 2057 ambigna
977 2016 1140 2047 fortunam
1164 2015 1333 2048 seditionis
1347 2017 1417 2050 alie·

91 2070 142 2093 nan
157 2062 170 2079 ³
194 2064 462 2103 speculabantui·;
486 2064 645 2095 inferioris
670 2065 830 2096 exercitus
852 2064 944 2095 miles
971 2063 1003 2094 in
1020 2062 1140 2093 rabiem
1160 2062 1329 2103 prolapsus
1350 2066 1416 2103 est,

91 2111 162 2140 orto
180 2109 221 2140 ab
241 2110 542 2142 unaetviccsimanis
555 2111 785 2152 quintanisque
806 2110 899 2142 initio
924 2112 956 2142 et
975 2110 1083 2140 tractis
1109 2109 1213 2150 prima
1235 2118 1365 2150 quoque
1380 2118 1418 2142 ac

91 2155 245 2188 vicesima
260 2157 439 2198 legionibus
455 2167 462 2187 :
479 2166 553 2188 nam
569 2158 686 2189 iisdem
702 2157 827 2190 aestivis
839 2157 873 2187 in
889 2155 1009 2187 finibus
1031 2157 1187 2188 Ubiorum
1214 2155 1416 2188 habebantur

119 2250 218 2275 xxm.
241 2255 262 2274 ι.
282 2251 318 2275 Ex
342 2250 517 2275 familiaribus
536 2252 583 2280 qui
603 2251 808 2276 comitabantur
826 2252 952 2276 Drusum.
970 2263 999 2268 -
1021 2255 1044 2275 2.
1063 2250 1265 2280 Primipilarius.
1277 2262 1307 2268 —
1321 2254 1335 2274 ³
1362 2251 1415 2276 Eos

89 2286 228 2315 (umqum)
241 2286 267 2310 in
282 2287 414 2310 terrori-ni
432 2286 576 2315 conjicere.
591 2299 617 2303 --
631 2292 655 2311 4.
672 2288 714 2311 Sc.
730 2289 812 2316 terra,
825 2286 991 2310 inhumatos

119 2321 206 2345 XXX.
229 2327 251 2345 ι.
275 2322 368 2345 Erech·
383 2327 504 2345 servare.
525 2322 581 2346 Hoc
601 2327 710 2352 quoque
729 2323 790 2346 erat.
804 2326 851 2351 pro
863 2322 921 2345 diro
943 2321 1047 2350 omine;
1063 2326 1126 2344 nam
1141 2321 1218 2351 signa
1231 2322 1311 2346 erant
1327 2321 1414 2345 instar

90 2357 228 2381 numinum
243 2357 399 2386 legionibus.
411 2370 436 2373 —
447 2362 471 2382 ἡ.
482 2357 577 2382 sedata
588 2359 678 2382 erant.

119 2391 214 2415 XXXl.
232 2397 251 2415 ι.
270 2394 405 2422 Augustus
415 2393 575 2416 orientalem
588 2392 700 2416 Galliam
713 2392 846 2422 Belgicam
861 2392 887 2416 in
901 2391 966 2415 duas
978 2393 1070 2422 partes
1083 2391 1221 2421 diviserat,
1234 2391 1430 2422 superiorem-¹

90 2425 118 2461 et
131 2425 298 2454 insertorem
318 2428 501 2452 Germaniam
519 2427 623 2452 dictas:
637 2428 700 2452 hinc
717 2429 825 2452 nomina
844 2427 888 2451 illa
907 2426 1080 2451 exercitibus.
1092 2432 1161 2451 ——2
1176 2428 1260 2456 Quem
1277 2427 1411 2456 Augustus

90 2461 245 2487 msntuerat
266 2469 290 2487 a.
304 2463 335 2488 U.
350 2468 448 2492 ⁷27„-
469 2469 494 2488 s.
509 2464 571 2493 Ejus
588 2469 668 2493 quam
685 2465 808 2488 moverat
821 2463 957 2488 exercitus
975 2463 1096 2486 interior.
1110 2474 1140 2480 --
1156 2467 1176 2486 4.
1189 2461 1280 2487 Turba
1298 2461 1411 2486 urbana.
