1539 2668
142 161 182 191 72
539 158 672 189 TAclTl
694 159 903 189 ANNALIUM
926 161 1000 190 LIB.
1024 162 1079 191 111.

141 232 338 274 placabilior.
355 234 458 272 Atque
473 232 579 271 idem,
603 241 706 272 quum
724 231 869 265 Valerius
887 233 1081 265 Messalinus
1101 236 1236 274 stonum
1256 236 1403 268 aureum
1427 238 1463 268 in

140 279 214 313 oede
226 281 353 312 Martis
372 280 511 320 Ultoris,
529 279 656 311 caecina
671 283 809 311 severus
823 288 926 311 aram
942 281 1066 312 ultioni
1078 280 1303 313 statuendam
1324 283 1464 314 censuis-

138 327 230 366 sent,
246 326 429 367 prohibuit,
452 326 492 358 ob
507 328 671 358 externas
691 334 733 358 ea
754 328 913 359 victorias
936 330 1073 359 sacrari
1093 328 1246 359 dictitans
1258 352 1267 367 ,
1281 328 1465 361 domestica

139 374 238 406 mala
254 375 396 405 tristitia
410 372 422 391 ²
439 372 634 413 operienda.
659 372 834 404 Addiderat
848 373 1039 405 Messalinus
1054 398 1063 414 ‚
1092 374 1223 406 Tiberio
1245 376 1279 406 et
1300 377 1465 416 Auyustoe

137 421 173 452 et
194 421 351 452 Antoniae
372 421 406 451 et
421 421 617 460 Aqrippz‘nae
639 421 820 460 Drusoque
844 419 884 451 ob
911 420 1098 452 vindictam
1127 422 1319 452 Germanici
1349 424 1466 461 qrates

136 467 289 508 aqendas
301 492 311 507 ,
345 467 559 506 omiseratque
577 466 702 498 Claudii
728 467 936 499 mentionem.
964 468 998 499 et
1026 468 1234 499 Messalinum
1268 468 1400 508 quidem
1427 474 1466 502 L.

137 516 299 554 Asprenas
326 514 439 545 senatu
456 521 566 544 coram
586 514 816 553 percunctatus
834 515 885 545 est
898 538 907 553 ,
928 522 975 545 an
996 514 1154 554 prudens
1172 516 1408 555 praeterissem
1428 525 1466 548 ac

135 563 206 593 tum
223 561 355 592 demum
369 568 487 591 nomen
501 559 622 591 Claudii
638 559 650 578 ³
665 560 842 601 ascriptum
857 563 917 592 est.
936 560 1028 600 mihi,
1042 563 1163 601 quanto
1180 561 1272 601 plura
1287 563 1465 594 recentium

135 616 193 639 seu
211 610 357 639 veterum
374 607 506 639 revolvo
521 631 531 648 ‚
554 609 646 639 tanto
669 608 772 648 magis
797 606 936 639 ludibria
953 616 1061 639 rerum
1079 608 1266 639 mortalium
1287 609 1416 640 cunctis
1432 609 1466 640 in

137 654 274 695 negotiis
291 653 519 686 obversantur.
536 654 658 695 quippe
680 655 784 689 fama.
809 663 885 694 spe,
913 654 1121 686 veneratione
1143 654 1253 694 potius
1279 664 1390 687 omnes
1416 655 1466 687 de-

135 701 342 733 stinabantur
362 700 513 742 imperio,
531 711 629 743 quam
643 710 740 743 quem
756 701 905 733 futurum
927 701 1107 742 Principem
1132 701 1262 733 fortuna
1278 703 1315 733 in
1337 703 1466 735 occulto

134 748 277 781 tenebat.

177 800 256 827 XIX.
282 796 395 827 Paucis
412 798 485 836 post
500 795 615 828 diebus
635 799 742 827 Caesar
758 796 871 827 auctor
886 795 1011 827 senatui
1036 795 1097 826 fuit
1128 796 1262 828 Vitellio
1278 797 1384 836 atque
1410 798 1468 829 Ve-

135 845 234 875 ranio
249 845 281 874 et
298 844 430 874 Servceo
441 843 637 875 sacerdotia
652 842 835 874 tribuendi.
851 842 998 874 Fulcinio
1019 842 1234 882 suffra—oium
1253 842 1301 874 ad
1323 843 1467 875 honores

135 890 320 932 pollicitus,
340 890 470 921 monuit
495 898 536 921 ne
547 890 761 930 facundiam
774 890 936 922 violentia
956 891 1205 930 praecipitaret.
1232 893 1260 921 1s
1283 889 1357 921 finis
1376 889 1462 921 fuit¹

135 936 316 968 ulciscenda
330 937 510 968 Germanici
527 938 644 975 morte,
662 945 727 968 non
749 937 847 968 modo
864 936 949 976 apud
976 936 1049 967 11105
1072 937 1218 968 homines
1240 937 1295 977 qni
1310 939 1381 968 tum
1396 944 1467 976 age-

134 985 225 1023 bant,
240 983 338 1015 etiam
354 983 475 1014 secutis
488 983 692 1024 temporibus
706 984 797 1014 vario
821 992 952 1014 rumore
964 984 1095 1023 jactata.
1112 983 1191 1014 adeo
1217 983 1358 1014 maxima
1380 992 1468 1023 quae-

136 1039 198 1071 quc
214 1031 364 1071 ambigua
376 1033 469 1069 sunt,
494 1031 573 1061 dum
597 1030 650 1061 alii
668 1040 799 1070 quoquo
816 1030 913 1061 modo
929 1030 1039 1062 audita
1060 1040 1119 1071 pro
1136 1030 1310 1070 compertis
1324 1029 1444 1061 liabent
1456 1054 1466 1070 ,

134 1078 191 1110 alii
205 1087 279 1109 vera
299 1078 334 1108 in
352 1078 550 1109 contrarium
575 1079 719 1116 vertunt,
736 1080 768 1108 et
786 1078 894 1117 gliscit
911 1079 1085 1116 utrumque
1106 1078 1304 1117 posteritate.
1332 1078 1372 1108 At
1389 1081 1468 1108 Dru-

133 1133 190 1157 sus
207 1125 292 1157 Urbe
313 1133 458 1164 egressus
482 1124 665 1164 repetendis
688 1123 879 1163 auspiciis2,
901 1133 978 1154 mox
999 1132 1101 1154 ovans
1126 1123 1262 1154 introiit.
1285 1132 1469 1163 paucosque

134 1173 210 1212 post
223 1172 291 1203 dies
309 1171 463 1211 Vipsania
488 1173 590 1202 mater
607 1171 679 1209 ejus
696 1171 853 1210 excessit,
872 1180 936 1201 una
957 1170 1101 1201 omnium
1128 1170 1276 1210 Agrippae
1293 1170 1469 1202 liberorum

134 1219 208 1252 miti
220 1219 323 1250 obitu.
343 1227 419 1248 nam
439 1218 564 1248 ceteros
580 1217 792 1249 manifestum
819 1218 920 1257 ferro,
938 1217 991 1249 vel
1009 1217 1169 1248 creditum
1192 1218 1241 1249 est
1258 1225 1383 1248 veneno
1412 1218 1471 1249 aul:

134 1265 220 1298 fame
233 1265 413 1297 exstinctos
424 1264 434 1281 ³

177 1317 240 1345 XX.
262 1312 381 1344 Eodem
394 1321 479 1343 anno
494 1312 680 1343 Tacfarinas
691 1335 700 1351 ,
718 1320 813 1352 quem
827 1312 933 1351 priore
950 1312 1060 1343 aestate
1074 1311 1203 1351 pulsum
1217 1320 1235 1342 a
1249 1311 1384 1342 Camillo
1399 1319 1470 1343 me-

135 1360 260 1392 moravi
278 1360 303 1399 ¹,
316 1359 436 1390 bellum
455 1358 488 1388 in
503 1359 608 1389 Africa
622 1360 775 1396 renovat,
796 1359 886 1397 vagis
909 1358 1051 1397 primum
1076 1358 1339 1398 populationibus
1373 1361 1404 1390 et
1427 1358 1470 1390 ob

137 1406 365 1448 pernicitatem
390 1404 520 1443 inultis,
543 1404 617 1435 dein
642 1404 733 1435 vicos
745 1405 958 1444 {exsenium-e,
979 1405 1107 1436 trahere
1128 1413 1242 1444 graves
1255 1404 1397 1445 praedas;
1415 1414 1471 1445 po-

133 1455 255 1487 stremo
279 1452 365 1484 haud
389 1451 503 1492 procul
520 1451 640 1491 Pagida
660 1451 791 1482 flumine
807 1451 818 1469 ²
847 1452 1013 1483 cohortem
1038 1456 1217 1483 Romanam
1246 1452 1468 1485 circumsedit.

134 1502 272 1542 praeerat
286 1500 418 1531 castello
436 1499 571 1530 Decrius
584 1522 593 1538 ‚
610 1498 745 1538 impiger
762 1508 861 1529 manu
874 1522 882 1537 ,
900 1499 1059 1530 exercitus
1076 1499 1192 1530 militia
1208 1523 1217 1539 ,
1237 1502 1269 1530 et
1283 1499 1371 1530 illam
1387 1499 1471 1531 obsi-

135 1548 266 1580 dionem
281 1547 392 1586 ssagitii
409 1546 419 1563 ³
437 1547 539 1577 ratus.
556 1546 583 1576 is
598 1546 785 1576 cohortatus
805 1546 924 1576 milites
936 1570 945 1585 ,
963 1548 1003 1577 ut
1014 1549 1147 1586 copiam
1154 1554 1285 1586 puqnae
1297 1548 1332 1577 z‘n
1346 1536 1471 1588 apertio

129 1594 312 1636 facerent,
339 1593 441 1625 aciem
465 1602 523 1632 pro
547 1593 661 1624 castris
678 1593 821 1624 instruit.
850 1593 1020 1633 primoque
1046 1594 1171 1633 impetu
1194 1593 1288 1632 pulsa
1313 1593 1469 1634 cohorte,

135 1643 307 1682 promptus
324 1641 407 1672 inter
422 1640 486 1670 tela
500 1640 650 1670 occursat
676 1639 877 1679 fugientibus
888 1664 897 1679 ,
925 1640 1070 1679 increpat
1089 1640 1276 1679 signiferos,
1302 1640 1392 1680 quod
1421 1642 1469 1674 in-

136 1689 281 1722 conditis
296 1690 359 1719 aut
375 1687 606 1718 desertoribus
620 1687 717 1718 miles
731 1689 908 1718 Romanus
932 1689 1030 1726 tcrqa
1052 1687 1172 1725 daret3
1193 1687 1288 1718 simul
1306 1687 1439 1726 excepta
1455 1687 1465 1704 ⁴

135 1736 280 1773 vulnera,
298 1736 329 1766 et
345 1743 543 1774 quamquam
559 1733 730 1764 transfosso
746 1734 852 1772 oculo,
868 1733 1039 1764 adversum
1054 1742 1090 1764 os
1104 1735 1138 1764 in
1151 1733 1275 1764 hostem
1290 1733 1469 1774 intendit-⁵,

136 1791 241 1823 neque
254 1782 404 1822 proelium
420 1781 542 1819 omisit,
560 1780 664 1811 donec
681 1780 829 1811 desertus
847 1780 915 1811 suis
930 1781 1068 1811 caderet.

178 1833 257 1861 XXI.
283 1831 363 1866 Quae
378 1831 549 1869 postquam
563 1832 596 1859 L.
613 1827 757 1867 Apronio
774 1827 784 1866 (
800 1836 874 1858 nam
892 1828 1028 1858 Camillo
1044 1826 1267 1866 successerat)
1281 1828 1445 1867 comperta
1458 1852 1467 1868 ‚

136 1877 239 1917 magis
255 1876 409 1908 dedecore
425 1884 556 1907 suorum
573 1883 671 1914 quam
685 1874 788 1914 gloria
801 1874 903 1905 hostis
920 1875 1036 1905 anxius
1048 1898 1056 1913 ‚
1076 1884 1148 1905 raro
1171 1883 1208 1905 ea
1229 1876 1420 1914 tempestate
1436 1877 1468 1906 et

136 1933 155 1956 e
170 1928 280 1955 vetere
296 1923 453 1954 memoria
467 1922 608 1953 facinore
622 1921 796 1952 decumum
811 1930 972 1961 quemque
990 1921 1212 1961 ignominiosae
1226 1921 1366 1952 cohortis
1381 1924 1469 1953 sorte

134 1971 254 2002 ductos
268 1971 344 2002 susti
358 1971 462 2001 necat.
479 1971 671 2008 tantumque
687 1969 858 2000 severitate
874 1969 1054 2009 profectum
1072 1993 1081 2008 ‚
1108 1971 1144 1999 111
1159 1968 1317 1999 vexillum
1341 1969 1468 1999 vetera-

139 2027 268 2058 norum,
283 2027 348 2048 non
364 2017 503 2057 amplius
517 2016 683 2056 quingenti
697 2025 845 2056 numero,
860 2016 987 2047 easdem
1005 2015 1218 2046 Tacfarinatis
1237 2015 1345 2054 copias
1359 2039 1368 2054 ‚
1387 2023 1467 2054 proe-

137 2064 257 2096 sidium
272 2065 324 2095 cui
340 2065 439 2095 Thala
461 2073 579 2095 nomen
592 2072 755 2104 aggressas
766 2087 774 2102 ‚
796 2063 949 2094 fuderint.
973 2072 1037 2102 quo
1053 2062 1166 2103 proelio
1183 2063 1286 2093 Rufus
1311 2061 1444 2093 Helvius
1459 2085 1468 2101 ,

137 2111 304 2152 gregarius
319 2111 410 2143 miles
425 2134 434 2151 ‚
454 2112 573 2143 servati
589 2112 671 2143 civis
696 2111 795 2144 decus
815 2110 943 2151 retulit,
969 2109 1171 2150 donatusque
1198 2110 1246 2141 est
1267 2108 1307 2140 ab
1326 2108 1468 2150 Apronio

140 2214 164 2235 2
177 2210 268 2238 Tristi,
281 2209 393 2238 lugente
404 2208 523 2233 silentio.
536 2221 565 2227 —
577 2215 600 2234 ³.
614 2210 710 2234 Postea
724 2208 902 2239 imperatoris.

173 2246 244 2270 xlx.
262 2251 281 2269 1.
294 2246 391 2269 Factus
413 2246 454 2268 est
467 2244 494 2268 in
507 2245 564 2268 ule.
579 2246 633 2269 etc.
646 2251 708 2269 -2.
729 2247 783 2270 Lex
803 2245 880 2268 erat:
898 2243 1057 2267 proconsul
1072 2243 1186 2272 portam
1208 2243 1303 2267 Romoe
1323 2242 1467 2272 inaressus

142 2280 261 2310 deponit
274 2280 436 2310 imperium.
449 2280 509 2303 Jam
523 2279 577 2303 exit
593 2280 664 2304 Urbe
679 2282 708 2305 ut
720 2280 861 2310 imperium
872 2280 1023 2303 resumeret
1039 2280 1066 2302 et
1079 2279 1181 2302 honore
1192 2278 1274 2302 dilato
1293 2279 1328 2307 (v.
1353 2283 1412 2307 cap.
1435 2278 1467 2306 11)

143 2317 287 2345 potiretur.
300 2328 328 2332 —
342 2322 363 2339 5.
378 2317 415 2340 De
429 2316 503 2344 Caio,
520 2315 601 2339 Lucio
615 2317 642 2339 et
656 2317 784 2340 Postumo
795 2320 876 2344 supra
890 2316 1066 2339 memoratum
1078 2314 1098 2343 1,
1113 2319 1126 2337 5
1139 2315 1165 2338 et
1176 2319 1199 2342 c,
1214 2314 1247 2338 de
1259 2313 1330 2338 Julia
1346 2313 1465 2342 infralv‚

143 2351 225 2380 ⁷«,de
236 2352 383 2382 Agrippina
397 2352 439 2381 Vl,
457 2357 494 2375 25.

177 2388 235 2411 xx.
255 2393 275 2410 1.
288 2388 319 2416 11,
334 2391 369 2410 52.
379 2400 407 2403 —
418 2392 440 2411 2.
456 2387 581 2411 Fortasse
594 2385 713 2411 Abeadh
733 2387 763 2411 in
784 2385 962 2411 Constantina
977 2385 1127 2414 provincia.
1137 2397 1165 2404 —
1177 2390 1199 2410 5.
1211 2386 1253 2410 Sc.
1268 2389 1341 2414 esse;
1351 2382 1466 2413 flagitio-

146 2427 217 2452 sam,
235 2422 394 2452 probrosam
408 2423 542 2448 Romanis.
553 2434 582 2439 -
593 2427 617 2447 4.
627 2422 670 2447 Sc.
689 2428 705 2446 a
717 2422 827 2449 Decrio.
840 2433 870 2439 -
879 2426 903 2446 5.
919 2420 1052 2445 Obvertit.
