1539 2668
595 146 646 174 DE
669 146 931 175 ORATORIBUS.
1367 152 1428 180 469

108 230 223 254 vereor
242 229 282 253 ne
304 220 382 252 milii
406 228 559 260 umquam
585 218 685 250 verba
709 219 743 249 in
766 220 882 250 senatu
908 218 972 250 nisi
1003 227 1061 259 pro
1089 218 1219 251 alterius
1244 221 1432 255 discrimine

106 269 254 301 facienda
271 268 348 299 sint.

149 318 219 347 XII.
242 319 403 346 «Nemora
421 323 500 346 vero
517 315 549 346 et
565 313 630 344 luei
647 314 680 344 et
699 314 857 344 secretum
876 313 996 353 ipsum,
1009 315 1094 354 quod
1112 319 1196 356 Aper
1208 315 1393 356 increpabat
1408 316 1432 354 ¹,

107 364 230 393 tantam
248 362 326 393 milii
347 362 487 393 asserunt
502 361 723 401 voluptatem,
745 364 780 390 nt
803 360 886 392 inter
908 361 1088 401 praecipuos
1107 363 1288 393 carminum
1310 364 1434 393 l'ructus

108 417 276 441 numerem
291 410 375 449 quod
392 418 454 439 non
469 409 501 439 in
516 408 656 448 strepitu
670 416 729 438 nec
742 407 873 438 sedente
886 410 959 438 ante
972 409 1092 440 ostium
1107 410 1266 449 litigatore
1279 418 1337 440 nec
1350 409 1434 440 inter

107 456 219 488 sordes
244 466 280 488 ac
306 457 455 488 lacrimas
475 455 628 487 reornm²
649 457 915 495 componuntnr,
936 456 991 486 sed
1018 456 1138 487 secedit
1160 458 1288 488 animus
1311 457 1342 487 in
1364 456 1433 487 loca

108 513 189 544 pura
202 507 299 544 atque
312 504 496 534 innocentia
509 527 518 542 ‚
534 503 720 543 fruiturque
734 502 867 533 sedibus
882 503 993 533 sacris.
1009 503 1077 533 llaec
1091 504 1284 544 eloquentiae
1298 503 1433 543 primor-

107 551 177 590 dia,
195 552 264 582 liaec
280 551 475 591 penetralia3
493 551 557 581 hoc
572 551 714 590 primum
731 549 843 580 liabitu
861 550 1016 589 cultuque
1031 552 1201 582 commoda
1213 551 1224 568 ³
1243 549 1435 582 mortalibus

113 596 146 629 in
163 600 216 630 illa
234 602 321 630 casta
339 600 370 629 et
387 598 483 629 nullis
501 600 650 628 contacta
669 597 757 628 vitiis
782 601 911 637 pectora
928 598 1078 636 inlluxil3
1102 599 1147 630 sic
1169 598 1299 630 oracula
1322 598 1434 637 loque-

113 646 241 677 bantur.
258 656 330 677 nam
346 647 482 677 lucrosae
503 644 599 683 liujus
621 647 653 675 et
672 644 898 682 sanguinantis
917 645 1110 684 eloquentiae
1126 655 1203 677 usus
1221 654 1330 676 recens
1346 647 1378 676 et
1394 653 1432 675 ex

109 695 201 726 malis
215 694 359 724 moribus
374 695 471 723 natus
483 715 491 730 ,
507 694 605 731 atque
619 717 627 730 ‚
643 694 678 722 nt
692 695 726 722 tu
741 691 871 722 dicebas
889 692 911 730 ²,
926 696 1021 732 Aper,
1037 693 1067 723 in
1086 693 1192 724 locum
1210 693 1263 724 teli
1279 694 1433 732 repertus.

107 746 256 773 Ceterum
273 741 347 772 felix
369 740 446 770 illud
462 743 492 770 et
506 762 514 777 ‚
536 741 571 769 ut
594 748 682 769 inore
699 742 811 770 nostro
828 739 953 778 loquar,
970 749 1103 771 aureum
1123 741 1297 779 saeculum,
1315 742 1346 770 et
1362 747 1434 769 ora·

106 793 214 822 torum
231 790 263 820 et
286 788 460 819 criminum
486 786 598 826 inops,
619 787 722 827 poetis
740 788 771 817 et
794 787 925 817 vatibus
948 786 1154 826 abundabat,
1176 788 1231 828 qui
1252 787 1332 818 bene
1351 786 1435 817 facta

106 838 279 875 canerent,
301 845 366 867 non
383 835 437 875 qui
462 835 547 866 male
565 835 704 866 admissa
722 834 942 865 defenderent.
964 844 1022 865 nee
1041 836 1113 866 ullis
1134 838 1190 866 aut
1211 835 1313 875 gloria
1333 834 1438 874 major

107 887 163 916 aut
187 883 353 923 augustior
374 883 492 921 honor,
519 882 660 922 primum
682 882 766 921 apud
787 882 864 913 deos
879 906 887 921 ,
905 892 1045 922 quorum
1066 883 1209 922 proferre
1232 890 1383 922 responsa
1404 882 1435 911 et

105 931 261 962 interesse
289 929 392 970 epulis
428 929 617 961 serebantur
632 953 641 968 ,
673 929 790 960 deinde
817 929 903 969 apud
930 930 1002 960 illos
1031 930 1092 961 diis
1117 930 1241 969 genitos
1264 937 1435 967 sacrosque

105 986 196 1017 reges
209 977 235 1016 ³,
250 977 334 1008 inter
347 985 428 1016 quos
442 976 608 1007 neminem
629 976 873 1007 causidicorum
889 1001 896 1015 ‚
919 977 975 1007 sed
997 970 1124 1017 Orphea
1140 979 1172 1007 et
1196 978 1310 1008 Linum
1322 1000 1330 1014 ,
1353 984 1391 1006 ac
1407 979 1433 1009 si

106 1025 322 1065 introspicere
338 1024 437 1055 altius
450 1024 532 1054 velis
545 1048 554 1063 ‚
575 1024 680 1063 ipsum
694 1024 874 1063 Apollinem
889 1024 1083 1064 accepimus.
1100 1025 1150 1055 vel
1164 1025 1190 1055 si
1207 1025 1275 1055 {iaec
1290 1023 1435 1055 sabulosa

106 1072 201 1102 nimis
219 1074 251 1103 et
267 1072 450 1111 composita
463 1071 473 1088 ὅ
495 1071 646 1101 videntur
658 1095 666 1109 ,
692 1071 769 1102 illud
786 1074 872 1102 certe
895 1073 973 1103 milii
991 1072 1159 1110 concedis,
1182 1077 1276 1111 Aper,
1294 1080 1357 1101 non
1374 1071 1435 1101 mi—

107 1127 218 1150 norem
235 1119 389 1150 bonorem
406 1123 543 1149 Homero
558 1127 656 1157 quam
672 1118 880 1149 Demostheni
897 1120 985 1159 apud
1003 1121 1150 1159 posteros
1164 1143 1171 1157 ,
1192 1128 1252 1149 nec
1270 1118 1435 1157 angustio-

107 1165 195 1196 ribus
217 1166 363 1197 terminis
385 1167 502 1196 famam
519 1165 677 1205 Euripidis
697 1171 754 1196 aut
776 1166 941 1205 Sophoclis
959 1175 1054 1206 quam
1072 1167 1175 1205 Lysiae
1195 1168 1252 1196 aut
1266 1164 1435 1204 Hyperidis

107 1212 243 1244 inc-ludi.
267 1215 378 1254 plnres
404 1213 498 1244 hodie
518 1214 657 1252 reperies
679 1214 734 1253 qui
758 1213 922 1244 Ciceronis
946 1214 1080 1253 gloriam
1105 1223 1203 1253 qnam
1230 1213 1286 1252 qui
1310 1212 1436 1250 Virgilii

107 1259 306 1300 detracten13
333 1271 391 1292 nec
419 1262 503 1292 ullus
526 1261 644 1292 Asinii7
674 1262 730 1292 aut
754 1261 895 1292 Messalae
912 1262 993 1293 liber
1018 1263 1085 1291 tam
1110 1261 1242 1291 illustris
1263 1262 1312 1291 est
1336 1267 1433 1298 qnam

108 1307 217 1338 Medea
234 1308 339 1339 Ovidii
357 1310 412 1339 aut
427 1308 514 1339 Varii
531 1308 687 1347 Thyestes
703 1309 727 1339 ⁸.

149 1358 230 1386 XIII.
248 1359 309 1386 «Ac
321 1365 360 1386 ne
378 1357 540 1386 fortunam
555 1356 684 1395 quidem
705 1359 814 1387 vatum
831 1358 861 1387 et
875 1355 953 1386 illud
965 1355 1042 1386 felix
1057 1354 1304 1386 contubernium
1321 1353 1326 1370 ¹
1348 1361 1434 1383 com-

108 1410 220 1441 parare
234 1402 397 1433 timuerim
413 1412 486 1434 cum
501 1403 644 1442 inquieta
657 1405 688 1433 et
702 1405 799 1434 anxia
813 1406 978 1434 oratorum
992 1403 1069 1433 vita.
1086 1402 1162 1433 licet
1175 1402 1246 1433 illos
1258 1400 1435 1432 certamina

108 1449 140 1478 et
157 1449 301 1487 pericula
319 1460 375 1481 sua
395 1451 434 1482 ad
452 1450 642 1481 consulatus
660 1451 847 1489 evexerint,
874 1451 957 1482 malo
977 1458 1125 1481 securum
1149 1451 1181 1480 et
1205 1449 1349 1489 quietum
1368 1447 1437 1477 Vir-

110 1494 174 1534 gilii
195 1505 355 1528 secessum
369 1522 377 1537 ‚
402 1497 435 1528 in
455 1507 521 1537 quo
543 1499 652 1529 tamen
668 1507 772 1537 neque
788 1498 871 1537 apud
891 1498 1003 1529 divum
1019 1500 1200 1537 Angustum
1217 1496 1316 1535 gratia
1332 1494 1437 1525 caruit

109 1551 213 1583 neque
235 1544 320 1584 apud
344 1546 498 1585 populum
515 1550 697 1576 Romanum
718 1547 844 1576 notitia.
869 1547 968 1577 testes
989 1546 1123 1585 Augusti
1145 1542 1328 1585 epistolue2‚
1346 1541 1438 1573 testis

109 1590 176 1629 ipse
195 1591 333 1631 populus
345 1615 354 1630 ,
369 1592 426 1631 qui
443 1592 562 1623 audilis
584 1593 616 1622 in
638 1592 766 1623 theatro
780 1593 903 1632 Virgilii
917 1594 1066 1624 versibus
1081 1594 1091 1610 ³
1110 1592 1252 1623 surrexit
1268 1590 1441 1621 universus

110 1638 143 1669 et
161 1638 242 1668 forte
263 1641 452 1678 praesentem
474 1641 742 1680 spectantemque
759 1640 929 1680 Virgilium
945 1643 1119 1674 veneratus
1136 1641 1183 1670 est
1200 1639 1246 1670 sic
1263 1636 1355 1677 quasi
1371 1640 1436 1667 Au—

111 1688 254 1723 gustum.
279 1690 324 1717 Ne
345 1687 462 1718 nostris
483 1688 614 1727 quidem
632 1687 832 1727 temporibus
850 1689 1015 1720 Secundus
1036 1686 1253 1727 Pomponius⁴
1279 1686 1354 1716 Asi-o
1376 1688 1438 1715 Do-

112 1732 204 1763 mitio
217 1732 227 1749 ⁵
244 1733 294 1764 vel
308 1733 466 1773 dignitate
480 1735 558 1765 vitae
574 1735 624 1765 vel
643 1735 859 1774 perpetuitate
877 1736 970 1766 samse
985 1737 1126 1767 cesserit.
1146 1744 1220 1766 nam
1235 1734 1367 1772 Crispus
1379 1732 1438 1762 iste

113 1782 145 1811 et
160 1781 326 1812 Marcellus
338 1804 346 1819 ,
360 1780 399 1811 ad
417 1790 556 1821 quorum
573 1782 721 1821 exempla
739 1791 789 1813 me
806 1792 904 1814 vocas
917 1784 943 1822 ⁶,
959 1783 1037 1822 quid
1052 1783 1170 1813 liabent
1187 1783 1217 1812 in
1233 1781 1291 1811 hac
1304 1789 1363 1811 sua
1377 1780 1439 1811 sor-

114 1830 194 1860 tuna
210 1829 531 1868 concupiscendum?
555 1829 642 1869 quod
669 1830 811 1861 timent?
834 1839 873 1861 an
891 1831 978 1870 quod
1001 1831 1177 1862 timentur?
1201 1828 1287 1868 quod
1301 1852 1310 1867 ,
1335 1836 1437 1867 quum

145 1952 203 1976 ΧΗ.
220 1957 240 1975 ι.
253 1953 313 1982 Cap.
328 1958 342 1976 9
354 1953 468 1976 sine-2.
481 1954 529 1982 Qui
544 1953 606 1977 hinc
618 1954 763 1977 sordidati
777 1954 919 1982 dicuntur,
933 1954 965 1978 ab
980 1954 1080 1978 amictu
1094 1953 1234 1983 neglecto,
1249 1951 1438 1976 sollicimdinis

116 1988 249 2011 teste.--5.
262 1988 428 2017 Opportuna,
444 1990 623 2018 prospiciens.
641 1988 769 2012 Nonnulli
784 1989 906 2012 scribunt
919 1989 1189 2013 commendata—4.
1204 1990 1265 2016 Cap.
1279 1993 1361 2011 isc-s.
1377 1987 1437 2011 Noti

117 2029 150 2046 ex
165 2025 281 2047 Homero
295 2018 436 2057 διογενεῖς
454 2025 481 2047 et
498 2020 658 2060 διοτρεφεῖς
676 2020 830 2059 βασιλῆες.
844 2030 903 2047 -ε,
916 2025 1000 2048 Ficta.
1013 2029 1074 2048 —⁷.
1091 2025 1196 2047 Asimus
1217 2022 1306 2049 Pollio,
1325 2022 1438 2051 Augusti

117 2058 220 2082 amicus
232 2076 238 2085 ,
254 2058 343 2081 inultae
356 2059 488 2082 fiber-tans
501 2061 605 2083 orator.
625 2059 765 2083 Celebrior
784 2066 815 2083 eo
828 2061 860 2083 M.
873 2059 993 2083 Valerius
1006 2060 1130 2083 Messala
1144 2059 1281 2083 Corvinus.
1293 2069 1322 2073 —
1332 2063 1354 2080 ε.
1369 2057 1437 2080 Con-

117 2094 201 2117 sentit
224 2100 284 2116 cuin
299 2094 391 2117 'tacito
404 2094 583 2123 Quintilianus
603 2095 628 2118 in
649 2095 729 2118 laude
748 2095 841 2118 harum
857 2096 1065 2124 tragoediarum,
1087 2096 1124 2123 Χ,
1141 2100 1149 2118 ¹
1165 2113 1169 2123 ,
1186 2095 1236 2126 §aa
1249 2100 1254 2115 z
1269 2093 1335 2116 Jam
1350 2092 1438 2115 Varie¹

120 2129 249 2158 Thyestes
272 2129 388 2153 cuilibet
409 2130 576 2154 Groecarum
591 2130 763 2159 (fabularum)
782 2130 948 2159 comparari
965 2133 1065 2160 potest.
1088 2130 1182 2154 Ovidii
1205 2129 1304 2153 Medea
1324 2128 1439 2151 videtur

117 2163 187 2187 milii
202 2165 348 2188 ostendere
361 2166 501 2194 quantum
515 2165 564 2189 ille
576 2165 622 2189 vir·
633 2167 774 2195 proestare
786 2166 922 2195 potuerit,
938 2167 962 2190 si
980 2166 1091 2196 inqem'o
1104 2172 1156 2190 suo
1173 2167 1332 2194 temperare
1353 2168 1438 2192 quam

118 2199 269 2228 indulqere
281 2200 439 2224 maluisset.

148 2234 222 2257 xlll.
241 2240 259 2258 i.
282 2236 324 2259 Sc.
338 2241 398 2260 cum
414 2236 496 2259 Musis
511 2237 538 2261 et
551 2236 599 2260 diis
610 2255 616 2265 ,
633 2237 660 2260 in
674 2236 830 2261 nemoribus
843 2237 870 2260 et
888 2237 963 2261 lueis.
974 2250 1001 2254 —
1012 2242 1033 2260 2.
1047 2238 1116 2266 Quas
1130 2236 1286 2265 frequentes
1301 2233 1333 2257 ad
1354 2232 1439 2261 Virga·-

119 2269 184 2293 lium
199 2269 293 2297 dabam
307 2276 332 2293 v.
347 2271 465 2295 Macrob.
480 2272 539 2296 Sat.
553 2273 577 2301 I,
594 2277 637 2298 2⁴,
651 2279 675 2302 p.
691 2278 733 2296 :225
746 2272 833 2301 Bip.-
843 2278 864 2296 5.
877 2273 927 2302 Qui
942 2278 990 2302 per
1001 2274 1133 2296 cantores
1146 2272 1173 2295 in
1190 2276 1271 2295 scena
1286 2267 1439 2292 recitaban-

120 2305 179 2332 tur,
197 2304 258 2327 dum
280 2307 437 2334 pantomimi
450 2309 526 2336 gestu
544 2309 671 2337 motuque
684 2314 740 2332 rein
753 2307 946 2337 exprimebant.
958 2321 985 2325 —
997 2313 1016 2332 ⁴.
1031 2308 1161 2337 Tragicus
1176 2308 1254 2336 poeta
1267 2304 1392 2328 laudatus
1404 2301 1438 2340 ob

120 2339 311 2363 eruditionem
330 2343 359 2365 et
372 2342 494 2366 nitorem
507 2343 627 2372 (Quintil.
645 2344 704 2367 loeo
718 2344 783 2372 cit),
798 2343 830 2367 de
845 2349 897 2372 quo
911 2344 945 2367 ad
958 2345 1033 2369 Ann.
1047 2344 1077 2369 V.
1094 2349 1121 2370 ας
1139 2343 1195 2370 ΧΗ,
1209 2347 1246 2365 28.
1257 2353 1284 2357 —-
1294 2344 1317 2363 ὅ.
1331 2339 1437 2362 Orat⁰r¹

121 2374 191 2399 nlius
206 2376 334 2405 temporis
350 2378 486 2407 primario,
504 2379 536 2402 de
551 2384 603 2408 quo
616 2382 688 2404 Arm.
703 2380 741 2408 lv,
755 2384 792 2407 52,
807 2379 961 2408 Quintilian.
979 2379 1045 2404 ibid.
1061 2379 1074 2409 ς
1091 2384 1140 2402 ¹¹8.
1151 2390 1178 2395 —
1188 2383 1213 2402 e.
1227 2376 1294 2401 Vide
1311 2379 1369 2404 cap·
1382 2377 1395 2396 5
1412 2372 1438 2395 οἱ
