1539 2668
480 142 515 169 A.
541 141 578 169 U.
604 140 638 168 C.
665 140 735 169 804.
762 141 797 170 A.
823 141 858 169 C.
883 140 934 168 51.
1309 139 1369 170 175

43 216 214 257 Agrippina
228 216 332 246 multo
348 216 464 255 questu
480 214 518 245 ad
536 214 690 245 maritum
709 214 811 245 defert
827 224 834 245 :
855 217 970 255 sperni
991 213 1110 253 quippe
1127 212 1346 253 adoptionem
1358 242 1369 258 ‚

45 271 189 306 quoeque
201 265 397 294 censuerint
413 264 547 301 Patres,
555 262 700 301 jusserit
716 262 864 301 populus
877 262 903 300 ⁴,
918 262 1014 291 intra
1026 262 1170 300 penates
1183 260 1344 300 abroqari
1359 270 1371 299 ;

46 319 88 344 ac
104 311 169 341 nisi
181 311 338 350 pravitas
355 311 425 340 lam
440 308 575 347 infensa
590 308 783 339 docentium
803 310 986 342 arceatur,
1015 309 1188 346 eruplnra
1207 309 1239 337 in
1254 307 1371 346 publi·

44 365 121 389 cam
132 358 331 397 perniciem.
351 358 534 387 commotus
551 356 576 387 is
595 355 686 395 quasi
705 355 914 394 criminibus,
929 354 1090 394 optimum
1113 363 1275 394 quemque
1291 354 1373 385 edu-

45 406 188 435 catorem
213 403 270 435 filii
291 403 404 434 exsiiio
425 411 463 433 ac
480 404 584 433 morte
606 402 724 441 afticit,
752 401 910 441 datosque
933 410 951 432 a
973 409 1113 432 noverca
1127 401 1286 432 custodiae
1303 402 1373 441 ejus

43 450 193 491 imponit.

87 501 179 529 XLII.
205 497 353 528 Nondum
367 497 475 527 tamen
492 505 618 527 summa
636 496 742 527 moliri
767 495 941 535 Agrippina
967 493 1106 526 audebat
1121 519 1130 533 ,
1156 495 1188 526 ni
1212 495 1375 535 praetoria·

45 553 118 576 rum
137 543 317 576 cohortium
333 552 409 574 cura
422 543 668 574 exsolverentur
693 543 810 574 Lusius
828 546 904 573 Geta
918 545 951 574 et
969 542 1080 573 Rufius
1097 542 1275 582 Crispinus,
1293 553 1377 583 quos

43 591 225 623 Messalinae
240 600 400 622 memores
416 593 448 622 et
464 591 571 621 liberis
586 591 656 630 ejus
669 591 838 621 devinctos
852 590 1014 620 credebat.
1038 590 1136 628 igitur
1149 589 1303 622 distrahi
1321 600 1379 623 co·

47 636 162 670 hortes
187 639 321 669 ambitu
340 638 507 677 (luorum,
532 639 564 669 et
590 639 620 668 si
639 637 683 668 ab
706 646 774 668 uno
798 638 1002 676 reyerentnr
1017 661 1025 676 ‚
1056 638 1277 668 intentiorem
1293 637 1379 677 sore

44 684 266 725 disciplinam
278 688 482 716 asseverante
496 693 606 722 uxore,
624 685 815 715 transfertur
831 684 971 723 regimen
988 684 1170 715 cohortium
1185 684 1224 714 ad
1237 688 1377 716 Burrum

46 732 236 771 Afranium,
254 733 389 772 egregiae
406 732 551 763 militaris
581 731 693 769 famae,
714 739 849 770 guarum
871 734 980 761 tamen
994 731 1087 769 eujus
1103 735 1216 771 sponte
1233 732 1377 771 praelice-

46 779 147 811 retur.
163 783 261 811 Suum
278 788 407 820 quoque
423 779 586 818 fastigium
601 779 771 818 Agrippina
786 778 940 810 extollere
954 778 1049 808 altius
1065 788 1072 808 :
1087 781 1240 818 carpento
1253 779 1379 820 Capito-

47 825 129 857 lium
143 826 264 866 ingredi
281 851 289 865 ,
309 827 364 866 qui
380 835 450 856 mos
467 825 690 856 sacerdotibus
704 828 735 855 et
749 825 849 855 sacris
868 825 872 841 ¹
895 824 1075 864 antiquitus
1098 834 1268 857 concessus
1284 835 1379 857 vene—

48 874 206 905 rationem
225 873 362 913 augebat
380 873 508 903 feminae
521 897 529 911 ,
545 881 641 912 quam
661 873 855 911 imperatore
869 871 880 889 2
897 873 1038 911 genitam
1056 895 1064 909 ,
1083 880 1226 903 sororem
1240 874 1308 913 ejus
1323 873 1380 913 qui

48 928 156 952 rerum
175 921 297 960 potitus
311 921 369 958 sit,
388 923 419 951 et
436 920 605 959 conjugem
623 922 653 950 et
672 923 806 950 matrem
825 918 921 950 fuisse
937 918 948 935 ³
963 943 971 957 ,
989 920 1117 949 unicum
1135 920 1175 950 ad
1194 920 1279 951 hunc
1294 920 1380 952 diem

48 969 234 1008 exemplum
246 971 304 999 est.
319 971 405 999 Inter
416 976 488 1007 qnae
501 968 683 1007 pra’cipuus
698 969 917 1006 propugnator
925 967 995 1005 ejus
1009 970 1029 995 v
1038 966 1169 1006 itellius,
1180 967 1381 999 validissima

49 1013 169 1056 gratia,
194 1017 287 1045 aetate
310 1017 455 1046 extrema
483 1014 585 1053 (adeo
610 1014 740 1044 incertae
765 1014 841 1044 sunt
868 1013 1049 1054 potentium
1084 1014 1153 1052 res)
1173 1014 1382 1045 accusatione

50 1062 239 1102 corripitur,
256 1061 416 1093 deferente
433 1061 530 1092 Junio
548 1065 636 1100 Lupo
651 1063 811 1092 senatore.
831 1061 858 1091 is
873 1060 1009 1090 crimina
1026 1060 1202 1099 majestatis
1218 1062 1249 1092 et
1263 1061 1384 1101 cupidi-

49 1118 125 1142 nem
136 1109 260 1149 imperii
278 1108 471 1147 objectabat.
488 1109 742 1148 praebuissetque
759 1116 854 1138 aures
871 1111 977 1138 Caesar
988 1132 995 1145 ,
1013 1108 1074 1138 nisi
1089 1107 1270 1148 Agrippinae
1286 1108 1384 1138 minis

52 1155 156 1193 magis
170 1164 267 1194 qnam
282 1155 431 1194 precibus
449 1158 594 1185 mutatus
611 1158 693 1185 esset
706 1179 714 1192 ,
730 1158 765 1184 ut
779 1154 961 1185 accusatori
979 1163 1062 1194 aqua
1079 1157 1176 1194 atque
1189 1154 1263 1194 igne
1281 1155 1385 1187 inter-

50 1201 186 1232 diceret.
205 1202 360 1232 hactenus
377 1201 385 1219 “¹
406 1201 552 1232 Vitellius
568 1202 724 1231 voluerat.

95 1252 201 1280 XLIII.
228 1249 328 1279 Multa
345 1257 382 1279 eo
400 1257 484 1278 anno
502 1248 649 1288 prodigia
662 1256 811 1277 evenere.
831 1247 992 1277 incessum
1019 1247 1096 1277 diris
1117 1247 1233 1279 avibus
1257 1249 1388 1289 Capito·

52 1296 132 1327 lium
146 1320 154 1335 ,
171 1295 293 1326 crebris
325 1299 418 1326 terrae
446 1295 588 1325 motibus
618 1296 759 1334 proruta¹
787 1294 901 1324 domus
915 1317 923 1331 ,
942 1302 978 1324 ac
994 1293 1071 1324 dum
1095 1294 1188 1325 latius
1208 1296 1384 1336 metuitur,

52 1343 265 1382 trepidatione
289 1342 375 1380 vulgi
404 1341 564 1372 invalidus
590 1342 729 1380 quisque
747 1341 858 1371 obtriti
876 1350 882 1370 t
903 1341 1030 1379 frugum
1059 1350 1189 1380 quoque
1209 1347 1330 1380 egestas
1352 1348 1385 1374 et

50 1394 123 1420 orta
140 1399 178 1420 ex
194 1398 232 1421 eo
249 1389 345 1419 fames
360 1389 390 1418 in
409 1388 590 1428 prodigium
608 1388 837 1427 accipiebatur⁴
858 1396 914 1418 nec
931 1388 1050 1418 occulti
1063 1390 1190 1418 tantum
1207 1393 1344 1428 questus
1358 1392 1385 1429 ¹,

53 1437 110 1468 s÷·d
129 1438 202 1475 J'ura
222 1436 407 1467 reddentem
423 1435 591 1466 Claudium
606 1435 844 1465 circumvasere
859 1434 1056 1465 clamoribus
1070 1434 1206 1465 turbidis
1218 1460 1226 1473 ,
1243 1437 1388 1475 pulsum-

51 1485 162 1524 quein
175 1486 354 1515 extremam
373 1483 430 1512 fori
452 1485 575 1522 partem
594 1482 624 1512 vi
642 1483 814 1520 urgebant,
842 1482 945 1512 donec
966 1482 1105 1513 militum
1123 1482 1216 1521 globo
1242 1484 1388 1517 infensos

53 1531 210 1573 perrupit.
229 1530 415 1570 quindecim
435 1530 559 1560 dierum
577 1530 728 1560 alimenta
742 1529 833 1567 Urbi,
850 1538 912 1560 non
938 1530 1076 1569 amplius
1096 1531 1289 1570 superfuisse
1309 1540 1387 1562 con-

51 1579 162 1618 stitit;
184 1586 364 1618 magnaque
378 1577 475 1608 desim
493 1576 689 1616 benignitate
716 1579 748 1607 et
772 1576 930 1607 modestia
955 1577 1067 1607 hiemis
1083 1576 1094 1593 ²
1120 1576 1214 1608 rebus
1230 1580 1387 1611 extremis

53 1623 263 1657 'subventum
286 1628 317 1655 at
341 1625 477 1655 Hercule
501 1624 578 1654 olim
602 1624 694 1654 Italia
720 1624 902 1663 legionibus
926 1624 1118 1663 longinquas
1146 1624 1178 1654 in
1205 1625 1388 1664 provincias

51 1672 254 1704 'commeatus
279 1671 447 1712 portabat,
470 1679 528 1702 nec
554 1680 642 1701 nunc
665 1671 896 1702 infecunditate
922 1670 1118 1702 laboratur.³
1136 1680 1143 1700 :
1162 1671 1219 1702 sed
1246 1672 1386 1705 Africam

53 1720 164 1764 potius
178 1721 210 1750 et
228 1721 392 1759 .13g)ptu1n
410 1727 596 1749 exercemus
611 1718 620 1736 ⁴
634 1741 643 1757 ‚
668 1718 872 1757 navibusque
896 1721 928 1749 et
950 1717 1079 1749 casibus
1102 1717 1169 1749 vita
1187 1719 1296 1760 populi
1322 1724 1390 1752 Ro·

54 1767 143 1805 mani
160 1767 315 1806 permissa
329 1767 388 1796 est.

97 1816 202 1845 XLIV.
229 1812 344 1843 Eodem
360 1820 444 1843 anno
461 1811 580 1843 bellum
607 1812 690 1842 inter
710 1811 879 1843 Armenios
899 1811 1076 1851 Iberosque
1098 1815 1246 1843 exortum
1261 1813 1389 1845 Parthis

54 1867 185 1901 quoque
202 1867 240 1890 ac
252 1858 404 1889 Romanis
420 1858 684 1898 gravissimorum
700 1858 783 1889 inter
795 1868 828 1889 se
844 1861 992 1889 motuum
1009 1868 1106 1890 causa
1122 1859 1192 1889 suit.
1212 1860 1297 1898 genti
1314 1864 1389 1892 Par-

54 1906 186 1939 thorum
202 1905 371 1944 Vologeses
384 1905 600 1944 imperitabat,
616 1907 759 1935 materna
774 1905 897 1943 origine
910 1913 950 1936 ex
965 1905 1075 1945 pellice
1092 1910 1214 1943 Graeca,
1232 1915 1389 1939 concessu

56 1954 193 1985 fratrum
210 1960 343 1992 regnum
358 1951 493 1992 adeptus
510 1952 515 1968 ¹
531 1963 539 1990 ;
561 1951 668 1982 Iberos
689 1951 921 1982 Pharasmanes
938 1954 1065 1983 vetusta
1087 1952 1289 1991 possessione
1303 1978 1310 1992 ,
1337 1961 1391 1986 Ar·
1432 1951 1435 1956 '

55 2008 169 2034 menos
190 1999 288 2030 frater
305 2000 375 2039 ejus
390 1998 595 2030 Mithridates
615 1997 782 2029 obtinebat
799 1998 916 2038 opibus
937 1998 1068 2029 nostris.
1093 2002 1159 2029 erat
1180 1999 1389 2033 Pharasmani

55 2047 142 2080 filius
167 2046 300 2077 nominc
323 2044 570 2084 Rhadamistus,
599 2045 715 2076 decora
736 2046 949 2085 proceritate,
978 2045 1012 2076 vi
1031 2046 1176 2085 corporis
1198 2045 1333 2086 insignis
1356 2052 1390 2080 ei.

57 2146 186 2175 virorum,
202 2145 428 2175 triumphantium
438 2157 465 2162 -—
477 2151 501 2169 5.
517 2146 568 2174 Qui
582 2145 644 2175 lege
655 2146 758 2168 curiata
773 2144 953 2168 confirmabat
967 2144 1213 2169 senatusconsulta.

87 2182 162 2206 XLH.
179 2187 199 2206 ι.
214 2182 245 2205 Et
262 2181 339 2204 festis·
353 2181 461 2210 quidem
475 2181 579 2209 diebus,
594 2182 702 2210 quando
719 2186 797 2204 sacra
821 2181 931 2204 fiebant.
946 2181 1100 2210 Agrippinae
1116 2181 1210 2204 numis
1226 2183 1390 2211 carpentum

55 2217 182 2241 incusum
203 2217 334 2240 cernitur.
345 2221 406 2240 —2-
421 2217 599 2240 Germanico:
612 2223 636 2240 v.
656 2217 674 2243 i,
688 2222 725 2239 33,
743 2229 770 2232 —
785 2223 806 2240 5.
819 2216 945 2246 Caligulae
958 2222 1037 2240 soi-or
1047 2235 1052 2245 ,
1064 2216 1168 2240 Claudii
1180 2222 1257 2246 uxor,
1272 2218 1391 2242 Neronis

57 2254 146 2277 mater
157 2270 163 2279 ,
175 2252 221 2281 qui
235 2257 329 2275 omnes
348 2252 537 2281 Imperatores.
551 2265 579 2268 —
590 2257 612 2275 4.
631 2253 686 2276 Nec
709 2251 797 2275 ultra.
812 2257 866 2275 non
884 2252 1035 2281 graviorem
1050 2257 1165 2280 poenam.

87 2287 179 2311 XLlll.
194 2292 212 2310 ι.
227 2287 269 2310 Sc.
289 2289 376 2310 erant.
387 2293 447 2311 —2.
463 2288 520 2316 Qua
534 2290 694 2317 permissum
713 2289 753 2311 cst
775 2289 805 2310 ut
825 2288 939 2310 navibus
958 2287 1095 2310 frumenta
1110 2287 1222 2316 possent
1235 2286 1344 2311 advehi.
1358 2296 1401 2312 .—·

58 2328 84 2359 ‚³-
102 2321 154 2346 Sed
165 2320 280 2345 deerant
293 2321 433 2351 agricolae,
447 2323 475 2345 et
484 2323 542 2352 agri
553 2322 661 2352 plurimi
678 2323 703 2346 in
715 2323 808 2346 hortos
825 2323 970 2345 immensos
984 2322 1097 2345 divitum
1112 2322 1220 2346 mutati.
1233 2334 1262 2338 —
1274 2327 1298 2346 4.
1317 2322 1392 2347 Coli-

59 2361 131 2380 mus,

89 2391 179 2416 XLIV.
192 2389 252 2415 Vid.
266 2395 290 2414 c.
306 2395 342 2415 u.
354 2392 580 2422 De-sequentibus
595 2399 618 2416 v.
633 2394 674 2421 Yl,
689 2398 717 2416 52
