1539 2668
131 180 192 210 έ»48
595 184 629 213 C.
654 183 839 214 CORNELII
862 185 994 215 TAcrrt

172 259 224 287 XI.
241 260 285 288 De
301 257 480 290 minoribus
500 258 596 290 rebus
618 259 779 299 principes
793 260 998 300 consultant,
1014 259 1053 291 de
1066 261 1241 301 majoribus
1255 270 1388 301 omnes;
1402 263 1448 294 ita

132 305 254 343 tamen,
271 306 307 335 ut
321 313 358 336 ea
372 315 514 346 quoque,
532 316 669 346 quorum
688 315 784 346 penes
795 307 920 347 plebem
935 307 1105 339 arbitrium
1120 310 1179 346 est,
1192 310 1274 349 apud
1289 309 1448 350 principes

131 352 378 389 pertractentur.
403 354 560 392 coeuut¹‚
588 354 650 384 nisi
673 354 748 394 quid
774 354 944 386 fortuitum
969 356 1000 386 et
1024 355 1169 386 subitum
1193 356 1325 395 incidit,
1352 357 1448 388 certis

131 397 245 429 diebus
257 422 266 437 ‚
285 408 386 438 quum
403 402 459 431 aut
477 401 648 431 inchoatur
667 401 744 431 luna
761 403 818 432 aut
834 401 985 442 impletur
1003 412 1010 432 :
1030 411 1104 432 nam
1124 403 1257 442 agendis
1278 404 1373 435 rebus
1389 404 1450 435 boc

131 445 424 485 auspicatissimum
448 447 577 478 initium
601 448 748 479 credunt.
776 457 835 479 nec
859 449 984 480 dierum
1007 458 1199 490 numerum,
1225 453 1262 481 ut
1285 459 1365 489 nos,
1394 450 1448 481 sed

132 492 276 523 noctium
293 496 483 534 computant
495 494 527 532 2;
550 494 597 525 sic
619 496 843 536 constituunt,
861 496 914 527 sic·
923 496 1097 527 condicunt
1118 505 1126 526 ε
1145 506 1209 527 nox
1225 497 1344 528 ducere
1364 497 1449 528 diem

131 539 295 571 videtui-³.
316 540 396 571 Illud
412 550 453 571 ex
473 541 624 573 libertate
645 543 781 582 vitium,
802 544 889 583 quod
912 552 977 574 non
994 543 1090 574 simul
1110 552 1169 574 nec
1185 544 1315 583 utjussi
1334 553 1450 576 conve-

131 585 244 625 niunt,
265 586 319 617 sed
337 589 370 618 et
392 588 472 619 alter
492 590 525 619 et
542 589 656 620 tertius
678 589 746 620 dies
763 590 970 621 cunctatione
993 591 1177 621 coeuntium
1201 590 1394 623 absumitur.
1413 593 1453 623 ut

131 632 235 664 turbae
252 633 388 673 placuit,
407 635 581 666 considunt
598 637 713 667 armati
726 636 749 666 ⁴.
769 637 932 668 silentium
951 646 1007 677 per
1023 637 1205 669 sacerdotes
1217 662 1226 677 ,
1246 639 1365 678 quibus
1379 642 1451 671 tum

131 682 161 711 et
178 680 345 711 coercendi
360 683 411 720 jus
424 685 486 721 est,
503 683 690 722 imperatur.
707 693 781 715 mox
796 693 851 715 rex
867 684 919 714 vel
932 684 1100 724 princeps,
1117 688 1214 724 prout
1226 687 1307 716 aetas
1321 686 1451 726 cuique,

130 729 227 766 prout.
249 727 416 767 nobilitas,
443 731 541 768 prout
561 729 661 761 decus
683 730 858 768 bellorum,
887 732 982 770 prout
1009 730 1158 762 facundia
1180 733 1250 771 est,
1274 732 1453 764 audiuntur

130 775 323 806 auctoritate
337 776 494 807 suadendi
511 777 611 816 magis
624 787 721 817 quam
733 778 867 817 jubendi
882 780 1055 818 potestate.
1068 778 1093 809 si
1105 778 1268 818 displicuit
1280 780 1452 818 sententia,

131 820 260 852 fremitu
280 825 511 862 aspernantur3
531 825 580 855 sin
600 825 740 865 placuit,
763 826 901 856 frameas
917 826 1146 857 concutiuut⁵.
1165 826 1452 858 honoratissimum

131 876 278 899 assensus
296 879 395 909 genus
412 873 461 901 est
477 872 575 902 armis
591 872 732 903 laudare.

172 918 238 946 XII.
259 917 346 947 Licet
367 917 452 957 apud
474 919 644 950 concilium
661 928 814 951 accusare
830 928 959 960 quoque
972 922 1005 950 et
1021 920 1195 952 discrimen
1217 921 1334 960 capitis
1354 921 1454 954 inten-

131 961 214 995 dere.
235 963 400 995 distinctio
417 973 585 1004 poenarum
599 975 635 997 ex
656 966 776 998 delicto
795 977 802 997 :
822 967 1001 1007 proditores
1017 969 1049 998 et
1065 968 1246 1007 transfugas
1263 968 1449 1000 arboribus¹

131 1010 351 1050 suspendunt,
370 1012 502 1051 ignavos
519 1015 552 1043 et
570 1013 715 1044 imbelles
732 1018 764 1045 et
784 1023 919 1054 corpore
940 1014 1075 1045 infames
1096 1024 1187 1045 coeuo
1208 1024 1246 1045 ac
1266 1015 1384 1055 palude
1403 1016 1454 1046 in·

128 1058 213 1097 Jecta
228 1058 359 1098 ³nsnper
379 1062 466 1090 crate
487 1064 647 1100 mergunt.
667 1061 838 1093 diversitas
857 1062 1006 1102 supplicii
1027 1062 1104 1092 illuc
1126 1062 1273 1101 respicit,
1299 1064 1453 1102 tanquam

130 1105 251 1136 scelera
271 1106 394 1136 ostendi
413 1110 582 1146 oporteat,
597 1108 673 1139 dum
695 1109 887 1148 puniuntur,
901 1109 1019 1148 flagitia
1039 1108 1203 1139 abscondi.
1225 1109 1281 1139 sed
1301 1113 1333 1139 et
1353 1109 1454 1140 levio—

131 1152 222 1183 ribus
247 1153 373 1184 delictis
397 1163 454 1193 pro
475 1155 571 1185 modo
598 1164 710 1195 poena3
734 1165 892 1196 equorum
915 1164 1133 1196 pecorumque
1155 1164 1291 1186 numero
1314 1155 1455 1187 convicti

130 1200 343 1231 mulctantur.
368 1210 442 1240 pars
464 1202 597 1233 mulctae
617 1204 682 1242 regi
704 1204 755 1234 vel
776 1204 918 1242 civitati,
940 1212 1013 1243 pars
1026 1202 1102 1243 ipsi,
1117 1203 1173 1242 qui
1187 1203 1386 1243 vindicatur,
1404 1203 1455 1234 vel

130 1247 321 1287 propinquis
333 1248 403 1287 ejus
424 1250 612 1280 exsolvitur.
629 1251 796 1290 Eliguntur
816 1251 848 1282 in
869 1250 981 1281 iisdem
1001 1250 1145 1281 conciliis
1163 1252 1196 1281 et
1213 1250 1384 1290 principes,
1400 1249 1455 1290 qui

127 1293 200 1332 jura
215 1304 270 1334 per
284 1304 379 1334 pagos
395 1296 548 1335 vicosque
562 1296 712 1328 reddunt.
730 1298 854 1329 centeni
876 1298 1011 1336 siugulis
1030 1306 1068 1328 ex
1092 1297 1182 1337 plebe
1201 1296 1357 1329 comites²
1377 1306 1454 1328 con-

128 1341 237 1373 silium
254 1342 350 1373 simul
370 1346 401 1373 et
420 1344 596 1375 auctoritas
615 1345 745 1377 adsunt.

170 1392 252 1420 XIII.
275 1389 361 1420 Nihil
381 1392 491 1421 autem
509 1400 613 1431 neque
631 1392 768 1432 publicae
787 1401 891 1432 neque
910 1392 1045 1433 privatae
1061 1391 1105 1422 rei
1126 1391 1186 1422 nisi
1207 1392 1322 1422 armati
1342 1393 1453 1432 agunt.

129 1436 185 1469 sed
199 1446 288 1467 arma
303 1446 430 1468 sumere
444 1447 508 1468 non
522 1441 596 1470 ante
609 1439 761 1479 cuiquam
777 1440 877 1471 moris
887 1463 895 1478 ‚
913 1449 1010 1479 quam
1028 1439 1145 1470 civitas
1158 1439 1372 1470 suffecturum
1385 1448 1456 1479 pro-

129 1483 265 1515 baverit.
285 1486 354 1515 tum
370 1484 401 1514 iu
418 1485 488 1524 ipso
509 1486 647 1517 concilio
664 1487 713 1517 vel
734 1488 915 1527 principum
935 1487 1053 1526 aliquis
1073 1486 1125 1517 vel
1144 1489 1235 1526 pater
1254 1486 1305 1517 vel
1326 1487 1456 1526 propin-

129 1540 213 1571 quus
224 1533 318 1562 scuto
336 1531 517 1571 frameaque
529 1534 681 1572 juvenem
693 1535 832 1573 ornant3
851 1534 919 1564 llaec
934 1533 1020 1573 apud
1034 1533 1105 1563 illos
1126 1536 1200 1573 toga
1217 1535 1240 1572 ¹,
1260 1533 1310 1564 hic
1328 1534 1454 1573 primus

126 1577 268 1616 juventae
289 1579 391 1609 honos
406 1589 413 1610 2
428 1582 502 1610 ante
522 1579 584 1610 hoc
604 1580 720 1611 domus
739 1590 814 1620 pars
829 1581 997 1618 videntur,
1011 1589 1088 1611 mox
1104 1580 1300 1620 reipublicae.
1317 1580 1455 1620 Insignis

129 1625 281 1657 nobilitas
301 1630 356 1657 aut
381 1635 497 1665 magna
521 1629 648 1666 patrum
673 1629 787 1658 merita
807 1627 964 1668 principis
990 1627 1233 1666 dignationem²
1257 1627 1352 1658 etiam
1375 1626 1453 1658 ado-

128 1673 313 1704 lescentulis
334 1673 518 1712 assignant;
542 1674 656 1705 ceteris
677 1675 913 1705 robustioribus
935 1684 972 1705 ac
992 1674 1058 1713 jam
1077 1674 1201 1714 pridem
1228 1674 1373 1714 probatis
1399 1682 1453 1713 ag·

128 1723 313 1759 gregantur,
334 1729 394 1750 nec
410 1720 507 1751 rubor
529 1721 612 1752 iuter
634 1722 771 1752 comites
785 1722 896 1762 aspici.
921 1722 1038 1761 gradus
1053 1721 1133 1760 quin
1149 1721 1246 1752 etiam
1266 1721 1333 1761 ipsc
1351 1722 1453 1752 comi·

128 1767 215 1797 tatus
234 1767 331 1797 habet
350 1767 473 1805 judicio
493 1768 561 1807 ejus
574 1792 582 1807 ,
605 1778 700 1808 quem
718 1771 905 1807 sectantur;
926 1778 1107 1809 magnaque
1124 1770 1156 1800 et
1173 1768 1331 1799 comitum
1353 1777 1453 1800 aemu·

128 1813 215 1852 latio,
231 1815 349 1854 quibus
364 1815 488 1854 primus
501 1815 585 1855 apud
601 1816 779 1856 principem
793 1825 888 1848 suum
905 1817 1005 1855 locus,
1020 1820 1051 1848 et
1064 1816 1245 1856 principum
1259 1816 1309 1847 cui
1323 1815 1452 1856 plurimi

127 1863 159 1893 et
180 1863 326 1893 acerrimi
348 1863 484 1893 comites
501 1873 508 1893 :
527 1864 596 1894 baec
612 1864 751 1904 dignitas
765 1889 773 1904 ‚
798 1865 848 1896 hae
873 1865 968 1896 vires.
993 1873 1111 1904 magno
1134 1873 1260 1904 semper
1273 1864 1451 1896 electorum

124 1910 280 1948 juvenum
294 1910 389 1949 globo
406 1911 623 1951 circumdari,
639 1912 670 1942 in
685 1921 763 1952 pace
778 1913 877 1944 decus
890 1937 898 1952 ‚
914 1913 947 1944 in
961 1913 1044 1943 bello
1060 1911 1259 1952 praesidium.
1277 1920 1336 1942 nec
1350 1911 1452 1943 solum

126 1959 159 1989 in
180 1969 240 1990 sua
261 1963 352 2000 gente
374 1960 491 2000 cuique
505 1985 513 1999 ,
537 1961 593 1992 sed
616 1962 703 2002 apud
719 1962 872 1994 finitimas
889 1972 1018 2003 quoque
1036 1961 1186 1993 civitates
1206 1960 1237 1992 id
1260 1969 1390 1999 nomen,
1414 1970 1452 1993 ea

126 2007 225 2046 gloria
238 2010 299 2047 est,
320 2008 346 2039 si
360 2017 493 2039 numero
510 2017 547 2039 ac
560 2008 679 2040 virtute
692 2010 864 2042 comitatus
882 2011 1031 2042 emineat.
1047 2011 1242 2050 expetuntur
1264 2008 1351 2040 enim
1367 2008 1452 2048 lega-

155 2090 200 2113 xl.
214 2096 235 2114 ι.
247 2091 300 2114 Sub
311 2091 380 2119 divo,
390 2093 416 2116 in
429 2093 538 2122 campis,
554 2093 641 2122 silvis,
653 2093 821 2118 montibus.—
832 2099 854 2118 2.
865 2094 944 2122 Cujus
955 2093 995 2117 rei
1008 2093 1212 2117 monumentum
1224 2093 1309 2116 restat
1319 2092 1346 2115 in
1359 2092 1450 2122 lingua

128 2126 249 2155 Angiica,
261 2127 399 2157 senniyht,
408 2128 557 2158 sortnith
569 2131 658 2158 (seven
672 2129 774 2159 niqhts,
783 2130 921 2159 som-teon
934 2128 1037 2157 mahts)
1051 2128 1159 2152 dicente
1171 2129 1285 2157 septem,
1309 2129 1451 2156 quattuor-

128 2163 215 2187 decim
235 2163 338 2186 dicrum
357 2165 483 2191 spatium.
499 2165 617 2189 Eandem
635 2171 692 2189 rem
707 2165 740 2189 de
754 2165 834 2189 Gallis
847 2164 933 2188 refert
946 2165 1047 2192 Caesar,
1062 2164 1110 2191 VI,
1127 2169 1160 2187 ιε.
1173 2176 1198 2179 -
1211 2169 1232 2186 ⁵.
1252 2163 1296 2186 Sic
1313 2162 1341 2185 in
1363 2163 1451 2187 Sacris

128 2207 234 2231 quoquc
251 2201 356 2224 Litteris
370 2206 421 2223 nox
435 2203 602 2230 praeponitur
615 2202 677 2226 diei.
692 2203 778 2226 Caesar
788 2201 849 2225 loco
860 2202 907 2225 cit.
921 2208 927 2225 ε
942 2201 1085 2224 mensium
1098 2201 1126 2223 et
1143 2204 1288 2223 annorum
1311 2199 1397 2222 initia
1410 2199 1451 2222 sic

127 2235 277 2260 observant
297 2235 379 2263 oniti,
401 2237 435 2259 ut
451 2237 560 2261 noctem
582 2238 640 2262 dies
662 2237 862 2267 subsequatur.
874 2241 933 2259 -4,
947 2237 990 2260 Sc.
1014 2235 1048 2258 ad
1070 2234 1290 2258 consultandum.
1301 2239 1358 2257 —5.
1374 2234 1449 2259 Conr.

127 2272 199 2298 Hist.
215 2272 243 2299 V,
261 2276 295 2298 ¹7,
310 2271 398 2294 Caesar
409 2272 515 2297 VIL21.
1378 2301 1383 2305 ,

155 2307 214 2331 XII.
230 2312 249 2330 ι.
264 2307 327 2335 Qufe
339 2307 445 2335 quidem
460 2307 599 2332 frondibus
613 2309 715 2332 orbatae
728 2309 826 2332 essent.
838 2309 935 2332 Postea
945 2307 986 2330 his
996 2305 1143 2330 substituta
1154 2305 1339 2335 patibula—2.
1353 2304 1451 2328 Distin-

127 2343 227 2372 guendi
239 2342 266 2365 hi
278 2349 313 2365 ez·
320 2342 399 2371 plebe
413 2344 525 2368 comites
542 2351 555 2367 a
569 2345 717 2372 comitatu,
729 2345 762 2368 dc
776 2350 829 2373 quo
844 2344 934 2373 capite
947 2348 1003 2372 seq.

155 2378 226 2402 XIII.
243 2384 262 2402 ι.
278 2378 354 2408 Apud
367 2379 500 2403 Romanos
514 2381 606 2410 toqam
623 2381 753 2405 sumendo
766 2380 873 2410 juvenis
884 2380 955 2404 inter
973 2378 1046 2403 viros
1060 2377 1256 2407 recipiebatur.
1268 2389 1287 2394 --
1305 2380 1329 2399 2.
1348 2376 1447 2400 Locum

126 2413 269 2439 honestum
283 2415 354 2443 apud
368 2415 526 2445 principem.
