1539 2668
115 125 178 158 238
505 125 639 155 TACITI
660 125 870 155 ANNALIUM
892 126 965 155 LIB.
986 126 1053 155 XV.

155 203 236 234 XXI.
262 212 280 228 α
294 199 389 232 Olim:
397 198 528 240 quidem
544 208 611 231 non
631 200 872 240 modo-:praetor
893 201 951 232 aut
979 200 1110 239 consul,
1136 199 1194 232 sed
1210 200 1329 241 privati
1346 201 1445 235 etiam
1461 226 1466 234 .

114 261 131 276 «
148 247 376 288 mittebantur,
389 247 446 288 qui
460 247 645 288 provincias
659 247 801 279 viserent
817 249 867 288 et,
888 247 966 287 quid
980 247 1020 278 de
1040 248 1199 288 cuiusque
1221 248 1379 290 obsequio
1394 251 1445 282 vi-

114 308 130 323 «
147 294 482 334 deretur3·referreut;
504 294 731 335 trepidantque
745 297 856 334 gentes
872 295 912 326 de
929 294 1145 326 aestimatione
1166 295 1380 335 singulorum.
1411 298 1446 330 at

113 354 130 371 «
146 342 397 375 nunoecolimus-
420 343 570 374 externos
594 344 626 374 et
653 342 841 382 adulamur;
864 344 898 374 et
922 341 1085 382 quomodo
1109 341 1149 373 ad
1170 344 1288 374 nutum
1309 343 1446 384 alicujus

112 403 130 420 ι
147 390 273 431 grates,
288 389 337 422 ita
353 389 534 430 promptius
560 389 733 421 accusatio·
748 389 944 421 decernitur.
980 389 1239 430 decernaturque
1262 392 1296 422 et
1314 392 1446 423 maneat

112 450 128 466 «
146 437 399 478 provincialibus
417 436 595 476 potentiam
612 445 706 468 suam
724 437 781 469 tali
799 437 896 469 modo
916 437 1099 468 ostentandi
1116 437 1141 477 ¹,
1152 437 1207 468 sed
1228 437 1297 469 laus
1318 437 1400 470 falsa
1412 436 1446 471 et

109 496 125 511 κ
147 485 297 525 precibus
316 492 468 525 expressa
481 484 615 524 perinde
636 484 853 516 cohibeantur
866 493 962 525 quain
981 484 1123 524 malitia,
1140 493 1238 525 quam
1259 485 1444 518 crudelitas.

107 543 122 558 «
144 531 237 572 plura
253 541 338 572 saepe
354 532 531 572 peccantur
547 531 626 563 dum
643 531 849 564 demeremur
861 542 959 572 quam
974 532 1050 563 dum
1068 532 1278 564 offendimus.
1294 533 1446 573 quaedam

108 591 125 606 (ι
149 579 216 610 imo
229 580 369 610 virtutes
382 579 459 610 odio
475 580 572 618 sunt,
587 579 742 611 severitas
758 580 940 619 obstinata,
955 579 1099 610 invictus
1122 579 1292 611 adversum
1307 580 1446 619 gratiam

109 637 124 651 u
146 627 284 657 animus.
306 626 381 658 inde
396 626 490 658 initia
507 626 754 666 magistratuum
769 630 954 658 nostrorum
971 627 1102 657 meliora
1119 627 1218 658 ferme
1229 650 1238 666 ,
1254 629 1286 658 et
1303 627 1376 659 sinis
1398 627 1446 659 in·

109 683 126 698 «
146 673 267 713 clinat,
298 674 378 705 dum
400 673 433 705 in
456 673 592 705 modum
613 674 864 705 candidatorum
894 674 1048 712 suffragia
1064 674 1307 714 conquirimus3
1325 683 1399 715 quae
1417 675 1446 707 si

111 731 127 747 «
143 722 327 761 arceantur,
359 721 551 761 aequabilius
579 723 677 761 atque
701 721 909 752 constantius
928 721 1104 761 provinciae
1121 723 1281 759 regentur.
1309 730 1385 753 nam
1408 720 1447 753 ut

110 779 127 796 α
145 769 237 800 metu
253 769 509 809 repetundarum
519 768 662 800 *infracta
673 767 684 786 ²
709 768 846 800 avaritia
858 770 927 809 est,
944 768 991 800 ita
1008 768 1110 800 vetita
1128 769 1304 808 gratiarum
1321 768 1446 800 actione

110 825 126 842 «
143 815 278 847 ambitio
296 816 480 848 cohibetur.
496 829 512 844 »

149 865 244 894 XXII.
264 867 381 903 Magno
397 872 528 895 assensu
545 862 704 894 celebrata
721 862 903 901 sententia,
920 870 986 893 non
1003 862 1113 893 tamen
1127 862 1446 896 senatusconsultum

109 909 221 948 perfici
251 911 377 951 potuit,
403 910 624 942 abnuentibus
640 910 831 941 consulibus
848 918 887 941 ea
902 909 941 940 de
968 918 1002 940 re
1020 910 1157 940 relatum
1173 910 1195 941 ¹.
1220 919 1297 942 mox
1314 910 1446 942 auctore
1464 937 1466 939 .

106 956 255 997 Principe
284 966 420 989 sanxere
435 966 478 990 ne
497 959 574 998 quis
601 957 648 989 ad
676 957 861 989 concilium
886 959 1058 988 sociorum
1086 958 1238 996 referret
1254 956 1266 974 ²
1289 956 1445 998 aqendas

106 1003 204 1043 apud
225 1007 388 1036 senatum
404 1005 679 1045 propraetoribus
693 1004 999 1044 provveconsulzbus
1012 1003 1024 1021 ³
1049 1006 1166 1043 orales
1179 1028 1187 1044 ‚
1218 1013 1285 1036 neu
1307 1005 1385 1045 quis
1403 1011 1445 1036 ea

106 1051 516 1091 leyationefanqeretur.
534 1052 649 1083 lisdem
668 1051 857 1082 consulibus
877 1052 1083 1091 gymnasium
1100 1051 1108 1069 ⁴
1131 1051 1196 1082 ictu
1215 1051 1360 1082 fulminis
1371 1059 1446 1082 con-

103 1097 263 1138 flagravit,
278 1099 464 1139 effigiesque
476 1099 508 1129 in
523 1108 560 1130 eo
575 1099 710 1130 Neronis
727 1099 766 1129 ad
781 1098 919 1129 insomne
937 1107 981 1129 aes
994 1098 1178 1137 liquefacta.
1195 1100 1227 1129 et
1243 1100 1335 1129 motu
1351 1100 1446 1130 terrae

109 1145 236 1177 celebre
254 1146 439 1186 Campaniae
455 1146 610 1186 oppidum
628 1146 773 1186 Pompeii
790 1154 908 1185 magna
929 1154 969 1176 ex
988 1147 1078 1185 parte
1095 1144 1254 1185 proruit-‘n
1274 1144 1443 1178 defuncta-

104 1199 168 1231 que
185 1192 276 1232 virgo
292 1193 431 1224 Vestalis
456 1193 574 1233 Laelia,
598 1193 632 1224 in
654 1193 746 1233 cujus
772 1192 881 1224 locum
901 1193 1048 1224 Cornelia
1073 1201 1113 1224 ex
1131 1192 1253 1224 familia
1268 1196 1444 1225 Cossorum

103 1240 198 1279 capta
211 1241 271 1271 est.

145 1290 254 1318 xxlli.
280 1287 433 1318 Memmio
448 1286 617 1327 Reguloet
627 1287 777 1327 Verginio
792 1286 876 1319 Rufo
887 1290 980 1319 Coss.
1005 1286 1012 1304 ¹
1046 1289 1155 1318 natam
1173 1287 1236 1318 sibi
1248 1296 1288 1319 ex
1301 1291 1442 1328 Poppaea

102 1331 201 1364 filiam
219 1339 302 1366 Nero
320 1335 403 1366 ultra
417 1335 553 1366 mortale
571 1334 727 1374 gandium
748 1335 873 1374 accepit
889 1334 1129 1375 appellavitque
1142 1336 1349 1374 Auqustam,
1366 1334 1443 1367 dato

102 1381 134 1410 et
155 1384 303 1421 Poppaeae
327 1382 440 1413 eodem
459 1384 687 1422 cognomento.
707 1383 796 1413 locus
811 1382 982 1422 puerperio
995 1381 1124 1412 colonia
1138 1382 1269 1412 Antium
1284 1381 1362 1421 fuit,
1386 1381 1444 1413 ubi

101 1426 171 1469 ipse
193 1431 365 1468 generatus
381 1432 461 1461 erat.
478 1429 545 1469 Jam
562 1433 692 1461 senatus
711 1432 852 1461 uterum
868 1429 878 1447 ²
898 1432 1058 1469 Poppaece
1079 1428 1364 1460 commendaverat
1379 1429 1444 1461 diis

101 1478 243 1517 votaque
259 1477 388 1516 publice
401 1479 587 1517 susceperat
604 1488 612 1508 ε
628 1487 703 1518 quae
717 1478 934 1517 multiplicata
946 1476 1169 1515 exsolutaque.
1183 1479 1215 1507 et
1232 1476 1351 1507 additae
1363 1484 1443 1516 sup—

98 1523 304 1564 plicationes
344 1525 581 1566 templumque
611 1525 843 1557 Foecunde‘lati
854 1549 864 1563 ,
903 1526 936 1555 ot
962 1526 1137 1555 certamen
1173 1523 1220 1555 ad
1259 1524 1442 1563 exemplar

102 1572 254 1603 Actiacae
272 1573 449 1612 reliqiom's
465 1571 477 1589 ³
496 1572 686 1611 ‹lecretum3
703 1575 812 1612 utque
826 1574 1067 1604 Fortunat-mn
1085 1571 1094 1588 ⁴
1115 1570 1245 1610 efliyies
1261 1578 1380 1601 aurete
1404 1572 1442 1602 in

101 1618 183 1648 solio
202 1619 391 1658 capitolina·
411 1621 509 1650 Jovis
535 1620 759 1657 locarentur;
784 1619 959 1649 ludicrum
973 1620 1140 1655 circense,
1169 1619 1209 1648 ut
1224 1618 1334 1648 Juliae
1346 1620 1441 1657 (Jenti

101 1664 199 1704 apud
224 1666 377 1697 Bovillas
395 1665 420 1704 ⁵,
442 1667 495 1697 ita
528 1666 689 1697 Claudiae
714 1668 941 1706 Domitiaeque
973 1665 1071 1704 apud
1102 1666 1241 1695 Ansium
1266 1663 1438 1696 ederetur.

101 1720 174 1751 quae
189 1711 275 1742 ssuxa
291 1712 400 1751 suere,
418 1715 571 1753 quartum
588 1714 676 1744 intra
690 1721 835 1744 mensem
853 1712 1007 1743 defuncta
1023 1712 1158 1741 infante.
1186 1720 1364 1751 rursusque
1386 1720 1441 1742 ex-

101 1759 182 1790 ortae
197 1759 402 1790 adulationes
425 1761 629 1791 censentium
643 1761 655 1779 ⁶
675 1761 839 1792 honorem
863 1760 954 1791 dirce
973 1761 1005 1790 et
1030 1760 1199 1799 pulvinar
1215 1758 1391 1799 oedemque
1408 1759 1442 1790 et

76 1822 77 1825 =
101 1805 325 1838 sacerdotem.
342 1811 440 1847 atque
457 1808 525 1847 ipse
542 1810 577 1838 ut
596 1807 735 1847 laetitiae,
762 1807 807 1838 ita
825 1807 972 1837 moeroris
988 1807 1183 1837 immodicus
1199 1805 1274 1845 egit.
1295 1805 1440 1837 Annota-

100 1854 173 1883 tum
187 1854 254 1892 est,
274 1854 363 1884 omni
391 1857 504 1885 senatu
530 1854 664 1886 Antium
691 1854 753 1885 sub
780 1857 941 1886 recentem
961 1857 1090 1894 partum
1117 1854 1237 1892 effuso,
1266 1852 1439 1884 Thraseam

102 1900 303 1940 prohibitum
319 1901 328 1919 ⁷
355 1902 492 1933 immoto
515 1903 624 1933 animo
642 1902 861 1942 praenuntiam
880 1902 1081 1932 imminentis
1095 1900 1192 1931 caedis
1206 1900 1438 1931 contumeliam

103 1947 279 1987 excepisse.
296 1951 442 1980 secutam
469 1949 586 1980 deliine
599 1958 711 1980 vocem
733 1950 865 1980 Caesaris
891 1950 1013 1987 serunt,
1041 1957 1104 1987 qua
1123 1947 1383 1978 reconciliatum
1405 1957 1438 1980 se

105 1994 268 2026 leraseoe
284 1995 368 2035 apud
385 2000 537 2028 Senecam
552 1996 743 2036 jactaverit,
760 2005 798 2027 ac
817 2000 970 2028 Senecam
986 1995 1103 2027 Caesari
1119 1994 1327 2035 gratulatum.
1346 1994 1437 2025 unde

101 2041 200 2079 gloria
217 2043 351 2082 egregiis
364 2043 444 2075 viris
464 2044 497 2075 et
510 2044 653 2084 pericula
667 2043 856 2084 gliscebant.

130 2139 200 2163 XXI.
217 2145 239 2163 ι.
257 2140 324 2164 Vide
335 2147 417 2170 supra
428 2141 462 2165 ad
470 2147 494 2165 c.
508 2146 589 2165 tx.—2.
604 2141 713 2166 Fracta.

130 2175 213 2199 XXH.
227 2180 247 2198 ι.
263 2175 430 2200 Relationem
444 2183 450 2200 :
462 2176 658 2201 detrectabant
671 2176 897 2201 deliberationem
915 2175 1029 2199 senatus
1039 2179 1120 2203 super
1132 2179 1163 2198 ea
1174 2178 1214 2197 re.
1229 2186 1258 2191 —
1270 2177 1294 2197 2.
1304 2171 1348 2196 Ad
1361 2171 1432 2196 deli-

99 2210 316 2236 berandum—³.
338 2213 400 2237 Sive
412 2213 683 2243 proconsulibus—4.
699 2214 738 2238 De
755 2219 808 2242 quo
821 2212 890 2241 xw,
902 2216 994 2236 4⁷.-15.
1017 2210 1094 2234 Coni.
1107 2211 1218 2234 Senecae
1239 2209 1344 2242 Quaest.
1370 2208 1432 2233 nat.

100 2246 143 2274 VI,
159 2251 179 2270 ι.

129 2282 228 2306 xxm.
245 2288 266 2307 ι.
282 2283 313 2307 Α.
329 2282 359 2308 U.
377 2288 429 2312 8¹6,
446 2289 472 2313 p.
485 2284 548 2308 Chr.
561 2289 598 2308 es.
613 2289 667 2308 -a
682 2284 888 2308 (li-aviditatem.
903 2288 964 2306 ——s.
975 2282 1005 2306 In
1023 2282 1182 2305 memoriam
1200 2286 1297 2311 pugnae
1311 2279 1430 2304 Actiacae

100 2316 322 2347 celebrabantur,
333 2318 453 2342 instituti
473 2319 506 2343 ab
522 2320 652 2348 Augusto,
675 2319 731 2343 ludi
749 2317 966 2348 quinquennales
979 2317 1085 2344 musici,
1102 2317 1222 2346 gymnici
1237 2318 1265 2340 et
1278 2315 1427 2346 equestres.

100 2357 151 2376 -ι,
167 2354 230 2382 Quae
247 2353 320 2377 Antii
337 2353 508 2384 colebantur,
525 2355 651 2379 Fortunae
663 2356 800 2385 Equestris
814 2356 842 2379 et
855 2355 982 2379 Fortunae
999 2351 1285 2382 Prospera-meent.
1295 2355 1379 2381 supra
1394 2347 1427 2378 u,

100 2395 192 2416 4¹.——s.
206 2393 483 2420 Deeernentium.-7.
495 2394 538 2418 Sc.
550 2393 627 2419 aditu
640 2394 674 2418 ad
686 2393 824 2418 Neronem
