1539 2668
153 133 194 164 40
556 132 691 162 TACITI
713 131 924 162 ANNALIUM
946 132 1019 162 LIB.
1044 131 1084 161 11.

193 209 289 239 XVII.
314 205 399 238 visis
412 205 646 238 Cheruscorum
667 205 806 237 catervis
832 214 907 246 quae
927 215 982 247 per
1007 204 1157 238 ferociam
1176 205 1407 246 proruperant,
1423 213 1475 238 va-

150 253 325 286 lidissimos
352 253 497 293 equitum
524 253 688 284 incurrere
707 253 811 292 latus,
834 254 1022 286 Stertinium
1045 262 1120 284 cum
1145 252 1259 284 ceteris
1283 252 1399 284 turmis
1415 252 1475 284 cir·

149 301 313 341 cumgredi
339 303 490 341 tergaque
518 299 668 331 invadere
693 299 802 340 jubet,
831 301 899 341 ipse
927 301 959 332 in
974 302 1119 341 tempore
1148 300 1320 332 affuturus.
1350 300 1473 332 interea

148 348 399 389 pulcherrimum
422 348 592 388 augurium
607 372 615 387 ,
638 350 711 379 octo
733 348 848 388 aquilae
865 350 972 389 petere
986 349 1085 380 silvas
1100 349 1132 380 et
1148 348 1266 380 intrare
1282 348 1358 378 visae
1378 347 1474 387 impc-

147 396 286 427 ratorem
302 395 479 427 advertere.
497 394 782 435 exclamat‚irent,
793 398 1018 437 sequerentur
1033 399 1203 428 Romanas
1220 403 1310 431 aves,
1325 395 1472 435 propria

147 443 319 483 leqz'on'zcm
338 444 492 474 numina.
517 442 613 473 simul
630 442 786 482 pedestris
808 443 895 475 acies
909 443 1045 475 infertur
1058 444 1089 475 et
1104 442 1287 484 praemissus
1301 450 1399 482 eques
1417 449 1473 481 po-

146 490 284 522 stremos
301 499 338 521 ac
351 490 451 521 latera
464 490 592 530 impulit
608 499 615 520 :
635 489 818 530 mirumque
840 490 928 522 dictu
942 515 950 530 ‚
969 490 1033 522 duo
1046 491 1187 522 hostium
1203 491 1329 531 agmina
1343 489 1469 520 diversa

146 534 238 576 suga,
257 538 312 577 qui
329 538 442 568 silvam
465 538 655 577 tenuerant,
669 537 843 577 inaperta;
865 538 919 578 qui
937 538 1059 578 campis
1085 538 1265 577 astiterant,
1293 538 1327 568 in
1352 536 1469 567 silvam

144 583 290 615 ruebant.
320 584 418 615 medii
446 585 527 615 inter
553 584 610 615 bos
637 584 788 616 Cherusci
816 585 951 616 collibus
977 585 1256 617 detrudebantur:
1282 584 1364 615 inter
1390 591 1471 623 quos

143 627 278 671 insignis
303 631 464 662 Arminius
489 640 584 662 manu
601 655 610 670 ,
641 641 741 672 voce,
771 633 930 664 vulnere¹
962 633 1164 665 sustentabat
1194 641 1353 672 pugnam3
1379 631 1468 661 incu-

144 676 318 719 bueratque
347 678 536 718 sagittariis,
566 678 619 709 iiia
645 682 821 719 rupturus,
850 680 882 711 ni
907 682 1070 711 Raetorum
1094 679 1403 718 Vindelicorumque
1435 677 1467 709 et

142 725 268 757 Gallicae
288 726 437 757 cohortes
467 725 550 766 tigna
576 727 779 766 objecissent.
805 728 878 759 nisu
902 729 1011 759 tamen
1036 727 1180 767 corporis
1196 730 1224 758 et
1254 726 1374 766 impetu
1393 723 1469 765 equi

140 773 301 813 pervasit,
316 773 434 805 oblitus
460 774 574 804 faciem
599 783 657 805 suo
673 784 804 815 cruore,
831 784 871 806 ne
898 777 1093 806 nosceretur.
1117 774 1246 814 quidam
1270 774 1429 814 aqnttum
1446 780 1467 803 a

141 819 286 852 Chaucis
309 822 399 851 inter
424 822 562 852 auxilia
590 823 741 853 Romana
769 822 949 862 clyentibus
976 823 1203 862 emissumque
1219 820 1230 838 ²
1251 819 1466 851 tradiderunt.

140 865 244 897 virtus
258 875 311 897 seu
328 868 415 899 fraus
426 868 537 899 eadem
554 869 756 907 Inguiomero
768 869 923 908 effugium
938 869 1025 900 dedit
1039 879 1046 899 :
1061 869 1157 900 ceteri
1169 868 1287 908 passim
1302 865 1465 898 trucidati.

139 912 170 943 et
200 913 371 954 plerosque
400 917 527 947 tranare
554 915 716 955 Visurgim
743 919 897 948 conantes
926 916 1044 956 injecta
1066 916 1127 947 tela
1149 918 1204 946 aut
1226 916 1274 946 vis
1300 913 1464 953 fluminis,

137 963 300 998 postremo
329 962 430 993 moles
451 964 613 994 ruentium
641 965 672 994 et
701 963 880 994 incidentes
910 964 987 1003 ripae¹
1005 963 1015 981 ³
1034 972 1197 1003 operuere.
1223 962 1354 1002 quidam
1378 961 1465 1001 turpi

137 1007 210 1046 suga
226 1009 257 1039 in
271 1018 396 1040 summa
411 1010 562 1040 arborum
586 1010 646 1040 nisi
663 1010 668 1027 ¹
695 1011 855 1051 ramisque
872 1019 905 1042 se
919 1011 1118 1042 occultantes
1139 1010 1276 1041 admotis
1294 1008 1466 1049 sagittariis

136 1063 191 1095 per
209 1056 385 1088 ludibrium
404 1057 600 1097 [igebantum
626 1057 706 1089 alios
723 1061 862 1098 prorutae
880 1058 890 1075 ⁵
909 1058 1037 1089 arbores
1050 1059 1204 1089 afflixere.

176 1105 287 1134 xviii.
303 1109 416 1145 Magna
427 1114 464 1136 ea
477 1105 627 1144 victoria,
643 1114 748 1145 neque
764 1106 898 1137 cruenta
912 1105 1003 1136 nobis
1019 1106 1087 1136 fuit.
1104 1106 1215 1145 quinta
1229 1104 1268 1135 ab
1280 1104 1358 1134 hora
1371 1102 1436 1134 diei
1453 1103 1458 1121 ¹

135 1148 175 1180 ad
199 1154 326 1182 noctem
355 1152 429 1182 caesi
448 1152 555 1183 hostes
572 1151 681 1182 decem
707 1153 809 1183 millia
835 1161 985 1192 passuum
1010 1152 1219 1183 cadaveribus
1245 1154 1341 1191 atque
1364 1149 1464 1181 armIs

134 1198 303 1237 opplevere
315 1223 323 1237 ,
341 1199 475 1239 repertis
497 1200 580 1230 inter
597 1199 699 1238 spolia
713 1208 825 1229 eorum
842 1199 980 1238 catenis,
1002 1208 1082 1239 quas
1106 1199 1138 1229 in
1157 1203 1317 1229 Romanos
1340 1199 1375 1229 ut
1397 1206 1462 1228 non

133 1242 232 1275 dubio
253 1248 371 1276 eventu
397 1248 612 1285 portaverant.
637 1246 727 1277 miles
750 1246 782 1276 in
808 1246 879 1277 loco
897 1246 1000 1286 proelii
1025 1245 1188 1276 Tiberium
1217 1247 1461 1285 imperatorem

132 1290 285 1323 salutavit
298 1291 308 1310 ²
328 1293 512 1333 struxitque
536 1302 680 1332 aggerem
698 1294 730 1323 et
747 1292 778 1323 in
796 1293 928 1324 modum
945 1296 1141 1333 tropaeorum
1159 1301 1247 1323 arma
1270 1291 1461 1333 subscriptis

131 1338 291 1369 victarum
307 1340 451 1379 gentium
468 1340 653 1370 nominibus
673 1340 837 1379 imposuit.

174 1389 254 1417 XIX.
283 1386 374 1417 Haud
401 1386 531 1426 perinde
547 1390 722 1417 Germanos
736 1386 868 1418 vulnera
882 1411 891 1426 ‚
912 1387 1037 1428 luctus,
1061 1387 1205 1426 excidia,
1221 1395 1318 1427 quam
1334 1395 1371 1418 ea
1388 1395 1459 1426 spe-

132 1434 196 1465 cies
216 1434 325 1465 dolore
340 1435 371 1465 et
387 1434 434 1464 ira
451 1433 570 1464 affecit.
595 1435 649 1474 qui
668 1434 764 1465 modo
778 1434 865 1465 abire
886 1434 1016 1466 sedibus
1029 1459 1038 1475 ‚
1062 1437 1151 1466 trans
1169 1434 1268 1466 Albim
1287 1434 1461 1466 concedere

130 1481 287 1522 parabant
299 1505 307 1520 ,
323 1489 463 1521 pugnam
481 1481 612 1520 volunt,
638 1490 726 1512 arma
742 1482 872 1521 rapiunt
886 1481 893 1499 ¹
907 1492 916 1520 ;
941 1481 1067 1522 plebes,
1092 1482 1247 1523 primores
1260 1505 1267 1518 ‚
1282 1481 1437 1520 juventus
1450 1506 1459 1521 ,

129 1540 220 1564 senes
237 1537 351 1568 agmen
374 1532 555 1559 Romanum
582 1533 713 1568 repente
734 1528 925 1568 incursant,
956 1529 1100 1561 turbant.
1128 1532 1290 1570 postremo
1316 1529 1460 1568 deligunt

131 1580 238 1611 locum
264 1575 396 1607 flumine
413 1577 444 1606 et
467 1575 558 1606 silvis
582 1576 748 1615 clausum,
774 1580 861 1607 arcta
886 1577 972 1607 intus
998 1576 1126 1617 planitie
1143 1579 1174 1608 et
1192 1576 1325 1607 humida
1340 1586 1346 1606 :
1362 1576 1459 1608 silvas

129 1633 258 1669 quoque
279 1622 439 1664 profunda
456 1624 548 1662 palus
566 1623 727 1662 ambibat,
752 1623 815 1654 nisi
843 1624 928 1664 quod
953 1624 1036 1656 latus
1061 1632 1160 1655 unum
1190 1622 1368 1663 Angrivarii
1394 1623 1458 1654 lato

129 1681 241 1715 aggere
258 1669 460 1709 extulerant,
485 1679 549 1709 quo
567 1679 584 1701 a
604 1670 773 1702 Cheruscis
790 1671 1031 1702 dirimerentur.
1054 1671 1106 1702 hic
1123 1671 1219 1711 pedes
1233 1671 1336 1702 astitit
1352 1681 1359 1701 :
1375 1672 1459 1713 equi·

128 1724 194 1755 tem
211 1717 400 1760 propinquis
415 1717 494 1748 lucis
511 1719 619 1748 texere
631 1742 640 1756 ‚
660 1721 695 1748 ut
712 1718 860 1758 ingressis
876 1718 990 1749 silvam
1008 1718 1187 1758 legionibus
1206 1727 1223 1749 a
1241 1722 1329 1758 tergo
1341 1718 1435 1751 soret.

168 1771 229 1800 XX.
257 1765 341 1796 Nihil
356 1772 395 1795 ex
410 1763 458 1794 his
475 1764 591 1795 Caesari
606 1765 803 1805 incognitum
819 1775 826 1796 :
844 1766 988 1805 consilia,
1007 1766 1103 1805 locos,
1125 1768 1273 1806 promptu
1290 1766 1313 1806 ¹,
1331 1767 1457 1799 occulta

128 1816 263 1848 noverat
280 1813 434 1851 astusque
458 1811 601 1842 hostium
622 1812 655 1843 in
676 1813 848 1853 perniciem
869 1813 947 1853 ipsis
964 1814 1120 1845 vertebat.
1145 1814 1216 1845 Seio
1237 1813 1398 1845 Tuberoni
1414 1813 1456 1845 le-

126 1864 199 1904 gato
215 1859 316 1892 tradit
331 1859 474 1899 equitem
501 1868 738 1899 campumque3
763 1860 908 1900 peditum
932 1861 1031 1892 aciem
1060 1860 1104 1892 ita
1128 1860 1300 1900 instruxit,
1325 1864 1360 1892 ut
1381 1870 1455 1902 pars

126 1917 219 1950 aequo
234 1907 268 1939 in
287 1906 402 1937 silvam
417 1905 504 1937 aditu
526 1906 698 1945 incederet,
715 1916 786 1947 pars
802 1907 964 1947 obiectum
987 1917 1133 1948 aggerem
1155 1908 1351 1948 eniteretur3
1367 1908 1454 1949 quod

125 1956 261 1987 arduum
276 1978 284 1994 ‚
304 1953 366 1984 sibi
381 1952 408 1992 ²,
432 1955 537 1984 cetera
564 1954 676 1993 legatis
703 1955 859 1994 permisit.
891 1955 1009 1995 quibus
1031 1955 1126 1996 plana
1142 1959 1336 1995 evenerunt,
1360 1955 1454 1987 facile

125 2004 269 2043 irrupere
288 2010 295 2031 :
314 2001 386 2041 quis
402 1999 642 2040 impugnandus
658 2010 763 2042 agger,
789 2005 825 2034 ut
850 2002 877 2034 si
900 2011 1030 2033 murum
1052 2002 1279 2042 succederent,
1304 2002 1453 2042 gravibus

124 2057 261 2090 superne
278 2047 394 2080 ictibus
417 2047 695 2081 conflictabantur.
724 2051 824 2082 sensit
849 2049 914 2082 dux
942 2050 1100 2090 imparem
1124 2049 1272 2081 cominus
1296 2057 1450 2090 pugnam,

152 2163 234 2189 xvu.
263 2167 283 2186 i.
304 2161 346 2186 Sc.
364 2161 524 2191 infligendo,
548 2163 701 2192 pugnando.
715 2176 743 2182 -
757 2169 780 2189 2.
804 2165 910 2189 Exitum
930 2165 954 2189 ei
968 2164 1070 2191 datum.
1090 2177 1117 2182 —
1141 2169 1165 2189 z.
1185 2164 1329 2189 Multitudo
1352 2169 1449 2194 magna

123 2199 259 2226 mentium
270 2198 296 2221 ln
310 2203 416 2227 aquam,
429 2199 456 2221 et
469 2198 617 2222 incidentes
627 2200 653 2223 in
668 2201 738 2229 ipsos
751 2201 870 2230 riparum
885 2199 979 2229 gtebae.
994 2215 1021 2218 —
1033 2207 1055 2225 4.
1075 2200 1147 2225 Enlsi
1167 2213 1194 2217 -
1208 2206 1232 2224 u.
1244 2201 1368 2224 succisae.

151 2234 245 2260 xvni.
269 2238 290 2257 ι.
306 2234 451 2257 Numerata
475 2233 509 2258 ab
526 2236 620 2259 exorto
633 2236 701 2259 soie.
723 2237 832 2260 Romani
847 2236 917 2260 diem
932 2238 1093 2267 noctemque
1109 2237 1137 2260 in
1157 2236 1300 2260 duodecim
1314 2240 1449 2266 quamque

123 2272 202 2297 horas
215 2269 332 2293 divisere
341 2286 347 2297 ‚
360 2269 496 2292 variantes
507 2271 654 2294 secundum
667 2273 728 2295 anni
745 2273 874 2302 tempora.
886 2284 915 2288 -
925 2277 947 2296 2.
962 2272 1043 2302 Cujus
1054 2273 1180 2302 auspiciis
1195 2273 1297 2296 vicerat
1307 2272 1449 2296 Germani-

124 2312 178 2331 eus.
198 2305 267 2329 Nam
290 2304 471 2333 Imperatores
485 2305 603 2334 auspicia
619 2306 667 2330 sibi
682 2308 844 2335 servabant;
867 2308 893 2331 et
913 2308 958 2336 qui
981 2308 1075 2332 alienis
1097 2308 1221 2337 auspiciis
1247 2308 1384 2336 vicerant,
1411 2313 1447 2332 ne

123 2342 232 2370 antiquo
243 2338 351 2370 quidem
365 2341 485 2370 tempore
497 2341 674 2370 imperatores
685 2343 870 2368 salutabantur
883 2344 930 2367 aut
943 2343 1152 2373 triumphabant.

152 2376 223 2400 Xix.
240 2381 261 2400 ι.
277 2376 381 2404 Raptim
395 2376 520 2406 capiunt,
532 2378 694 2407 corripiunt.

149 2412 208 2436 xx.
228 2417 249 2436 i.
272 2412 378 2442 Aperta.
394 2424 421 2428 —
437 2416 461 2436 2.
485 2412 525 2437 Sc.
547 2413 673 2445 sumpsiu
694 2414 766 2444 quod
782 2414 894 2445 deinde,
913 2414 1080 2446 procedente
1095 2415 1245 2446 sententia,
1261 2414 1298 2446 *in
1313 2411 1447 2445 permisit
