1539 2668
113 147 174 180 312
479 143 612 173 TACITI
634 142 909 173 HISTORIARUM
932 144 1004 172 LIB.
1029 143 1069 172 11.

113 223 205 255 silem
222 220 327 260 ignem
343 217 375 249 in
393 217 539 249 obsessos
552 217 749 257 jaculantur,
768 217 835 250 sive
854 217 894 249 ab
910 217 1069 256 obsessis,
1086 217 1164 248 dum
1183 215 1302 247 retorta
1322 215 1329 233 ¹
1351 216 1436 257 inge-

115 271 200 301 runt.
220 265 413 305 municipale
429 265 544 304 vulgus
559 289 567 304 ,
587 273 724 305 pronum
744 265 782 296 ad
801 265 1020 305 suspiciones,
1043 263 1153 295 fraude
1173 263 1261 293 illata
1285 263 1367 302 ignis
1384 264 1438 295 ali·

114 316 223 347 menta
248 312 383 344 credidit
407 321 425 343 a
451 311 644 351 quibusdam
671 320 688 343 e
712 311 829 343 vicinis
846 311 1000 350 coloniis,
1019 310 1140 341 invidia
1156 312 1187 341 et
1210 309 1437 349 aemiilatione,

113 361 201 403 quod
217 360 304 392 nulla
317 359 349 390 in
368 359 460 390 Italia
478 358 577 390 moles
596 359 663 389 tam
681 367 782 399 capax
799 358 892 390 foret.
910 367 1102 399 quocunque
1117 366 1192 388 casu
1206 356 1344 396 accidit,
1359 356 1438 387 dum

112 409 275 442 atrociora
300 406 540 444 metuebantur,
568 405 601 436 in
627 405 689 437 levi
718 405 884 446 habitum,
908 405 1030 437 reddita
1058 405 1247 444 securitate,
1271 406 1437 443 tamquam

113 457 192 490 nihil
215 455 345 496 gravius
363 454 427 493 pati
452 453 654 493 potuissent,
675 453 868 485 moerebant.
892 455 1036 484 ceterum
1055 453 1154 484 mullo
1175 460 1307 483 suorum
1324 458 1440 482 cruore

113 505 226 545 pulsus
252 502 398 537 Caeciua3
427 503 459 531 et
485 509 547 530 nox
573 500 723 540 parandis
747 501 899 541 operibus
924 500 1106 541 absumpta.
1126 498 1288 531 Vitelliani
1310 498 1439 538 pluteos

113 554 281 590 cratesque
300 551 331 579 et
345 548 454 578 vineas
474 546 484 564 ²
509 547 722 579 suffodiendis
742 548 843 579 muris
860 548 1130 588 protegendisque
1144 545 1438 587 oppugnatoribus,

114 596 286 630 Othoniani
303 594 400 625 sudes
424 597 455 625 et
474 594 647 626 immensas
665 595 806 636 lapidum
824 604 861 626 ac
878 594 1001 635 plumbi
1024 594 1160 634 aerisque
1183 594 1283 625 moles
1302 593 1439 633 perfrin-

112 645 226 686 gendis
242 641 480 681 obruendisque
498 642 645 674 hostibus
662 642 849 683 expediunt.
869 643 1034 682 utrimque
1053 641 1169 682 pudor,
1191 642 1357 681 utrimque
1375 640 1440 680 glo-

111 692 160 724 ria
181 691 207 731 ³,
228 693 260 722 et
282 689 418 720 diversae
434 689 694 730 exhortationes,
712 690 789 721 hinc
809 690 979 729 leqiomcm
996 691 1029 719 et
1054 690 1248 719 Germanica·
1265 689 1439 719 exercitus

113 739 230 777 robur,
250 737 323 768 inde
337 736 485 767 urbcmce
501 737 640 769 mamre
653 739 686 769 et
699 738 952 777 praeconarent
972 736 1163 767 cohortium
1178 735 1279 766 decus
1296 733 1441 766 attollen-

112 785 212 824 tium;
230 784 276 816 illi
298 786 339 815 ut
357 792 492 823 sequent
512 793 553 815 ac
576 784 727 816 desidem
748 786 780 816 ec
800 785 889 815 circo
904 792 945 816 ac
968 783 1113 814 theatris
1133 784 1338 822 corruptum
1353 782 1440 814 mili·

112 835 181 865 tem
192 857 202 871 ‚
221 832 251 862 hi
266 833 487 871 pereqrinum
505 833 537 863 et
559 833 744 863 exter-mun
761 830 982 870 increpabant.
999 830 1095 861 simul
1111 830 1268 861 Othonem
1288 838 1325 860 ac
1341 828 1439 860 Vitel-

112 880 192 912 lium
210 877 411 910 celebrantes
426 878 632 918 culpantesve
643 902 652 918 ,
668 877 874 909 uberioribus
891 877 975 909 inter
992 885 1026 909 se
1040 876 1164 917 probris
1181 885 1278 917 quam
1292 875 1441 907 laudibus

115 925 377 959 stimulabaulur.

154 977 250 1006 XXII.
272 972 413 1003 Vixdum
432 975 503 1003 orto
522 972 573 1003 die
588 973 681 1012 plena
697 972 994 1014 propugnatoribus
1013 972 1150 1011 moenia,
1170 971 1326 1011 fulgentes
1343 968 1440 1001 armis

112 1021 257 1061 virisque
283 1020 407 1059 campi,
435 1020 570 1051 densum
595 1020 758 1060 legionum
787 1029 921 1060 agmen,
950 1029 1059 1060 sparsa
1081 1020 1275 1051 auxiliorum
1301 1026 1439 1057 manus,

111 1068 227 1100 altiora
249 1075 418 1097 murorum
443 1068 568 1107 sagittis
586 1070 642 1098 aut
667 1067 754 1098 saxis
783 1067 962 1106 incessere,
987 1067 1129 1107 neglecta
1154 1068 1209 1096 aut
1232 1074 1303 1096 aevo
1326 1065 1331 1082 ¹
1353 1065 1440 1096 ssuxa

112 1115 262 1149 cominus
276 1114 415 1154 aggredi.
434 1115 583 1154 ingerunt
604 1115 741 1155 desuper
762 1114 938 1146 Othoniani
962 1115 1026 1154 pila
1049 1114 1163 1145 librato
1185 1113 1287 1152 magis
1307 1114 1339 1143 et
1354 1113 1441 1144 certo

111 1163 179 1194 ictu
204 1162 357 1193 adversus
383 1165 501 1192 [sunere
521 1161 695 1192 subeuntes
712 1162 862 1192 cohortes
881 1165 1115 1193 Germanorum
1132 1185 1140 1200 ‚
1159 1162 1257 1191 cantu
1274 1159 1359 1190 truci
1378 1158 1390 1176 ²
1409 1161 1441 1190 et

109 1218 201 1241 more
218 1208 322 1249 patrio
338 1207 433 1238 nudis
456 1208 645 1248 corporibus
664 1217 760 1249 super
780 1209 933 1240 humeros
949 1211 1040 1240 scuta
1062 1207 1287 1249 quatientium.
1305 1206 1440 1246 legiona-

111 1256 179 1288 rius
196 1255 316 1297 pluteis
331 1259 358 1286 el
380 1255 524 1286 cratibus
539 1257 645 1287 tectus
660 1256 786 1288 subruit
803 1265 927 1291 muros,
946 1256 1077 1287 instruit
1097 1264 1260 1296 aggerem,
1278 1253 1410 1285 molitur
1428 1252 1438 1271 ³

111 1309 232 1347 portas.
249 1308 362 1336 contra
381 1306 564 1345 pra-turiani
582 1305 756 1346 dispositos
773 1307 811 1337 ad
830 1306 862 1337 id
881 1307 990 1347 ipsum
1006 1307 1142 1338 molares
1164 1304 1284 1345 ingenti
1301 1303 1441 1345 pondere

111 1362 148 1385 ac
165 1354 288 1393 fragore
305 1354 510 1393 provehunt.
531 1362 604 1393 pars
619 1353 828 1385 subeuntium
846 1354 975 1394 obruti;
992 1363 1065 1394 pars
1082 1353 1200 1385 confixi
1215 1355 1247 1384 et
1264 1359 1441 1391 exsangues

110 1402 168 1432 aut
185 1400 290 1431 laceri.
311 1410 412 1440 quum
431 1403 562 1440 augeret
577 1404 718 1441 stragem
736 1401 908 1442 trepidatio
925 1410 1028 1441 eoque
1045 1401 1151 1432 acrius
1166 1409 1183 1432 e
1200 1399 1359 1431 moenibus
1377 1398 1442 1430 vul-

111 1450 322 1486 nerarentur,
351 1448 471 1479 rediere
501 1448 637 1479 infracta
662 1450 804 1489 partium
831 1450 925 1481 fama.
951 1451 983 1481 et
1005 1448 1131 1481 Caecina
1155 1446 1289 1488 [saina,]
1316 1446 1440 1487 pudore

110 1497 226 1535 coeptae
242 1497 364 1526 temere
379 1495 640 1536 opruiguatiouiS,
656 1505 695 1527 ne
712 1497 823 1528 irrisus
841 1506 878 1528 ac
890 1506 995 1528 vanus
1011 1497 1124 1528 iisdem
1142 1496 1255 1527 castris
1268 1493 1439 1533 assideret,

110 1540 245 1581 trajecto
264 1552 371 1573 rursus
397 1543 482 1573 Pado
508 1546 698 1574 Cremonam
724 1546 833 1583 petere
856 1544 1006 1575 intendit.
1031 1543 1195 1575 tradidere
1221 1550 1288 1573 sese
1307 1541 1440 1573 abeunti

111 1589 264 1620 Turulius
287 1590 418 1621 Cerialis
441 1598 515 1620 cum
542 1589 761 1630 compluribus
787 1591 929 1621 classicis
952 1594 983 1621 et
1007 1591 1109 1622 Julius
1136 1589 1336 1629 Briganticus
1364 1597 1438 1620 cum

109 1635 222 1675 paucis
238 1637 383 1676 equitum
396 1660 403 1674 ,
424 1636 476 1667 hic
496 1637 667 1676 praefectus
683 1637 741 1668 alae
757 1637 789 1667 in
806 1636 934 1668 Batavis
950 1638 1076 1677 genitus
1090 1661 1098 1675 ,
1116 1637 1168 1667 ille
1183 1635 1394 1676 primipilaris
1407 1635 1439 1667 et

111 1682 247 1714 Caecinae
262 1683 346 1713 haud
364 1684 503 1722 alienus,
523 1682 609 1722 quod
626 1683 756 1715 ordines
774 1684 805 1714 in
823 1685 990 1715 Germania
1003 1684 1150 1715 duxerat.

152 1733 260 1761 XXIII.
281 1730 453 1769 Spurinna,
470 1733 633 1770 comperto
651 1731 763 1762 itinere
782 1731 936 1770 hostium,
955 1732 1121 1763 defensam
1138 1730 1333 1762 Placentiam
1351 1738 1439 1770 quae-

110 1785 173 1816 que
198 1779 291 1816 acta,
315 1781 344 1808 et
370 1778 448 1818 quid
473 1778 601 1808 Caecina
626 1781 770 1819 pararet,
793 1779 934 1810 Annium
960 1778 1089 1810 Gallum
1114 1788 1171 1819 per
1192 1778 1315 1809 litteras
1334 1776 1437 1810 docet.

111 1823 218 1855 Gallus
234 1824 391 1864 legionem
412 1825 548 1865 primam
573 1826 605 1855 in
623 1825 779 1856 auxilium
803 1826 973 1857 Placentiae
992 1826 1154 1866 ducebat,
1177 1825 1304 1857 diffisus
1328 1823 1438 1865 pauci·

110 1871 175 1901 tate
197 1871 203 1888 ¹
224 1871 316 1902 cohoi
328 1872 406 1903 lium
418 1897 426 1911 ‚
445 1882 484 1903 ne
502 1872 629 1912 longius
646 1872 808 1904 obsidium
824 1875 855 1904 et
869 1873 936 1904 vim
953 1874 1132 1905 Germanici
1150 1873 1311 1904 exercitus
1324 1880 1438 1912 parum

110 1916 292 1950 tolerarent.
316 1920 370 1950 ubi
395 1920 522 1960 pulsum
546 1920 710 1952 Caecinam
727 1929 857 1961 pergere
873 1924 1063 1952 Cremonam
1082 1921 1206 1961 accepit
1218 1944 1227 1960 ,
1245 1928 1328 1959 aegre
1345 1927 1437 1952 coer-

111 1963 207 1996 citam
233 1966 389 2006 legionem
415 1970 447 1999 et
476 1967 639 2008 pugnandi
666 1967 781 1999 ardore
804 1978 906 2009 usque
931 1968 971 1999 ad
997 1968 1187 2000 seditionem
1213 1974 1436 2008 progressam,

110 2012 252 2045 Bedriaci
267 2014 363 2046 sistit.
380 2015 464 2046 inter
478 2019 637 2046 Veronam
651 2018 906 2056 Cremonamque
928 2016 1011 2047 situs
1030 2018 1079 2048 est
1093 2016 1184 2047 vicus
1197 2039 1206 2055 ,
1224 2013 1351 2045 duabus
1370 2012 1437 2052 J'am

112 2060 266 2092 Romanis
281 2061 425 2094 cladibus
441 2065 538 2094 notus
554 2062 776 2104 infaustusque
787 2062 811 2093 ².

144 2232 213 2255 XXI.
230 2237 249 2255 I.
263 2232 473 2256 Tor-mentorum
486 2239 537 2263 ope
555 2234 730 2258 remissa—2.
745 2233 994 2264 oppugnandarum
1009 2233 1117 2258 urbium
1140 2232 1321 2257 instrumenta
1336 2236 1368 2255 ex
1383 2230 1439 2255 Cn-

115 2271 176 2290 sare
188 2269 321 2291 nota.—.·‚.
334 2269 429 2292 Gloria·¹
443 2270 573 2294 srudIum.

138 2302 231 2360 t'xfifisll.
250 2308 267 2325 I.
283 2302 323 2360 pb
341 2305 514 2328 vetustatem.
530 2309 589 2328 -Ξ,
603 2306 662 2329 Vid.
684 2305 776 2330 Germ.
795 2311 818 2330 c.
830 2311 851 2336 5,
871 2306 970 2331 Caesar.
988 2307 1017 2331 B.
1036 2307 1109 2331 Gall.
1125 2307 1179 2336 VII,
1192 2311 1227 2330 aa.
1243 2318 1272 2323 —
1283 2310 1304 2329 5.
1319 2303 1438 2330 Laborat

117 2343 134 2361 u
165 2343 179 2360 e
204 2343 279 2366 ringa
295 2355 300 2360 .

148 2372 241 2397 xxm.
255 2378 276 2397 ι.
293 2372 333 2397 Ob
344 2375 578 2403 paucItatem.—2.
594 2377 629 2401 Iis
646 2377 710 2408 ipsis
728 2383 786 2409 quae
799 2377 852 2402 hoc
867 2379 895 2403 et
908 2379 1064 2410 insequenti
1073 2378 1143 2405 libro
1155 2378 1353 2404 narrabuntur.
