<?xml version="1.0" encoding="UTF-8"?>
<!DOCTYPE html PUBLIC "-//W3C//DTD XHTML 1.0 Transitional//EN"
    "http://www.w3.org/TR/xhtml1/DTD/xhtml1-transitional.dtd">
<html xmlns="http://www.w3.org/1999/xhtml" xml:lang="en" lang="en">
 <head>
  <title>
</title>
<meta http-equiv="Content-Type" content="text/html;charset=utf-8" />
  <meta name='ocr-system' content='tesseract 3.04.00' />
  <meta name='ocr-capabilities' content='ocr_page ocr_carea ocr_par ocr_line ocrx_word'/>
</head>
<body>
  <div class='ocr_page' id='page_1' title='image "./operaquaesupersu00taciuoft_0065.png"; bbox 0 0 1539 2668; ppageno 0'>
   <div class='ocr_carea' id='block_1_1' title="bbox 544 89 1439 125">
    <p class='ocr_par' dir='ltr' id='par_1_1' title="bbox 544 89 1439 125">
     <span class='ocr_line' id='line_1_1' title="bbox 544 89 1439 125; baseline 0.007 -6"><span class='ocrx_word' id='word_1_1' title='bbox 544 92 581 119; x_wconf 81' lang='lat' dir='ltr'>A.</span> <span class='ocrx_word' id='word_1_2' title='bbox 605 89 645 119; x_wconf 87' lang='lat' dir='ltr'>U.</span> <span class='ocrx_word' id='word_1_3' title='bbox 669 89 705 119; x_wconf 93' lang='lat' dir='ltr'>C.</span> <span class='ocrx_word' id='word_1_4' title='bbox 729 89 788 120; x_wconf 83' lang='lat'>768</span> <span class='ocrx_word' id='word_1_5' title='bbox 810 90 848 120; x_wconf 79' lang='lat' dir='ltr'>A.</span> <span class='ocrx_word' id='word_1_6' title='bbox 868 90 902 121; x_wconf 87' lang='lat' dir='ltr'>C.</span> <span class='ocrx_word' id='word_1_7' title='bbox 930 91 979 121; x_wconf 85' lang='lat'>15.</span> <span class='ocrx_word' id='word_1_8' title='bbox 1389 93 1439 125; x_wconf 59' lang='lat'>332</span> 
     </span>
    </p>
   </div>
   <div class='ocr_carea' id='block_1_2' title="bbox 91 160 1430 1138">
    <p class='ocr_par' dir='ltr' id='par_1_2' title="bbox 100 160 1430 535">
     <span class='ocr_line' id='line_1_2' title="bbox 103 160 1430 205; baseline 0.001 -10"><span class='ocrx_word' id='word_1_9' title='bbox 103 171 167 205; x_wconf 89' lang='lat' dir='ltr'>que</span> <span class='ocrx_word' id='word_1_10' title='bbox 192 162 234 195; x_wconf 82' lang='lat' dir='ltr'>ad</span> <span class='ocrx_word' id='word_1_11' title='bbox 262 161 359 194; x_wconf 90' lang='lat' dir='ltr'>finem</span> <span class='ocrx_word' id='word_1_12' title='bbox 380 161 456 194; x_wconf 85' lang='lat' dir='ltr'>vitae</span> <span class='ocrx_word' id='word_1_13' title='bbox 482 160 517 193; x_wconf 89' lang='lat' dir='ltr'>in</span> <span class='ocrx_word' id='word_1_14' title='bbox 540 161 654 194; x_wconf 84' lang='lat' dir='ltr'>iisdem</span> <span class='ocrx_word' id='word_1_15' title='bbox 678 161 872 194; x_wconf 82' lang='lat' dir='ltr'>exercitibus</span> <span class='ocrx_word' id='word_1_16' title='bbox 896 162 953 194; x_wconf 85' lang='lat' dir='ltr'>aut</span> <span class='ocrx_word' id='word_1_17' title='bbox 965 160 1242 201; x_wconf 87' lang='lat' dir='ltr'>jurisdictionibus</span> <span class='ocrx_word' id='word_1_18' title='bbox 1262 162 1269 181; x_wconf 92' lang='lat'><strong>¹</strong></span> <span class='ocrx_word' id='word_1_19' title='bbox 1297 162 1430 196; x_wconf 79' lang='lat' dir='ltr'>habere.</span> 
     </span>
     <span class='ocr_line' id='line_1_3' title="bbox 103 208 1429 251; baseline 0 -8"><span class='ocrx_word' id='word_1_20' title='bbox 103 219 208 243; x_wconf 85' lang='lat' dir='ltr'>causae</span> <span class='ocrx_word' id='word_1_21' title='bbox 225 210 323 242; x_wconf 72' lang='lat' dir='ltr'>variae</span> <span class='ocrx_word' id='word_1_22' title='bbox 337 209 508 242; x_wconf 83' lang='lat' dir='ltr'>traduntur</span> <span class='ocrx_word' id='word_1_23' title='bbox 522 219 530 240; x_wconf 78' lang='grc' dir='ltr'><strong><em>ε</em></strong></span> <span class='ocrx_word' id='word_1_24' title='bbox 544 209 598 240; x_wconf 86' lang='lat' dir='ltr'>aiii</span> <span class='ocrx_word' id='word_1_25' title='bbox 609 233 618 249; x_wconf 94' lang='lat'>,</span> <span class='ocrx_word' id='word_1_26' title='bbox 644 208 746 240; x_wconf 73' lang='lat' dir='ltr'>taeclio</span> <span class='ocrx_word' id='word_1_27' title='bbox 758 218 855 242; x_wconf 83' lang='lat' dir='ltr'>novae</span> <span class='ocrx_word' id='word_1_28' title='bbox 868 217 964 242; x_wconf 78' lang='lat' dir='ltr'>curce</span> <span class='ocrx_word' id='word_1_29' title='bbox 979 209 1084 241; x_wconf 81' lang='lat' dir='ltr'>semel</span> <span class='ocrx_word' id='word_1_30' title='bbox 1097 210 1233 249; x_wconf 78' lang='lat' dir='ltr'>placita</span> <span class='ocrx_word' id='word_1_31' title='bbox 1246 219 1310 251; x_wconf 84' lang='lat' dir='ltr'>pro</span> <span class='ocrx_word' id='word_1_32' title='bbox 1325 214 1429 243; x_wconf 84' lang='lat' dir='ltr'>aeter-</span> 
     </span>
     <span class='ocr_line' id='line_1_4' title="bbox 103 256 1427 298; baseline 0 -8"><span class='ocrx_word' id='word_1_33' title='bbox 103 260 156 290; x_wconf 79' lang='lat' dir='ltr'>nis</span> <span class='ocrx_word' id='word_1_34' title='bbox 171 258 381 296; x_wconf 72' lang='lat' dir='ltr'><em>servavisse,</em></span> <span class='ocrx_word' id='word_1_35' title='bbox 399 256 541 297; x_wconf 85' lang='lat' dir='ltr'>quidam,</span> <span class='ocrx_word' id='word_1_36' title='bbox 564 256 717 294; x_wconf 76' lang='lat' dir='ltr'>invidia,</span> <span class='ocrx_word' id='word_1_37' title='bbox 737 266 779 288; x_wconf 73' lang='lat' dir='ltr'>ne</span> <span class='ocrx_word' id='word_1_38' title='bbox 797 257 921 297; x_wconf 79' lang='lat' dir='ltr'>plures</span> <span class='ocrx_word' id='word_1_39' title='bbox 931 256 1157 297; x_wconf 79' lang='lat' dir='ltr'>fruerentur.</span> <span class='ocrx_word' id='word_1_40' title='bbox 1178 260 1254 289; x_wconf 85' lang='lat' dir='ltr'>sunt</span> <span class='ocrx_word' id='word_1_41' title='bbox 1274 258 1329 298; x_wconf 89' lang='lat' dir='ltr'>qui</span> <span class='ocrx_word' id='word_1_42' title='bbox 1357 259 1427 290; x_wconf 80' lang='lat' dir='ltr'>exi-</span> 
     </span>
     <span class='ocr_line' id='line_1_5' title="bbox 101 303 1429 345; baseline 0 -8"><span class='ocrx_word' id='word_1_43' title='bbox 101 306 250 345; x_wconf 77' lang='lat' dir='ltr'>stiment,</span> <span class='ocrx_word' id='word_1_44' title='bbox 270 306 306 336; x_wconf 85' lang='lat' dir='ltr'>ut</span> <span class='ocrx_word' id='word_1_45' title='bbox 330 304 482 336; x_wconf 80' lang='lat' dir='ltr'>callidum</span> <span class='ocrx_word' id='word_1_46' title='bbox 500 305 568 345; x_wconf 85' lang='lat' dir='ltr'>ejus</span> <span class='ocrx_word' id='word_1_47' title='bbox 590 304 774 343; x_wconf 73' lang='lat' dir='ltr'>ingenium,</span> <span class='ocrx_word' id='word_1_48' title='bbox 797 305 841 337; x_wconf 83' lang='lat' dir='ltr'>ita</span> <span class='ocrx_word' id='word_1_49' title='bbox 867 304 999 336; x_wconf 80' lang='lat' dir='ltr'>anxium</span> <span class='ocrx_word' id='word_1_50' title='bbox 1014 303 1185 344; x_wconf 87' lang='lat' dir='ltr'>judicium.</span> <span class='ocrx_word' id='word_1_51' title='bbox 1214 314 1317 345; x_wconf 83' lang='lat' dir='ltr'>neque</span> <span class='ocrx_word' id='word_1_52' title='bbox 1341 306 1429 337; x_wconf 89' lang='lat' dir='ltr'>enim</span> 
     </span>
     <span class='ocr_line' id='line_1_6' title="bbox 102 351 1428 392; baseline 0.001 -8"><span class='ocrx_word' id='word_1_53' title='bbox 102 353 279 384; x_wconf 80' lang='lat' dir='ltr'>eminentes</span> <span class='ocrx_word' id='word_1_54' title='bbox 301 351 438 383; x_wconf 87' lang='lat' dir='ltr'>virtutes</span> <span class='ocrx_word' id='word_1_55' title='bbox 452 351 644 392; x_wconf 75' lang='lat' dir='ltr'>sectabatur,</span> <span class='ocrx_word' id='word_1_56' title='bbox 662 353 693 383; x_wconf 81' lang='lat' dir='ltr'>et</span> <span class='ocrx_word' id='word_1_57' title='bbox 707 361 838 383; x_wconf 87' lang='lat' dir='ltr'>rursum</span> <span class='ocrx_word' id='word_1_58' title='bbox 855 352 935 383; x_wconf 80' lang='lat' dir='ltr'>vitia</span> <span class='ocrx_word' id='word_1_59' title='bbox 951 351 1063 384; x_wconf 86' lang='lat' dir='ltr'>oderat</span> <span class='ocrx_word' id='word_1_60' title='bbox 1078 361 1086 382; x_wconf 72' lang='grc' dir='ltr'>ε</span> <span class='ocrx_word' id='word_1_61' title='bbox 1106 361 1145 383; x_wconf 82' lang='lat' dir='ltr'>ex</span> <span class='ocrx_word' id='word_1_62' title='bbox 1160 352 1292 392; x_wconf 82' lang='lat' dir='ltr'>optimis</span> <span class='ocrx_word' id='word_1_63' title='bbox 1306 353 1428 392; x_wconf 75' lang='lat' dir='ltr'>pericu-</span> 
     </span>
     <span class='ocr_line' id='line_1_7' title="bbox 102 398 1429 442; baseline -0.001 -10"><span class='ocrx_word' id='word_1_64' title='bbox 102 401 168 432; x_wconf 80' lang='lat' dir='ltr'>lum</span> <span class='ocrx_word' id='word_1_65' title='bbox 187 399 266 438; x_wconf 87' lang='lat' dir='ltr'>sibi,</span> <span class='ocrx_word' id='word_1_66' title='bbox 284 408 302 430; x_wconf 84' lang='lat' dir='ltr'>a</span> <span class='ocrx_word' id='word_1_67' title='bbox 322 398 470 440; x_wconf 86' lang='lat' dir='ltr'>pessimis</span> <span class='ocrx_word' id='word_1_68' title='bbox 493 398 632 431; x_wconf 86' lang='lat' dir='ltr'>dedecus</span> <span class='ocrx_word' id='word_1_69' title='bbox 663 399 826 439; x_wconf 85' lang='lat' dir='ltr'>publicum</span> <span class='ocrx_word' id='word_1_70' title='bbox 853 399 1026 431; x_wconf 78' lang='lat' dir='ltr'>metuebat.</span> <span class='ocrx_word' id='word_1_71' title='bbox 1053 408 1118 440; x_wconf 85' lang='lat' dir='ltr'>qua</span> <span class='ocrx_word' id='word_1_72' title='bbox 1141 399 1340 431; x_wconf 78' lang='lat' dir='ltr'>haesitatione</span> <span class='ocrx_word' id='word_1_73' title='bbox 1368 411 1429 442; x_wconf 78' lang='lat' dir='ltr'>po-</span> 
     </span>
     <span class='ocr_line' id='line_1_8' title="bbox 100 445 1427 488; baseline 0.001 -9"><span class='ocrx_word' id='word_1_74' title='bbox 100 449 218 479; x_wconf 85' lang='lat' dir='ltr'>stremo</span> <span class='ocrx_word' id='word_1_75' title='bbox 234 455 271 478; x_wconf 87' lang='lat' dir='ltr'>eo</span> <span class='ocrx_word' id='word_1_76' title='bbox 288 449 459 486; x_wconf 77' lang='lat' dir='ltr'>provectus</span> <span class='ocrx_word' id='word_1_77' title='bbox 466 448 528 487; x_wconf 83' lang='lat' dir='ltr'>est,</span> <span class='ocrx_word' id='word_1_78' title='bbox 545 447 579 478; x_wconf 87' lang='lat' dir='ltr'>ut</span> <span class='ocrx_word' id='word_1_79' title='bbox 592 445 793 478; x_wconf 81' lang='lat' dir='ltr'>mandaverit</span> <span class='ocrx_word' id='word_1_80' title='bbox 808 447 1001 487; x_wconf 81' lang='lat' dir='ltr'>quibusdam</span> <span class='ocrx_word' id='word_1_81' title='bbox 1018 446 1213 487; x_wconf 81' lang='lat' dir='ltr'>provincias,</span> <span class='ocrx_word' id='word_1_82' title='bbox 1225 456 1306 487; x_wconf 86' lang='lat' dir='ltr'>quos</span> <span class='ocrx_word' id='word_1_83' title='bbox 1319 448 1427 488; x_wconf 72' lang='lat' dir='ltr'>egredi</span> 
     </span>
     <span class='ocr_line' id='line_1_9' title="bbox 102 495 522 535; baseline -0.002 -8"><span class='ocrx_word' id='word_1_84' title='bbox 102 495 184 527; x_wconf 88' lang='lat' dir='ltr'>Urbe</span> <span class='ocrx_word' id='word_1_85' title='bbox 196 504 260 526; x_wconf 88' lang='lat' dir='ltr'>non</span> <span class='ocrx_word' id='word_1_86' title='bbox 277 496 344 526; x_wconf 79' lang='lat' dir='ltr'>erat</span> <span class='ocrx_word' id='word_1_87' title='bbox 359 503 522 535; x_wconf 80' lang='lat' dir='ltr'>passurus.</span> 
     </span>
    </p>

    <p class='ocr_par' dir='ltr' id='par_1_3' title="bbox 91 541 1426 1050">
     <span class='ocr_line' id='line_1_10' title="bbox 140 541 1426 584; baseline 0.002 -11"><span class='ocrx_word' id='word_1_88' title='bbox 140 546 269 574; x_wconf 86' lang='lat' dir='ltr'>LXXXI.</span> <span class='ocrx_word' id='word_1_89' title='bbox 294 546 338 573; x_wconf 87' lang='lat' dir='ltr'>De</span> <span class='ocrx_word' id='word_1_90' title='bbox 352 542 490 573; x_wconf 87' lang='lat' dir='ltr'>comitiis</span> <span class='ocrx_word' id='word_1_91' title='bbox 514 541 755 580; x_wconf 82' lang='lat' dir='ltr'>consularibus,</span> <span class='ocrx_word' id='word_1_92' title='bbox 775 552 848 583; x_wconf 71' lang='lat' dir='ltr'>quae</span> <span class='ocrx_word' id='word_1_93' title='bbox 860 543 931 575; x_wconf 83' lang='lat' dir='ltr'>tum</span> <span class='ocrx_word' id='word_1_94' title='bbox 957 543 1099 584; x_wconf 90' lang='lat' dir='ltr'>primum</span> <span class='ocrx_word' id='word_1_95' title='bbox 1124 542 1178 574; x_wconf 85' lang='lat' dir='ltr'>ilio</span> <span class='ocrx_word' id='word_1_96' title='bbox 1196 542 1342 583; x_wconf 74' lang='lat' dir='ltr'>Principe</span> <span class='ocrx_word' id='word_1_97' title='bbox 1360 543 1366 560; x_wconf 91' lang='lat'><strong>¹</strong></span> <span class='ocrx_word' id='word_1_98' title='bbox 1387 552 1426 576; x_wconf 82' lang='lat' dir='ltr'>ac</span> 
     </span>
     <span class='ocr_line' id='line_1_11' title="bbox 98 589 1425 631; baseline -0.001 -9"><span class='ocrx_word' id='word_1_99' title='bbox 98 589 249 631; x_wconf 82' lang='lat' dir='ltr'>deinceps</span> <span class='ocrx_word' id='word_1_100' title='bbox 264 590 363 630; x_wconf 77' lang='lat' dir='ltr'>fuere,</span> <span class='ocrx_word' id='word_1_101' title='bbox 377 589 430 621; x_wconf 80' lang='lat' dir='ltr'>vix</span> <span class='ocrx_word' id='word_1_102' title='bbox 446 589 621 631; x_wconf 83' lang='lat' dir='ltr'>quidquam</span> <span class='ocrx_word' id='word_1_103' title='bbox 638 591 763 622; x_wconf 77' lang='lat' dir='ltr'>firmare</span> <span class='ocrx_word' id='word_1_104' title='bbox 777 591 899 622; x_wconf 79' lang='lat' dir='ltr'>ausim:</span> <span class='ocrx_word' id='word_1_105' title='bbox 917 591 994 623; x_wconf 82' lang='lat' dir='ltr'>adeo</span> <span class='ocrx_word' id='word_1_106' title='bbox 1011 591 1135 622; x_wconf 78' lang='lat' dir='ltr'>diversa</span> <span class='ocrx_word' id='word_1_107' title='bbox 1152 599 1215 621; x_wconf 92' lang='lat' dir='ltr'>non</span> <span class='ocrx_word' id='word_1_108' title='bbox 1234 590 1330 621; x_wconf 83' lang='lat' dir='ltr'>modo</span> <span class='ocrx_word' id='word_1_109' title='bbox 1341 591 1425 631; x_wconf 79' lang='lat' dir='ltr'>apud</span> 
     </span>
     <span class='ocr_line' id='line_1_12' title="bbox 98 637 1425 679; baseline 0 -10"><span class='ocrx_word' id='word_1_110' title='bbox 98 640 245 669; x_wconf 81' lang='lat' dir='ltr'>auctores</span> <span class='ocrx_word' id='word_1_111' title='bbox 256 662 264 678; x_wconf 83' lang='lat'>‚</span> <span class='ocrx_word' id='word_1_112' title='bbox 279 638 332 669; x_wconf 76' lang='lat' dir='ltr'>sed</span> <span class='ocrx_word' id='word_1_113' title='bbox 349 637 383 668; x_wconf 94' lang='lat' dir='ltr'>in</span> <span class='ocrx_word' id='word_1_114' title='bbox 399 637 501 678; x_wconf 86' lang='lat' dir='ltr'>ipsius</span> <span class='ocrx_word' id='word_1_115' title='bbox 517 637 716 669; x_wconf 83' lang='lat' dir='ltr'>orationibus</span> <span class='ocrx_word' id='word_1_116' title='bbox 738 638 953 679; x_wconf 85' lang='lat' dir='ltr'>reperiuntur.</span> <span class='ocrx_word' id='word_1_117' title='bbox 972 638 1070 670; x_wconf 92' lang='lat' dir='ltr'>modo</span> <span class='ocrx_word' id='word_1_118' title='bbox 1092 638 1264 670; x_wconf 75' lang='lat' dir='ltr'>subtractis</span> <span class='ocrx_word' id='word_1_119' title='bbox 1279 637 1290 655; x_wconf 83' lang='lat'><em>²</em></span> <span class='ocrx_word' id='word_1_120' title='bbox 1311 639 1425 670; x_wconf 82' lang='lat' dir='ltr'>candi·</span> 
     </span>
     <span class='ocr_line' id='line_1_13' title="bbox 97 684 1423 726; baseline 0.002 -10"><span class='ocrx_word' id='word_1_121' title='bbox 97 684 244 717; x_wconf 80' lang='lat' dir='ltr'>datorum</span> <span class='ocrx_word' id='word_1_122' title='bbox 261 685 446 716; x_wconf 86' lang='lat' dir='ltr'>nominibus</span> <span class='ocrx_word' id='word_1_123' title='bbox 458 710 466 724; x_wconf 91' lang='lat'>‚</span> <span class='ocrx_word' id='word_1_124' title='bbox 487 685 643 725; x_wconf 83' lang='lat' dir='ltr'>originem</span> <span class='ocrx_word' id='word_1_125' title='bbox 659 686 814 726; x_wconf 80' lang='lat' dir='ltr'>cujusque</span> <span class='ocrx_word' id='word_1_126' title='bbox 831 688 863 718; x_wconf 89' lang='lat' dir='ltr'>et</span> <span class='ocrx_word' id='word_1_127' title='bbox 880 686 980 718; x_wconf 74' lang='lat' dir='ltr'>vitam</span> <span class='ocrx_word' id='word_1_128' title='bbox 1004 688 1036 718; x_wconf 92' lang='lat' dir='ltr'>et</span> <span class='ocrx_word' id='word_1_129' title='bbox 1052 686 1210 726; x_wconf 77' lang='lat' dir='ltr'>stipendia</span> <span class='ocrx_word' id='word_1_130' title='bbox 1230 685 1332 717; x_wconf 55' lang='lat' dir='ltr'>‹lesui-i</span> <span class='ocrx_word' id='word_1_131' title='bbox 1339 686 1403 726; x_wconf 83' lang='lat' dir='ltr'>psit</span> <span class='ocrx_word' id='word_1_132' title='bbox 1414 710 1423 726; x_wconf 86' lang='lat'><strong><em>,</em></strong></span> 
     </span>
     <span class='ocr_line' id='line_1_14' title="bbox 97 732 1423 774; baseline 0.001 -11"><span class='ocrx_word' id='word_1_133' title='bbox 97 733 143 773; x_wconf 84' lang='lat' dir='ltr'>ut,</span> <span class='ocrx_word' id='word_1_134' title='bbox 160 733 216 774; x_wconf 86' lang='lat' dir='ltr'>qui</span> <span class='ocrx_word' id='word_1_135' title='bbox 232 733 347 772; x_wconf 78' lang='lat' dir='ltr'>forent,</span> <span class='ocrx_word' id='word_1_136' title='bbox 362 732 609 772; x_wconf 79' lang='lat' dir='ltr'>intelligeretur;</span> <span class='ocrx_word' id='word_1_137' title='bbox 626 732 798 773; x_wconf 78' lang='lat' dir='ltr'>aliquando</span> <span class='ocrx_word' id='word_1_138' title='bbox 809 742 846 765; x_wconf 83' lang='lat' dir='ltr'>ea</span> <span class='ocrx_word' id='word_1_139' title='bbox 859 743 988 774; x_wconf 85' lang='lat' dir='ltr'>quoque</span> <span class='ocrx_word' id='word_1_140' title='bbox 1002 733 1233 774; x_wconf 80' lang='lat' dir='ltr'>significatione</span> <span class='ocrx_word' id='word_1_141' title='bbox 1247 733 1423 773; x_wconf 75' lang='lat' dir='ltr'>subtracta,</span> 
     </span>
     <span class='ocr_line' id='line_1_15' title="bbox 95 780 1424 821; baseline 0 -10"><span class='ocrx_word' id='word_1_142' title='bbox 95 780 283 812; x_wconf 80' lang='lat' dir='ltr'>candidatos</span> <span class='ocrx_word' id='word_1_143' title='bbox 297 780 440 812; x_wconf 79' lang='lat' dir='ltr'>hortatus</span> <span class='ocrx_word' id='word_1_144' title='bbox 455 789 493 812; x_wconf 90' lang='lat' dir='ltr'>ne</span> <span class='ocrx_word' id='word_1_145' title='bbox 509 780 632 812; x_wconf 85' lang='lat' dir='ltr'>ambitu</span> <span class='ocrx_word' id='word_1_146' title='bbox 652 781 782 821; x_wconf 67' lang='lat' dir='ltr'>comitia</span> <span class='ocrx_word' id='word_1_147' title='bbox 798 781 987 820; x_wconf 78' lang='lat' dir='ltr'>turbarent,</span> <span class='ocrx_word' id='word_1_148' title='bbox 1011 790 1100 813; x_wconf 79' lang='lat' dir='ltr'>suam</span> <span class='ocrx_word' id='word_1_149' title='bbox 1119 782 1157 812; x_wconf 78' lang='lat' dir='ltr'>ad</span> <span class='ocrx_word' id='word_1_150' title='bbox 1176 781 1207 812; x_wconf 86' lang='lat' dir='ltr'>id</span> <span class='ocrx_word' id='word_1_151' title='bbox 1228 789 1337 812; x_wconf 73' lang='lat' dir='ltr'>ruram</span> <span class='ocrx_word' id='word_1_152' title='bbox 1355 781 1424 820; x_wconf 88' lang='lat' dir='ltr'>pol·</span> 
     </span>
     <span class='ocr_line' id='line_1_16' title="bbox 94 826 1425 869; baseline 0 -11"><span class='ocrx_word' id='word_1_153' title='bbox 94 826 201 859; x_wconf 84' lang='lat' dir='ltr'>licitus</span> <span class='ocrx_word' id='word_1_154' title='bbox 217 829 274 859; x_wconf 83' lang='lat' dir='ltr'>est.</span> <span class='ocrx_word' id='word_1_155' title='bbox 300 828 491 868; x_wconf 84' lang='lat' dir='ltr'>pierumque</span> <span class='ocrx_word' id='word_1_156' title='bbox 508 837 561 860; x_wconf 79' lang='lat' dir='ltr'>eos</span> <span class='ocrx_word' id='word_1_157' title='bbox 579 830 717 860; x_wconf 79' lang='lat' dir='ltr'>tantum</span> <span class='ocrx_word' id='word_1_158' title='bbox 738 829 834 869; x_wconf 75' lang='lat' dir='ltr'>apud</span> <span class='ocrx_word' id='word_1_159' title='bbox 849 838 884 860; x_wconf 81' lang='lat' dir='ltr'>se.</span> <span class='ocrx_word' id='word_1_160' title='bbox 907 829 1078 869; x_wconf 77' lang='lat' dir='ltr'>professos</span> <span class='ocrx_word' id='word_1_161' title='bbox 1092 829 1256 866; x_wconf 76' lang='lat' dir='ltr'>disseruit,</span> <span class='ocrx_word' id='word_1_162' title='bbox 1276 836 1425 869; x_wconf 74' lang='lat' dir='ltr'>quorum,</span> 
     </span>
     <span class='ocr_line' id='line_1_17' title="bbox 94 875 1426 917; baseline -0.001 -10"><span class='ocrx_word' id='word_1_163' title='bbox 94 878 233 907; x_wconf 75' lang='lat' dir='ltr'>nomina</span> <span class='ocrx_word' id='word_1_164' title='bbox 250 875 446 908; x_wconf 66' lang='lat' dir='ltr'>consulibus</span> <span class='ocrx_word' id='word_1_165' title='bbox 472 875 652 912; x_wconf 53' lang='lat' dir='ltr'>edidissem</span> <span class='ocrx_word' id='word_1_166' title='bbox 678 886 773 917; x_wconf 80' lang='lat' dir='ltr'>posse</span> <span class='ocrx_word' id='word_1_167' title='bbox 799 879 832 908; x_wconf 79' lang='lat' dir='ltr'>et</span> <span class='ocrx_word' id='word_1_168' title='bbox 857 877 945 908; x_wconf 78' lang='lat' dir='ltr'>alios</span> <span class='ocrx_word' id='word_1_169' title='bbox 968 875 1145 917; x_wconf 73' lang='lat' dir='ltr'>profiteri,</span> <span class='ocrx_word' id='word_1_170' title='bbox 1165 877 1192 907; x_wconf 80' lang='lat' dir='ltr'>si</span> <span class='ocrx_word' id='word_1_171' title='bbox 1213 878 1338 916; x_wconf 70' lang='lat' dir='ltr'>qralice</span> <span class='ocrx_word' id='word_1_172' title='bbox 1361 877 1426 906; x_wconf 79' lang='grc' dir='ltr'>αιιί</span> 
     </span>
     <span class='ocr_line' id='line_1_18' title="bbox 91 922 1423 964; baseline -0.001 -10"><span class='ocrx_word' id='word_1_173' title='bbox 91 925 225 955; x_wconf 74' lang='lat' dir='ltr'>meritis</span> <span class='ocrx_word' id='word_1_174' title='bbox 244 922 465 963; x_wconf 74' lang='lat' dir='ltr'>confiderent.</span> <span class='ocrx_word' id='word_1_175' title='bbox 484 924 625 964; x_wconf 82' lang='lat' dir='ltr'>speciosa</span> <span class='ocrx_word' id='word_1_176' title='bbox 643 924 769 964; x_wconf 80' lang='lat' dir='ltr'>verbis,</span> <span class='ocrx_word' id='word_1_177' title='bbox 797 933 830 955; x_wconf 87' lang='lat' dir='ltr'>re</span> <span class='ocrx_word' id='word_1_178' title='bbox 856 924 964 955; x_wconf 79' lang='lat' dir='ltr'>inania</span> <span class='ocrx_word' id='word_1_179' title='bbox 983 925 1039 955; x_wconf 75' lang='lat' dir='ltr'>ant</span> <span class='ocrx_word' id='word_1_180' title='bbox 1059 923 1211 962; x_wconf 79' lang='lat' dir='ltr'>subdola,</span> <span class='ocrx_word' id='word_1_181' title='bbox 1235 926 1423 963; x_wconf 81' lang='lat' dir='ltr'>quantoque</span> 
     </span>
     <span class='ocr_line' id='line_1_19' title="bbox 92 969 1423 1013; baseline -0.001 -12"><span class='ocrx_word' id='word_1_182' title='bbox 92 971 210 1011; x_wconf 83' lang='lat' dir='ltr'>majore</span> <span class='ocrx_word' id='word_1_183' title='bbox 237 970 393 1003; x_wconf 84' lang='lat' dir='ltr'>libertatis</span> <span class='ocrx_word' id='word_1_184' title='bbox 408 970 546 1012; x_wconf 85' lang='lat' dir='ltr'>imagine</span> <span class='ocrx_word' id='word_1_185' title='bbox 570 972 778 1012; x_wconf 83' lang='lat' dir='ltr'>tegebantur,</span> <span class='ocrx_word' id='word_1_186' title='bbox 798 973 888 1003; x_wconf 85' lang='lat' dir='ltr'>tanto</span> <span class='ocrx_word' id='word_1_187' title='bbox 911 973 1067 1013; x_wconf 82' lang='lat' dir='ltr'>eruptura</span> <span class='ocrx_word' id='word_1_188' title='bbox 1089 971 1130 1003; x_wconf 79' lang='lat' dir='ltr'>ad</span> <span class='ocrx_word' id='word_1_189' title='bbox 1151 969 1307 1003; x_wconf 70' lang='lat' dir='ltr'>infensius</span> <span class='ocrx_word' id='word_1_190' title='bbox 1325 970 1335 987; x_wconf 80' lang='lat'><strong>³</strong></span> <span class='ocrx_word' id='word_1_191' title='bbox 1356 978 1423 1001; x_wconf 81' lang='lat' dir='ltr'>ser-</span> 
     </span>
     <span class='ocr_line' id='line_1_20' title="bbox 93 1016 218 1050; baseline 0.016 -2"><span class='ocrx_word' id='word_1_192' title='bbox 93 1016 218 1050; x_wconf 83' lang='lat' dir='ltr'>vitium.</span> 
     </span>
    </p>

    <p class='ocr_par' dir='ltr' id='par_1_4' title="bbox 123 1106 1028 1138">
     <span class='ocr_line' id='line_1_21' title="bbox 123 1106 1028 1138; baseline 0.003 -9"><span class='ocrx_word' id='word_1_193' title='bbox 123 1106 225 1130; x_wconf 69' lang='lat' dir='ltr'>LXXX.</span> <span class='ocrx_word' id='word_1_194' title='bbox 246 1112 264 1130; x_wconf 80' lang='grc' dir='ltr'>ι.</span> <span class='ocrx_word' id='word_1_195' title='bbox 275 1108 331 1131; x_wconf 83' lang='lat' dir='ltr'>Hoc</span> <span class='ocrx_word' id='word_1_196' title='bbox 345 1107 377 1131; x_wconf 86' lang='lat' dir='ltr'>de</span> <span class='ocrx_word' id='word_1_197' title='bbox 392 1107 615 1137; x_wconf 78' lang='lat' dir='ltr'>procuratoribus</span> <span class='ocrx_word' id='word_1_198' title='bbox 630 1108 656 1131; x_wconf 89' lang='lat' dir='ltr'>in</span> <span class='ocrx_word' id='word_1_199' title='bbox 669 1109 817 1138; x_wconf 80' lang='lat' dir='ltr'>provinciis</span> <span class='ocrx_word' id='word_1_200' title='bbox 828 1109 885 1132; x_wconf 82' lang='lat' dir='ltr'>sinc</span> <span class='ocrx_word' id='word_1_201' title='bbox 900 1108 1028 1133; x_wconf 77' lang='lat' dir='ltr'>exercitu.</span> 
     </span>
    </p>
   </div>
   <div class='ocr_carea' id='block_1_3' title="bbox 112 1141 1425 1209">
    <p class='ocr_par' dir='ltr' id='par_1_5' title="bbox 112 1141 1425 1209">
     <span class='ocr_line' id='line_1_22' title="bbox 122 1141 1425 1174; baseline 0.002 -10"><span class='ocrx_word' id='word_1_202' title='bbox 122 1141 238 1165; x_wconf 81' lang='lat' dir='ltr'>LXXXI.</span> <span class='ocrx_word' id='word_1_203' title='bbox 255 1147 274 1165; x_wconf 78' lang='grc' dir='ltr'>ι.</span> <span class='ocrx_word' id='word_1_204' title='bbox 287 1143 353 1166; x_wconf 86' lang='lat' dir='ltr'>Nam</span> <span class='ocrx_word' id='word_1_205' title='bbox 368 1142 445 1172; x_wconf 82' lang='lat' dir='ltr'>primi</span> <span class='ocrx_word' id='word_1_206' title='bbox 455 1144 525 1171; x_wconf 82' lang='lat' dir='ltr'>anni,</span> <span class='ocrx_word' id='word_1_207' title='bbox 541 1144 586 1172; x_wconf 85' lang='lat' dir='ltr'>qui</span> <span class='ocrx_word' id='word_1_208' title='bbox 597 1145 646 1167; x_wconf 81' lang='lat' dir='ltr'>sub</span> <span class='ocrx_word' id='word_1_209' title='bbox 662 1144 769 1168; x_wconf 80' lang='lat' dir='ltr'>Tiberio</span> <span class='ocrx_word' id='word_1_210' title='bbox 781 1144 920 1174; x_wconf 78' lang='lat' dir='ltr'>agebatur.</span> <span class='ocrx_word' id='word_1_211' title='bbox 934 1143 1060 1168; x_wconf 81' lang='lat' dir='ltr'>consules</span> <span class='ocrx_word' id='word_1_212' title='bbox 1071 1143 1208 1174; x_wconf 76' lang='lat' dir='ltr'>Augustus</span> <span class='ocrx_word' id='word_1_213' title='bbox 1222 1142 1425 1172; x_wconf 70' lang='lat' dir='ltr'>designaverat.</span> 
     </span>
     <span class='ocr_line' id='line_1_23' title="bbox 112 1176 1083 1209; baseline 0.003 -9"><span class='ocrx_word' id='word_1_214' title='bbox 112 1188 121 1193; x_wconf 88' lang='lat'>-</span> <span class='ocrx_word' id='word_1_215' title='bbox 132 1181 154 1200; x_wconf 77' lang='lat'>2.</span> <span class='ocrx_word' id='word_1_216' title='bbox 169 1176 293 1206; x_wconf 75' lang='lat' dir='ltr'>Omissis,</span> <span class='ocrx_word' id='word_1_217' title='bbox 308 1177 406 1202; x_wconf 78' lang='lat' dir='ltr'>tacitis.</span> <span class='ocrx_word' id='word_1_218' title='bbox 424 1190 453 1195; x_wconf 97' lang='lat'><strong>—</strong></span> <span class='ocrx_word' id='word_1_219' title='bbox 463 1182 485 1202; x_wconf 78' lang='grc'>5.</span> <span class='ocrx_word' id='word_1_220' title='bbox 500 1178 540 1202; x_wconf 75' lang='lat' dir='ltr'>Ad</span> <span class='ocrx_word' id='word_1_221' title='bbox 558 1179 633 1203; x_wconf 77' lang='lat' dir='ltr'>tanto</span> <span class='ocrx_word' id='word_1_222' title='bbox 647 1179 776 1204; x_wconf 79' lang='lat' dir='ltr'>intensius</span> <span class='ocrx_word' id='word_1_223' title='bbox 789 1180 928 1204; x_wconf 83' lang='lat' dir='ltr'>servitium</span> <span class='ocrx_word' id='word_1_224' title='bbox 943 1181 1083 1209; x_wconf 84' lang='lat' dir='ltr'>eruptura.</span> 
     </span>
    </p>
   </div>
  </div>
 </body>
</html>
