1539 2668
113 187 175 220 402
483 195 615 223 TAClTl
638 193 913 222 fflSTORIARUM
936 194 1009 222 LIB.
1033 193 1087 221 lv.

116 283 131 298 «ι
152 277 259 308 neque
272 275 362 298 arma
376 267 444 298 sine
462 266 634 307 stipendiis
649 274 753 305 neque
768 265 927 306 stipendia
941 265 1009 296 sine
1023 264 1156 296 tributis
1173 264 1283 295 baberi
1307 267 1440 304 queunt.

113 329 129 342 u
150 318 258 345 cetera
278 315 310 345 in
326 314 491 345 communi
508 313 570 344 sita
585 314 659 344 sunt
673 313 695 342 ¹.
714 312 774 352 ipsi
789 313 979 353 plerumque
997 312 1177 352 legionibus
1196 312 1317 342 nostris
1332 312 1442 352 praesi-

114 376 129 389 α
151 362 232 392 dei'·
253 388 255 390 .
276 362 339 402 ipsi
358 362 414 392 lias
431 361 576 399 aliasque
593 359 778 400 provincias
795 360 904 399 regitis
922 373 928 391 :
946 360 1026 390 nihil
1048 361 1230 399 separatum
1246 359 1440 391 clausumve.

113 425 128 435 u
149 412 181 440 et
201 409 408 440 laudatorum
425 407 609 448 principum
632 416 712 438 usus
730 416 768 438 ex
787 416 899 447 aequo,
916 407 1067 447 quamvis
1089 406 1200 446 procul
1223 406 1393 446 agentibus
1405 405 1418 424 ²
1435 416 1443 436 τ

113 471 128 485 «ι
147 457 227 489 saevi
243 456 401 496 proximis
420 455 588 495 ingruunt.
608 454 774 494 quomodo
789 455 992 487 sterilitatem
1012 457 1067 485 aut
1083 454 1199 484 nimios
1214 453 1334 484 imbres
1348 455 1381 485 et
1397 460 1447 484 ce-

113 517 128 531 ι
146 507 214 535 tera
229 506 355 535 naturae
373 503 457 533 mala
469 526 478 541 ,
494 501 540 532 ita
553 501 669 532 luxum
688 502 737 533 vel
755 501 927 533 avaritiam
946 500 1185 532 dominantium
1204 501 1351 531 tolerate.
1368 499 1446 530 vitia

113 565 128 578 a
149 553 257 590 erunt,
274 551 377 581 donec
393 549 563 580 homines:
579 548 632 579 sed
649 557 753 589 neque
767 549 835 580 baec
849 549 1016 588 continua,
1032 550 1065 580 et
1078 548 1247 579 meliorum
1261 548 1447 579 interventu

114 611 129 625 a
148 599 336 638 pensantur.
361 596 425 627 nisi
446 596 530 627 forte
547 597 669 627 Tutore
689 598 720 627 et
743 595 882 627 Classico
903 595 1112 634 regnantibus
1133 595 1330 626 moderatius
1349 594 1448 633 impe-

113 658 128 673 «
148 645 231 676 rium
251 644 386 685 speratis
398 667 407 683 ,
428 646 485 674 aut
501 643 682 674 minoribus
696 652 795 683 quam
817 651 905 673 nunc
925 641 1055 673 tributis
1072 642 1274 682 parabuntur
1290 641 1450 672 exercitus

114 705 129 719 σι
149 693 267 732 quibus
279 691 428 723 Germani
441 690 652 730 Britannique
666 693 849 721 arceantur.
865 698 941 720 nam
955 689 1058 729 pulsis
1073 689 1170 729 (quod
1189 689 1233 719 dii
1246 688 1448 729 prohibeant)

115 752 130 767 ι
149 740 303 771 Romanis
314 738 390 779 quid
402 738 490 769 aliud
500 746 597 778 quam
611 737 695 768 bella
707 738 853 768 omnium
869 737 950 767 inter
963 745 997 767 se
1008 735 1152 775 gentium
1163 736 1340 767 exsistent?
1353 734 1452 766 octin-

114 799 130 813 «ι
148 788 318 826 gentormn
343 793 505 815 annorum
530 785 658 815 fortuna
677 784 910 824 disciplinaque
933 792 1105 823 compages
1122 783 1191 814 haec
1214 782 1335 813 coaluit
1348 806 1357 821 ,
1378 790 1452 821 quae

113 846 130 861 α
148 833 283 864 convelli
303 833 372 864 sine
394 832 496 864 exitio
510 832 767 864 convellentium
787 841 853 863 nou
873 833 989 871 potest.
1007 830 1064 861 sed
1086 830 1180 862 vobis
1195 830 1377 861 maximum
1393 829 1453 859 dis-

112 892 129 908 «
148 881 281 919 crimen,
299 889 398 921 penes
413 889 494 920 quos
510 889 626 911 aurum
643 882 675 911 et
695 888 788 919 opes,
805 879 980 919 praecipuae
996 878 1155 909 bellorum
1171 886 1290 908 causfe.
1312 876 1452 917 proinde

114 940 130 955 u
148 937 260 968 pacem
275 930 307 958 et
323 927 442 959 Urbem
453 951 462 967 ,
477 935 575 967 quam
590 927 668 958 victi
681 926 887 966 victoresque
901 926 1014 957 eodem
1029 926 1102 964 jure
1116 925 1318 962 obtinemus,
1333 926 1450 961 amate,

113 989 129 1002 u
148 976 254 1006 colite.
268 977 420 1006 moneant
434 983 491 1005 vos
505 975 680 1015 utriusque
696 975 835 1005 fortunae
849 973 1058 1012 documenta,
1073 982 1112 1005 ne
1124 971 1363 1004 contumaciam
1377 979 1451 1002 cum

113 1035 129 1049 α
150 1022 288 1062 pernicie
309 1031 409 1062 quam
425 1021 621 1061 obsequium
640 1030 714 1052 cum
739 1021 918 1052 securitate
940 1021 1075 1052 malitis.
1092 1033 1108 1048 υ
1127 1019 1198 1052 Tali
1219 1019 1364 1050 oratione
1383 1025 1451 1058 gra·

112 1069 206 1100 viora
224 1071 405 1100 metuentes
424 1068 611 1109 composuit
632 1069 811 1107 erexitque.

154 1120 270 1148 LXXV.
297 1117 508 1147 Tenebantur
524 1115 649 1146 victore
663 1115 809 1146 exercitu
825 1114 955 1145 Treveri
969 1138 977 1153 ,
997 1123 1101 1153 quum
1118 1113 1229 1144 Civilis
1246 1114 1278 1143 et
1297 1112 1451 1143 Classicus

112 1163 231 1195 misere
249 1164 402 1203 epistolas
420 1163 460 1194 ad
475 1163 649 1201 Cerialem,
666 1171 804 1202 quarum
823 1162 892 1192 haec
909 1162 1071 1192 sententia
1087 1161 1161 1200 suit,
1180 1160 1450 1199 «Vespasianum,

113 1222 131 1238 «ι
149 1219 351 1250 quamquam
366 1209 502 1241 nuntios
517 1210 724 1240 occultarent
739 1209 763 1248 ¹,
780 1208 960 1239 excessisse
977 1208 1043 1239 vita
1057 1218 1065 1246 3
1082 1207 1202 1239 Urbem
1216 1210 1313 1246 atque
1327 1206 1451 1238 ltaliam

113 1268 130 1283 α
147 1257 275 1288 interno
292 1257 376 1288 bello
394 1258 649 1297 consumptam3
667 1255 812 1287 Muciani
826 1265 862 1286 ac
886 1255 1066 1287 Domitiani
1090 1263 1173 1285 vana
1190 1255 1223 1285 et
1238 1253 1306 1285 sine
1326 1253 1450 1285 viribus

114 1316 131 1331 α
148 1305 293 1335 nomina.
312 1305 339 1335 si
362 1304 496 1335 Cerialis
512 1303 686 1344 imperium
705 1303 888 1334 Galliarum
909 1303 989 1334 velit
1002 1327 1010 1341 ,
1033 1302 1121 1342 ipsos
1136 1301 1253 1332 finibus
1267 1300 1450 1332 civitatium

114 1363 131 1378 α
149 1360 282 1382 suarum
303 1353 494 1391 contentos;
515 1351 542 1382 si
561 1351 713 1391 proelium
735 1351 866 1389 mallet,
888 1359 928 1381 ne
951 1350 986 1381 id
1002 1349 1135 1390 quidem
1150 1349 1303 1380 abnuere.
1319 1360 1333 1375 »
1350 1347 1398 1379 Ad
1412 1356 1450 1379 ea

111 1399 245 1430 Cerialis
261 1398 353 1430 Civili
372 1400 403 1429 et
418 1398 560 1430 Classico
579 1399 661 1430 nibil
678 1408 685 1428 ε
702 1407 778 1429 eum
796 1398 850 1438 qui
867 1397 1044 1436 attulerat,
1060 1397 1147 1436 ipsas
1164 1395 1315 1437 epistolas
1331 1394 1369 1426 ad
1388 1398 1448 1426 Do-

112 1445 287 1476 mitianum
308 1445 407 1476 misit.
431 1447 548 1477 Hostes
569 1445 683 1477 divisis
700 1445 802 1485 copiis
821 1444 984 1476 advenere
1002 1444 1158 1484 undique.
1177 1443 1320 1484 plerique
1341 1441 1450 1482 culpa-

112 1493 192 1523 bant
209 1492 363 1524 Cerialem
383 1502 511 1532 passum
525 1492 618 1532 jungi
633 1502 715 1532 quos
730 1493 888 1523 discretos
905 1492 1098 1532 intercipere
1115 1490 1268 1522 licuisset.
1284 1493 1447 1522 Romanus

113 1540 274 1572 exercitus
295 1543 397 1572 castra
415 1540 498 1571 fossa
525 1540 677 1580 valloque
703 1539 918 1571 circumdedit
931 1563 939 1578 ‚
961 1542 1035 1579 quis
1054 1543 1173 1570 temere
1190 1538 1286 1568 antea
1302 1536 1421 1577 intutis
1433 1536 1444 1554 ²

114 1587 313 1619 consederat.
334 1587 420 1626 apud
437 1592 612 1619 Germanos
630 1587 769 1617 diversis
787 1585 958 1617 sententiis
979 1585 1173 1617 certabatur.

156 1638 286 1665 LXXVI.
304 1634 414 1665 Civilis
431 1648 445 1661 α
462 1633 675 1674 opperiendas
689 1633 1013 1664 Transi·lienanorum
1029 1633 1157 1672 gentes,
1172 1639 1309 1671 quarum
1323 1631 1445 1661 terrore

116 1693 133 1708 κ
154 1681 263 1711 fractae
280 1681 389 1720 populi
406 1680 543 1711 Romani
559 1680 642 1712 vires
658 1680 898 1711 obtererentur.
919 1680 1025 1711 Gallos
1043 1679 1122 1720 quid
1141 1678 1230 1710 aliud
1251 1686 1347 1717 quam
1364 1686 1443 1716 prae-

115 1741 133 1756 ιι
152 1728 227 1759 dam
240 1727 443 1758 victoribus?
459 1731 492 1758 et
510 1730 640 1767 tamen,
659 1728 747 1767 quod
764 1727 888 1758 roboris
908 1728 972 1767 sit,
990 1726 1116 1766 Belgas¹
1136 1734 1246 1756 secum
1265 1725 1369 1765 palam
1389 1726 1446 1756 aut

116 1786 133 1801 ι
151 1776 229 1806 voto
242 1778 337 1806 stare.
356 1788 370 1801 »
386 1777 517 1806 Tutor«
533 1775 740 1806 cunctatione
759 1783 904 1805 crescere
922 1783 991 1805 rem
1013 1778 1193 1805 Romanam
1209 1785 1224 1800 »
1242 1771 1444 1813 affirmabat,

118 1835 134 1850 ι
152 1823 346 1853 coeuntibus
366 1822 511 1862 undique
524 1821 734 1853 exercitibus.
751 1822 975 1853 transvectam
993 1830 1009 1852 e
1022 1820 1187 1852 Britannia
1201 1820 1377 1860 legionem,
1394 1829 1444 1852 ac-

118 1883 134 1898 «
152 1870 235 1901 citas
251 1878 290 1900 ex
306 1869 459 1909 Hispania
472 1868 499 1909 2,
519 1869 697 1900 adventare
715 1878 755 1900 ex
773 1869 887 1909 Italia3
906 1878 965 1900 nec
981 1868 1127 1899 subitum
1142 1868 1299 1907 militem,
1316 1867 1373 1899 sed
1388 1876 1446 1899 ve-

118 1930 135 1945 «
153 1919 254 1948 terem
270 1918 508 1956 expertumque
527 1916 613 1948 belli.
637 1925 711 1947 nam
736 1920 914 1948 Germanos
926 1940 935 1955 ‚
956 1916 1013 1956 qui
1034 1915 1074 1946 ab
1092 1915 1168 1956 ipsis
1184 1916 1366 1955 sperentur,
1382 1923 1446 1945 non

119 1975 135 1990 ι
151 1963 294 2002 juberi-³,
314 1973 379 1994 non
398 1964 463 2003 regi
477 1987 486 2003 ‚
504 1963 560 1994 sed
577 1965 695 1994 cuncta
713 1971 752 1994 ex
766 1962 899 1994 libidine
913 1971 1026 2002 agere3
1042 1962 1279 2003 pecuniamque
1292 1970 1329 1992 ac
1343 1960 1444 2001 dona,

117 2023 134 2038 ι
152 2012 224 2050 quis
247 2010 322 2041 solis
348 2014 612 2050 corrumpantur,
637 2011 760 2050 majora
781 2010 867 2050 apud
886 2015 1065 2050 RomanOS‚
1084 2011 1116 2042 et
1132 2009 1296 2041 neminem
1312 2008 1392 2040 adeo
1411 2008 1445 2039 in

119 2070 135 2084 ει
154 2066 243 2088 arma
267 2066 427 2097 pronum,
453 2059 490 2088 ut
512 2067 578 2088 non
601 2057 687 2089 idern
717 2057 858 2097 pretium
889 2057 1010 2097 quietis
1042 2065 1139 2096 quam
1174 2056 1309 2097 periculi
1340 2055 1441 2087 malit.

120 2117 136 2132 «
154 2104 269 2144 quodsi
283 2106 392 2136 statim
407 2104 668 2145 congrediantur,
683 2104 789 2136 nullas
803 2113 875 2137 csse
889 2104 1003 2136 Ceriali
1016 2103 1077 2136 nisi
1097 2113 1139 2135 ex
1159 2103 1302 2144 reliquiis
1317 2107 1444 2135 Germa-

150 2207 262 2230 Lxxlv.
282 2212 302 2230 i.
316 2207 401 2231 Nobis
415 2209 442 2231 ct
455 2207 531 2231 vobis
545 2208 700 2231 communia
714 2209 785 2231 sunt.
797 2212 858 2231 —2.
873 2208 1051 2237 comparatur
1067 2207 1119 2232 hoc
1131 2207 1251 2232 Sallustii
1269 2206 1333 2236 an.
1349 2213 1372 2231 e.
1389 2213 1446 2234 102:

119 2250 133 2261 α
143 2241 203 2265 Tibi
225 2242 351 2270 (Boccho)
374 2242 446 2266 nulla
470 2243 650 2272 opportunior
673 2243 795 2267 amicitia
818 2243 911 2267 nostra
934 2242 1075 2272 (Romana)
1091 2249 1097 2266 :
1119 2243 1235 2272 primum
1258 2242 1331 2271 quod
1352 2243 1449 2272 procul

120 2275 257 2303 absumus,
272 2278 299 2300 in
314 2283 366 2306 quo
381 2278 493 2301 ottensae
506 2278 655 2306 minimum,
669 2279 756 2307 gratia
769 2284 826 2307 par,
841 2283 873 2301 ac
888 2279 910 2301 si
924 2283 1008 2307 prope
1022 2277 1188 2301 adessemus.
1201 2287 1214 2298 υ

151 2310 250 2333 Lxxv.
270 2317 288 2334 i.
308 2314 348 2335 sc.
370 2313 386 2335 ii
400 2313 433 2336 ad
451 2318 517 2342 quos
531 2314 618 2336 nuntii
638 2313 717 2342 hujus
732 2315 772 2337 rei
787 2314 986 2343 pervenissent.
1003 2314 1154 2337 Praesertim
1174 2312 1300 2342 Cerialis,
1314 2313 1345 2336 ut
1358 2318 1390 2336 ex
1405 2319 1449 2338 sc-

120 2346 271 2374 quentibus
289 2349 463 2376 apparet.—2.
478 2349 537 2372 Non
555 2350 676 2372 munitis.

152 2381 217 2441 Lxgt
226 2382 267 2405 Vl.
287 2388 306 2405 i.
322 2383 371 2411 Qui
383 2385 410 2406 et
422 2384 472 2413 ipsi
483 2383 563 2408 Galli.
581 2385 621 2408 De
633 2390 727 2408 eoi-uin
744 2384 846 2409 robore
857 2384 944 2410 Caesar
956 2383 1027 2409 Bell.
1044 2384 1122 2409 Gall.
1134 2383 1160 2412 1,
1175 2387 1251 2408 ¹.——5=.
1263 2383 1305 2408 Sc.
1319 2382 1450 2412 legiones.

123 2421 176 2440 ——³.
214 2420 246 2440 on
263 2418 319 2446 pati
336 2419 457 2447 imperia.
