1539 2668
493 173 529 202 A.
553 174 591 202 U.
617 173 650 202 C.
677 174 747 203 822.
772 174 808 203 A.
832 176 867 204 C.
892 175 942 204 69.
1313 175 1375 205 289

47 252 196 286 seriorem
207 249 408 282 Germaniam
426 248 587 288 ingressus
604 247 737 278 hiberna
750 248 913 287 legionum
928 256 1001 278 cum
1016 255 1091 278 cura
1108 247 1240 279 adierat.
1253 248 1373 281 redditi

46 300 207 341 plerisque
225 297 373 336 ordines,
402 296 534 328 remissa
551 294 728 334 ignominia
740 319 748 333 ‚
775 295 920 326 allevatae
945 299 1028 326 notae
1041 318 1050 334 ‚
1064 295 1156 334 plura
1173 295 1372 336 ambitione,

44 347 196 388 quaedam
211 344 355 385 judicio:
377 343 411 374 in
434 342 552 382 quibus
579 342 706 373 sordem
721 345 753 373 ct
774 342 940 373 avaritiam
964 342 1085 373 Fonteii
1113 342 1276 382 Capitonis
1301 343 1372 374 adi-

46 392 172 424 mendis
188 390 425 431 assignandisve
439 389 565 420 militiae
579 389 746 420 ordinibus
760 389 897 429 integre¹
914 391 1105 421 mutaverat.
1122 398 1180 419 nec
1194 391 1371 423 consularis

45 440 140 479 legati
158 447 306 470 mensura
320 462 329 478 ,
346 437 401 469 sed
425 438 455 468 in
485 437 589 475 maJus
604 436 715 467 omnia
739 437 989 476 accipiebantur.
1019 439 1050 468 et
1066 439 1102 467 ut
1120 436 1267 467 Vitellius
1284 436 1371 476 apud

44 495 174 519 severos
204 486 351 526 humilis,
370 486 414 517 ita
443 486 627 517 comitatem
656 484 897 525 bonitatemque
925 485 1068 516 faventes
1086 484 1265 522 vocabant,
1283 485 1369 524 quod

43 535 112 566 sine
129 535 242 574 modo,
266 534 334 565 sine
356 533 479 572 judicio
499 533 632 564 donaret
660 541 735 571 sua,
756 532 926 572 largiretur
948 532 1074 563 aliena:
1096 532 1192 563 simul
1214 532 1370 563 aviditate

43 581 220 622 imperandi
236 580 247 598 ²
266 581 335 621 ipsa
363 580 441 611 vitia
458 589 515 620 pro
536 579 712 611 virtutibus
731 579 1035 619 interpretabantur.
1061 578 1154 610 multi
1181 579 1213 609 in
1233 581 1370 618 utroque

42 629 184 662 exercitu
208 627 293 659 sicut
309 627 445 658 modesti
461 627 626 667 quietique
639 651 647 666 ,
662 627 705 657 ita
720 627 794 657 mali
811 626 821 643 ³
841 629 873 657 et
887 627 1009 658 strenui
1030 635 1037 656 ε
1058 626 1112 657 sed
1132 627 1262 666 profusa
1277 627 1370 666 cupi·

43 678 118 710 dine
133 677 166 707 et
185 675 302 713 insigni
319 675 499 706 temeritate
523 675 615 714 legati
633 675 795 713 legionum
823 673 953 705 Alienus
971 674 1097 705 Caecina
1120 674 1151 704 et
1168 673 1284 704 Fabius
1308 677 1369 704 Va-

41 725 132 758 lens:
151 732 168 754 e
195 722 312 762 quibus
335 722 450 752 Valens
476 722 620 753 infensus
636 721 744 754 Galbae
773 725 936 761 tamquam
962 721 1121 752 detectam
1140 729 1157 751 a
1177 729 1210 752 se
1226 719 1368 759 Verginii

40 770 281 803 cunctationem
295 792 304 807 ,
334 777 485 808 oppressa
515 769 679 808 Capitonis
711 768 843 799 consilia
875 769 995 808 ingrate
1016 768 1141 799 tulisset
1156 767 1182 806 ⁴,
1213 767 1369 806 instigare

40 817 226 856 Vitellium,
248 815 409 847 ardorem
434 816 585 846 militum
608 817 795 847 ostentans:
811 829 825 842 (ι
842 815 944 855 ipsum
973 815 1090 846 celebri
1116 815 1237 854 ubique
1261 815 1366 852 sama,

44 876 59 892 «
77 864 196 895 nnllam
214 864 245 894 in
260 863 372 894 Flacco
389 863 568 894 Hordeonio
588 863 598 880 '³
622 871 759 901 moram,
776 863 874 893 affore
888 863 1102 900 Britanniam,
1125 864 1275 893 secutura
1295 866 1370 894 Ger-

43 924 59 939 «
77 918 245 942 manorum
263 910 402 949 auxilia,
424 910 505 940 male
526 910 602 940 {idas
623 910 824 949 provincias,
850 909 1029 949 precarium
1047 909 1113 940 seni
1143 910 1314 950 imperium
1333 912 1367 942 et

43 970 58 986 «
77 958 164 990 brevi
178 958 401 989 transiturum.
426 956 579 997 panderet
603 957 697 988 modo
712 957 819 987 sinum
837 958 869 987 et
884 956 1029 987 venienti
1050 959 1198 987 Fortunae
1220 965 1366 989 occurre-

42 1018 57 1033 «
76 1007 134 1037 ret.
154 1005 270 1035 merito
282 1004 448 1035 dubitasse
458 1004 643 1043 Verginium
658 1004 800 1044 equestri
813 1004 945 1042 familia,
961 1004 1069 1042 ignoto
1081 1006 1183 1043 patre,
1196 1003 1366 1043 imparem,

42 1064 56 1079 «
75 1052 102 1084 si
120 1052 290 1092 recepisset
306 1052 496 1091 imperium,
514 1053 641 1091 tutum,
654 1052 679 1082 si
694 1053 882 1082 recusasset.
903 1051 1031 1081 Vitellio
1048 1053 1113 1081 tres
1131 1050 1228 1089 patris
1250 1059 1365 1082 consu-

43 1112 57 1126 «
74 1099 159 1130 latus
172 1123 181 1138 ‚
198 1108 365 1130 censuram
379 1122 386 1135 ‚
407 1098 574 1136 collegium
591 1098 746 1129 Caesaris⁶
766 1101 798 1129 et
815 1099 980 1138 imponere
997 1098 1062 1137 jam
1080 1097 1203 1137 pridem
1223 1101 1366 1138 Impera-

43 1159 56 1173 κ
76 1146 153 1176 toris
168 1145 384 1184 dignationem
397 1147 427 1176 et
444 1145 567 1176 auferre
585 1145 701 1185 privati
715 1145 932 1177 securitatem.
950 1158 964 1172 n
989 1145 1195 1185 quatiebatur
1209 1146 1257 1176 liis
1270 1152 1368 1184 segne

39 1192 205 1232 ingenium
218 1217 226 1231 ‚
245 1195 279 1222 ut
300 1192 541 1232 concupisceret
557 1192 675 1231 magiS‚
691 1201 788 1231 quam
806 1194 841 1223 ut
855 1194 1009 1232 speraret.

80 1243 160 1271 LIII.
185 1241 224 1270 At
244 1239 274 1269 in
289 1239 453 1278 superiore
470 1239 635 1270 Germania
649 1239 775 1271 Caecina
800 1239 915 1270 decora
926 1239 1079 1278 juventa,
1095 1248 1228 1279 corpore
1241 1240 1363 1281 ingens,

39 1286 136 1317 animi
156 1285 348 1317 immodicus
364 1310 373 1324 ‚
397 1285 461 1316 cilo
481 1285 488 1303 ¹
510 1294 678 1325 sermone,
701 1288 808 1316 erecto
830 1286 953 1317 incessu
978 1286 1084 1316 studia
1102 1286 1240 1317 militum
1257 1286 1365 1318 illexe-

38 1335 97 1365 rat.
108 1333 193 1364 hunc
205 1334 355 1372 Juvenem
363 1332 459 1364 Galba
473 1334 664 1372 quaestorem
679 1341 712 1363 in
723 1333 840 1364 Baetica
854 1333 989 1373 impigre
1005 1333 1035 1363 in
1051 1335 1155 1373 partes
1171 1341 1245 1364 suas
1261 1335 1364 1364 trans·

37 1389 177 1420 gressum
193 1379 310 1419 legioni
339 1380 524 1419 proposuit:
540 1388 614 1410 mox
629 1382 830 1419 compertum
845 1379 1005 1420 publicam
1023 1380 1192 1420 pecuniam
1208 1381 1363 1413 avertisse

37 1428 73 1458 ut
96 1426 311 1468 peculatorem
327 1426 462 1466 flagitari
480 1427 586 1466 jussit.
604 1427 730 1458 Caecina
743 1451 751 1465 ‚
778 1435 863 1466 aegre
891 1436 1001 1467 passus
1014 1451 1022 1466 ‚
1040 1427 1174 1458 miscere
1191 1430 1306 1458 cuncta
1330 1429 1363 1459 et

36 1474 162 1516 privata
183 1473 317 1504 vulnera
342 1473 524 1513 reipublicae
546 1474 638 1505 malis
655 1474 779 1514 operire
796 1474 918 1505 statuit.
936 1483 995 1505 nec
1019 1473 1151 1505 deerant
1167 1474 1198 1504 in
1216 1474 1362 1505 exercitu

37 1521 161 1554 semina
177 1520 365 1560 discordiae,
382 1520 469 1561 quod
491 1522 523 1552 et
547 1521 630 1552 bello
649 1521 803 1552 adversus
820 1520 988 1552 Vindicem
1014 1521 1180 1552 universus
1201 1522 1337 1552 affuerat
1351 1544 1360 1560 ‚

36 1576 96 1600 nec
111 1568 174 1599 nisi
190 1568 298 1599 occiso
317 1572 443 1599 Nerone
458 1568 632 1599 translatus
651 1567 684 1598 in
699 1567 829 1599 Galbam
849 1570 945 1608 atque
971 1569 1002 1598 in
1019 1577 1056 1599 eo
1074 1568 1143 1608 ipso
1160 1569 1361 1600 sacramento

35 1614 160 1646 vexillis
184 1614 344 1646 inferioris
367 1614 569 1646 Germaniae2
596 1617 781 1655 praeventus
809 1617 886 1645 erat.
911 1616 942 1644 et
967 1615 1097 1645 Treveri
1125 1623 1162 1646 ac
1185 1615 1360 1655 Lingones,

35 1669 179 1702 quasque
195 1662 270 1692 alias
286 1661 432 1692 civitates
449 1661 614 1692 atrocibus
632 1661 748 1693 edictis
764 1664 820 1692 aut
834 1661 952 1692 damno
974 1661 1086 1692 linium
1106 1662 1202 1693 Galba
1218 1663 1361 1702 percule-

34 1710 103 1748 rat,
128 1708 271 1739 hibernis
299 1708 460 1747 legionum
488 1708 620 1748 propius
644 1709 832 1740 miscentur.
861 1706 947 1739 unde
977 1709 1130 1739 seditiosa
1147 1709 1306 1749 colloquia
1329 1711 1362 1740 et

33 1754 117 1786 inter
132 1755 295 1794 paganos³
311 1754 492 1795 corruptior
507 1755 599 1786 miles
615 1756 646 1786 et
662 1755 696 1786 in
706 1756 895 1795 Verginium
913 1756 1003 1787 favor
1020 1755 1200 1796 cuicunque
1209 1756 1263 1788 alii
1278 1765 1359 1797 pro-

34 1800 176 1832 futurus.

74 1851 153 1879 LIV.
168 1847 298 1879 Miserat
309 1847 423 1879 civitas
436 1847 612 1887 Lingonum
623 1849 732 1880 vetere
745 1849 895 1880 instituto
907 1849 992 1880 dona
1004 1849 1185 1888 legionibus
1198 1849 1341 1882 dextras¹
1350 1872 1361 1888 ‚

32 1894 164 1935 hospitii
182 1894 314 1933 insigne.
342 1894 438 1934 legati
452 1903 563 1925 eorum
584 1894 617 1925 in
635 1895 816 1935 squalorem
841 1896 1092 1935 moestitiamque
1116 1896 1287 1935 compositi
1303 1905 1360 1936 per

33 1940 208 1982 principia,
232 1949 288 1981 per
309 1940 517 1972 contubernia
544 1941 641 1972 modo
660 1950 742 1972 suas
759 1941 906 1980 injurias
920 1965 928 1981 ,
952 1941 1049 1972 modo
1067 1944 1265 1974 vicinarum
1280 1942 1360 1973 civi-

36 1990 164 2020 tatium
178 1990 349 2028 preemia,
377 1990 410 2019 et
437 1987 491 2019 ubi
509 1988 618 2027 pronis
646 1988 786 2019 militum
817 1989 948 2020 auribus
972 1988 1222 2029 accipiebantur,
1246 1990 1358 2028 ipsius

30 2037 206 2067 exercitus
229 2035 390 2075 pericula
410 2037 444 2066 et
463 2035 693 2067 contumelias
721 2039 955 2075 conquerentes
972 2036 1191 2069 accendebant
1218 2038 1357 2068 animos.

33 2089 92 2113 nec
113 2082 224 2122 procul
245 2081 399 2113 seditione
424 2081 575 2121 aberant,
594 2091 694 2122 quum
714 2082 914 2114 Hordeonius
936 2083 1067 2115 Flaccus
1085 2084 1180 2116 abire
1204 2085 1335 2125 zeqatos
1347 2107 1358 2124 ‚

62 2164 118 2188 LII.
132 2169 151 2187 ι.
164 2164 228 2187 Cum
243 2164 412 2194 integritate,
424 2164 498 2188 nullo
510 2165 606 2193 gratiae
623 2166 670 2188 aut
683 2165 801 2194 quaeslus
813 2166 1004 2194 respecta—2.
1020 2166 1154 2190 Nimirum
1174 2166 1212 2190 illi
1237 2166 1359 2191 santones

33 2199 143 2228 Vitellii,
158 2199 256 2229 quibus
270 2206 333 2224 mox
348 2201 525 2230 opponuntur
539 2200 637 2224 multi.
655 2200 722 2223 Nam
736 2200 873 2229 imperant
896 2201 978 2224 etiam
992 2202 1010 2225 ii
1023 2207 1139 2230 quorum
1156 2202 1210 2225 dux
1225 2203 1252 2225 et
1264 2204 1357 2231 patro—

33 2239 85 2258 nus
110 2234 234 2263 imperat.
251 2247 277 2251 —
291 2240 312 2257 5.
327 2234 493 2261 Immodesti,
512 2235 631 2264 oppositi
654 2235 799 2259 modestis.
815 2248 844 2252 —
859 2240 882 2259 4.
896 2236 956 2259 Viti.
971 2241 995 2260 c.
1010 2242 1021 2260 7
1046 2238 1074 2260 et
1088 2243 1112 2260 8.
1125 2250 1153 2253 —
1167 2243 1189 2260 5.
1203 2237 1358 2266 Superioris

34 2269 171 2293 exercitus
185 2269 282 2299 legato,
294 2275 317 2293 e.
331 2275 408 2294 9.—-e.
419 2270 532 2298 Claudii,
546 2271 623 2299 cujus
641 2271 747 2300 collega
760 2271 801 2294 bis
815 2270 905 2295 fuerat
925 2273 1002 2301 pater
1015 2272 1043 2296 in
1058 2272 1211 2296 consulatu.

63 2304 129 2328 LIII.
149 2309 168 2326 I.
189 2303 238 2327 Alii
252 2304 331 2328 scito.
350 2305 471 2328 Alterum
487 2306 613 2329 Ciceroni
627 2307 668 2329 est
690 2305 843 2335 eloquendi
857 2306 1057 2332 celeritas-2.
1080 2308 1151 2331 Parti
1166 2307 1358 2332 tantummodo

31 2338 114 2368 hujus
127 2339 273 2368 exercitus,
287 2345 346 2370 quae
368 2340 528 2364 Vindiclano
552 2340 624 2365 bello
641 2341 828 2366 affuerat.-³.
847 2342 960 2372 Payam‘
982 2343 1110 2366 dicuutur
1124 2348 1219 2367 omnes
1242 2343 1287 2372 qui
1303 2349 1360 2367 non

44 2374 93 2397 unt
106 2374 217 2403 milites,
233 2376 314 2399 etiam
330 2376 492 2405 oppidorum
509 2376 617 2399 incolas.

63 2409 127 2433 LIV.
149 2416 168 2434 ι.
183 2409 305 2440 Argento
318 2410 363 2434 vel
375 2416 427 2436 aere
448 2411 544 2443 tactas.
561 2411 720 2441 Exemplum
743 2411 836 2437 videre
851 2414 956 2443 poteris
979 2418 1023 2444 ap.
1038 2413 1238 2444 Montfaucon.
1260 2412 1373 2444 sinilia.⁵

1196 2459 1238 2491 13
