1539 2668
95 190 152 220 442
313 189 348 218 C.
372 188 558 217 CORNELII
586 186 719 216 'rAcm
739 184 836 214 VITA
855 182 954 215 mm
976 183 1196 215 AGRICOLAE.

136 262 243 293 XLVI.
259 260 289 292 Si
303 259 373 300 quis
385 259 514 300 piorum
528 259 677 290 manibus
691 259 780 290 locus
791 282 800 297 ‚
815 259 855 299 si,
873 261 908 290 ut
923 259 1118 300 sapientibus
1130 259 1247 299 placet,
1261 267 1325 290 non
1339 268 1416 292 cum

96 316 230 349 corpore
244 307 492 347 exstinguuntur
509 315 632 346 magnae
647 306 764 337 animae
775 331 783 345 ‚
802 306 927 346 placide
942 307 1106 346 quiescas,
1121 315 1243 346 nosque
1254 330 1263 345 ,
1279 307 1414 339 domum

95 359 187 389 tuam
201 379 209 394 ,
228 354 268 385 ab
284 353 411 385 infirmo
434 353 595 385 desiderio
612 356 644 385 et
660 353 873 385 muliebribus
889 354 1037 386 lamentis
1056 354 1096 385 ad
1112 354 1415 394 contemplationem

96 403 253 434 virtutum
267 403 396 432 tuarum
410 410 504 432 voces
517 425 526 440 ,
546 410 627 441 quas
646 410 750 441 neque
768 401 869 440 lugeri
890 410 992 441 neque
1007 402 1112 442 plangi
1130 401 1178 432 sas
1189 404 1238 432 est
1256 411 1264 431 2
1280 401 1418 432 admira-

96 450 185 481 tione
201 451 232 480 te
245 448 354 488 potius
367 450 399 478 et
412 448 648 479 immortalibus
661 447 829 489 laudibus,
846 451 898 489 et,
914 449 941 481 si
957 452 1072 480 natura
1088 448 1294 489 suppeditet,
1311 448 1417 481 simili-

97 497 211 528 tudine
233 496 433 526 decoremus.
457 495 485 525 is
505 503 602 527 verus
620 495 723 527 honos
733 520 743 536 ,
758 505 794 527 ea
808 497 1064 536 conjunctissimi
1080 496 1236 536 cujusque
1255 496 1368 536 pietas.
1382 496 1417 527 Id

98 543 171 574 filine
194 551 323 583 quoque
345 543 504 581 uxorique
529 543 755 583 praeceperim,
773 545 821 575 ,ςέο
840 545 976 585 patris,
1001 546 1050 575 sic
1071 545 1194 575 mariti
1216 545 1420 575 memoriam

98 591 272 627 venerari,
289 590 329 619 ut
343 588 577 628 omniafacta
594 589 752 630 dictaque
768 590 842 630 ejus
858 599 971 622 secum
985 591 1185 630 revolvant,
1193 590 1419 630 formamque

98 646 140 669 ac
151 636 309 677 fiquram
334 637 444 667 animi
470 638 598 677 maqis,
615 645 722 677 quam
739 639 889 677 corporis
902 661 911 677 ,
933 638 1207 677 complectantur
1227 649 1238 669 :
1260 646 1323 669 non
1344 636 1420 677 quia

99 682 367 714 intercedendum
382 684 494 722 putem
508 683 701 723 imaginibus
714 683 738 725 ¹,
753 693 827 724 quae
841 693 1000 715 marmore
1015 685 1071 715 aut
1083 693 1145 715 aere
1158 685 1342 724 tinguntur3
1363 684 1420 716 sed

99 733 135 762 ut
147 730 258 761 vultus
272 730 452 769 hominum,
463 730 508 761 ita
520 730 693 762 simulacra
708 732 815 763 vultus
824 731 984 763 imbecilla
994 740 1030 763 ac
1047 732 1193 763 mortalia
1208 733 1302 770 sunt;
1317 732 1420 762 forma

99 777 216 808 mentis
241 779 378 816 aeterna,
402 786 500 818 quam
516 778 626 810 tenere
655 779 688 810 et
718 779 896 819 exprimere
919 788 982 810 non
1008 788 1064 819 per
1082 779 1177 810 aliam
1196 779 1365 810 materiam
1390 780 1423 810 et

99 825 203 855 artem
216 847 224 861 ‚
252 823 306 854 sed
334 824 397 854 tuis
420 825 488 864 ipse
510 825 655 857 moribus
676 826 788 866 possis.
821 826 983 866 Quidquid
1000 835 1040 857 ex
1057 826 1202 866 Agricola
1221 825 1420 865 amavimus,

97 870 254 911 quidquid
272 870 375 901 mirati
393 880 506 903 sumus
518 896 527 912 ,
549 876 657 904 manet
673 882 924 913 mansurumque
941 875 990 905 est
1006 874 1040 904 in
1056 873 1171 904 animis
1192 873 1378 912 hominum,
1390 871 1424 902 in

100 918 280 949 aeternitate
299 919 484 958 temporum
499 942 507 957 ‚
526 919 611 951 sama
628 929 746 952 rerum.
766 929 840 951 nam
867 921 987 952 multos
1004 923 1151 952 veterum
1169 920 1257 952 velut
1273 920 1423 960 inglorios

99 965 131 994 et
149 964 307 1003 ignobiles
323 964 443 997 oblivio
461 965 577 998 obruet
589 966 600 984 ²
619 976 626 998 :
642 967 786 1008 Agricola
799 968 979 1009 posteritati
994 969 1142 999 narratus
1161 969 1192 999 et
1213 967 1355 999 traditus
1368 976 1425 998 su-

100 1014 223 1050 perstes
240 1012 312 1043 erit.
628 1016 638 1025 ¹⁴

130 1101 219 1127 vai.
236 1108 255 1127 ι.
269 1104 404 1128 vetandas
419 1106 511 1134 putem
525 1105 691 1136 imagines.—
701 1111 722 1130 «ι.
737 1106 836 1131 confer
850 1105 890 1130 his
903 1108 1007 1132 Horatii
1018 1107 1118 1136 locum,
1136 1106 1186 1131 Od.
1202 1106 1246 1135 lv,
1258 1111 1280 1135 9,
1295 1111 1324 1130 25
1336 1112 1379 1136 sq.
