1539 2668
481 157 514 187 A.
540 157 580 186 U.
603 156 639 185 C.
663 155 734 184 811.
761 156 797 183 A.
822 154 856 183 C.
883 153 933 182 58.
1312 149 1370 179 201

54 234 325 276 adepti,scelera
341 234 419 274 ipsa
431 231 510 263 aliis
521 230 685 270 deleqent.
699 230 798 269 Igitur
817 228 967 268 adempta
982 226 1139 258 bonorum
1159 227 1248 265 parte
1259 224 1268 242 ⁷
1286 225 1372 265 (nam

54 288 119 319 filio
140 291 172 319 et
187 287 275 327 nepti
291 295 364 327 pars
381 284 628 322 concedebatur,
654 283 942 322 eximebanturque
967 282 1065 312 etiam
1080 289 1153 320 quae
1178 279 1377 310 testamento.

52 335 163 366 matris
176 336 231 366 aut
247 334 328 365 aviae
342 333 557 373 acceperant),
574 332 606 361 in
624 331 745 361 insulas
770 331 910 361 Baleares
940 329 1078 369 pellitur,
1095 336 1157 358 non
1176 327 1207 357 iu
1224 327 1292 366 ipso
1309 324 1372 354 dis·

51 382 203 421 crimine,
230 390 294 412 non
309 381 383 420 post
398 379 637 410 damnationem
656 379 776 409 tractus
794 378 919 415 animo;
943 377 1166 415 ferebaturque
1186 373 1314 414 copiosa
1341 372 1374 402 et

50 429 138 460 molli
150 429 215 459 vita
228 429 385 458 secretum
400 425 475 457 illud
493 425 687 456 tolerarisse.
707 425 806 455 tilium
823 425 890 463 ejus
905 423 1093 455 Nerullinum
1108 422 1265 461 aggressis
1282 431 1375 453 accu-

49 475 208 507 satoribus
229 484 286 515 per
308 473 464 505 invidiam
481 473 581 513 patris
596 474 628 503 et
645 473 780 503 crimina
797 471 1062 512 repetundarum,
1080 470 1261 501 intercessit
1288 470 1376 501 Prin-

50 531 142 562 ceps,
170 525 325 561 tanquam
345 520 421 551 satis
435 520 561 560 expleta
577 520 708 551 ultione.

90 572 194 600 XLIV.
214 572 271 599 Per
291 568 376 598 idem
394 570 519 606 tempus
534 567 687 598 Octavius
700 568 823 606 Sagitta
836 590 843 604 ‚
867 566 968 606 plebei
986 565 1152 604 tribunus,
1168 565 1289 596 Pontiae
1305 573 1373 595 mu-

50 615 133 647 lieris
151 619 260 655 nuptae
282 623 391 645 amore
417 623 553 653 vecors,
581 614 763 653 ingentibus
788 614 879 644 donis
907 613 1121 651 adulterium,
1150 615 1181 642 et
1208 621 1305 651 mox,
1335 613 1373 642 ut

49 662 211 693 omitteret
229 662 398 700 maritum,
417 664 598 692 emereatur
614 662 636 700 ¹,
654 670 748 692 suum
769 660 1011 692 matrimonium
1036 659 1225 699 promittens
1253 669 1289 690 ac
1312 670 1374 691 nu-

48 710 132 749 ptias
153 709 220 748 ejus
246 711 366 748 pactus.
385 708 438 739 sed
465 708 517 738 ubi
536 708 648 738 mulier
665 717 767 739 vacua
794 708 870 745 fuit,
898 709 1023 738 nectere
1050 716 1172 744 moras,
1190 706 1373 739 adversam

44 757 161 794 patris
184 756 400 786 voluntalem
428 755 573 792 causari,
591 756 778 795 repertaque
803 764 858 795 spe
886 754 1009 786 ditioris
1036 754 1190 793 conjugis,
1218 755 1375 793 premissa

49 810 176 833 exuere.
197 803 352 834 Octavius
368 805 479 833 contra
505 802 601 832 niodo
632 803 785 842 conqueri
800 826 807 840 ,
837 802 933 832 modo
952 801 1113 837 minitari,
1131 800 1270 839 firmam.
1293 810 1373 841 per-

49 847 180 887 ditam,
203 851 384 888 pecuniam
416 849 625 880 eoelcauslum
649 850 835 885 obtestans,
862 848 1000 887 denique
1021 848 1178 885 salutern,
1206 857 1277 887 quae
1307 848 1375 879 sola

49 895 169 934 reliqua
184 899 286 934 esset,
302 895 433 925 arbitrio
449 896 515 934 ejus
541 896 739 935 permittens.
762 905 798 926 ac
825 899 993 935 postquam
1011 894 1233 934 spernebatur,
1262 903 1373 934 respe-

50 950 124 972 ram
154 951 262 973 ‘unam
285 942 331 973 acl
351 943 515 974 solatium
539 943 637 982 poscit
653 955 661 981 ;
692 943 829 973 modam
858 944 890 973 in
915 944 1090 981 posteram
1120 941 1371 972 adhibiturum.

48 990 210 1026 statuitur,
224 991 255 1019 et
267 990 378 1020 Pontia
391 990 527 1020 consciae
538 990 663 1021 ancillae
677 990 855 1021 custodiam
870 989 1009 1019 mandat.
1024 988 1076 1018 ille
1091 997 1154 1018 uno
1169 997 1242 1018 cuni
1260 988 1376 1019 liberto

50 1035 168 1066 serrum
184 1039 272 1067 veste
285 1036 450 1067 occultum
477 1036 584 1067 insert.
613 1040 682 1068 tum
697 1061 705 1075 ,
725 1039 761 1068 ut
787 1037 903 1068 assolet
930 1036 961 1066 iu
981 1044 1088 1065 amore
1107 1038 1137 1066 et
1166 1035 1209 1065 iru
1223 1059 1230 1072 ,
1247 1035 1351 1074 jurgia
1364 1060 1372 1073 ,

50 1090 156 1120 preces
170 1106 178 1120 ,
193 1083 416 1123 exprobratio,
438 1084 614 1114 satisfactio
630 1084 654 1114 ⁴².
677 1087 715 1115 At
734 1084 874 1115 tenebris
897 1082 1018 1113 obortis
1031 1107 1039 1121 ,
1060 1082 1111 1112 ille
1131 1082 1208 1112 uiliil
1229 1086 1376 1112 nwtucn-

51 1130 113 1157 tem
135 1128 216 1159 ferro
233 1130 472 1160 transverberat
485 1131 517 1160 et
535 1134 754 1161 accurrentem
767 1130 915 1160 ancillam
932 1130 1063 1159 vulnere
1078 1129 1246 1166 absterret,
1265 1129 1375 1160 ‹huno-

50 1183 112 1213 que
129 1177 319 1215 prorumpit.
345 1178 472 1216 postera
489 1176 541 1206 die
558 1177 727 1207 manifesta
745 1177 869 1215 caedes,
891 1176 976 1207 haud
995 1175 1165 1215 ambiguus
1182 1185 1350 1215 percussor
1368 1187 1375 1203 :

51 1222 168 1261 quippe
191 1223 378 1254 mansitasse
394 1232 457 1253 una
474 1224 739 1254 convincebatur.
768 1224 823 1254 sed
849 1223 984 1254 libertus
1000 1231 1101 1253 suum
1124 1222 1214 1252 illm!
1231 1223 1377 1261 sasinus

50 1268 213 1308 profiteri,
235 1278 269 1300 se.
291 1271 431 1309 pafrem*
464 1270 613 1308 ‘injurias
643 1272 761 1301 ‘ullum
788 1279 866 1301 esse.
905 1271 1189 1308 commoveruhpie
1218 1270 1376 1308 quosdam

51 1316 272 1354 magnitudine
288 1317 448 1355 exempli,
472 1316 574 1347 donec
592 1317 706 1347 ancilla
732 1326 770 1348 ex
793 1317 924 1347 vulnere
953 1318 1068 1347 resecta
1097 1326 1210 1346 verum
1237 1317 1373 1355 aperuit.

51 1363 299 1402 postulatusque
315 1362 326 1379 ³
360 1363 444 1402 apud
473 1364 617 1394 consules
643 1373 661 1394 a
680 1366 769 1403 patre
788 1364 982 1401 interfectae,
1013 1366 1183 1402 postquam
1210 1363 1374 1394 tribunatu

51 1407 174 1439 abierat
192 1408 217 1447 ⁴,
232 1409 389 1440 sententia
405 1412 533 1440 Patrum
551 1413 581 1441 et
598 1411 664 1450 lege
678 1411 688 1427 ⁵
708 1411 747 1441 de
766 1410 888 1441 sicariis
902 1410 1144 1441 condemnatur.

91 1458 181 1486 XLV.
208 1460 276 1486 Non
304 1456 410 1486 minus
440 1456 570 1495 insignis
595 1467 632 1488 eo
648 1467 733 1488 anno
751 1458 955 1497 impudicitia-
976 1466 1163 1496 magnorum
1195 1456 1376 1496 reipublicae

52 1500 208 1532 malorum
236 1502 365 1533 initium
392 1503 478 1534 fecit.
507 1506 574 1535 erat
596 1505 628 1534 in
657 1505 790 1536 civitate
811 1504 928 1536 Sabina
956 1508 1111 1543 Poppaea,
1134 1508 1169 1534 T.
1190 1504 1271 1534 Ollio
1289 1506 1378 1543 patre

52 1548 156 1585 genita
171 1573 179 1587 ,
201 1549 255 1579 sed
284 1558 401 1580 nomen
426 1550 478 1580 avi
496 1551 632 1582 materni
651 1554 853 1592 sumpserat,
870 1551 990 1582 illustri
1007 1551 1161 1581 memoria
1180 1551 1307 1590 Poppa=i
1325 1554 1378 1582 Sa-

53 1593 119 1624 bini
132 1619 139 1633 ‚
158 1596 318 1626 consulari
334 1598 365 1626 et
384 1596 569 1637 triumphali
588 1599 703 1630 decore
720 1599 948 1639 praesulgentis'
970 1608 976 1628 :
999 1607 1071 1629 nam
1091 1598 1228 1635 Ollium,
1247 1597 1377 1628 lionori-

52 1640 133 1671 bus²
152 1642 294 1672 nondum
312 1642 470 1682 functum,
486 1645 627 1676 amicitia
643 1646 745 1677 Seiani
764 1645 928 1686 pervertit.
948 1645 1022 1676 huic
1044 1645 1169 1675 mulieri
1184 1648 1298 1675 cuncta
1318 1645 1379 1675 alia

54 1686 140 1719 fuere
158 1691 273 1729 praeter
288 1689 457 1720 honestum
484 1692 638 1723 animum.
661 1693 781 1733 quippe
803 1694 905 1723 mater
930 1693 1019 1731 ejus,
1045 1692 1148 1722 aetatis
1162 1700 1228 1721 suae
1244 1692 1381 1723 seminas

54 1734 291 1773 pulchritudine
306 1744 525 1777 supergressa,
546 1739 679 1778 gloriam
696 1740 814 1779 pariter
828 1742 860 1770 et
876 1739 1013 1770 sormam
1028 1739 1160 1769 dederat
1174 1749 1180 1768 :
1196 1748 1272 1777 opes
1289 1738 1379 1768 clari·

54 1781 163 1812 tudini
191 1782 313 1821 generis
337 1783 563 1816 sufficiebant:
583 1795 687 1817 sermo
704 1787 805 1818 comis
822 1795 880 1818 nec
900 1786 1076 1817 absurdum
1102 1786 1265 1825 ingenium
1285 1795 1290 1814 :
1310 1794 1377 1816 mo-

54 1826 188 1858 destiam
207 1829 357 1873 praeferre
370 1830 402 1860 et
415 1830 544 1862 lascivia
556 1832 602 1862 uti
618 1842 625 1862 2
642 1842 732 1864 rarus
750 1833 782 1863 in
799 1833 964 1872 publicum
982 1841 1127 1872 egressus
1138 1856 1146 1871 ,
1165 1832 1260 1872 idque
1276 1833 1380 1863 velata

55 1876 145 1914 parte
161 1875 243 1913 oris,
262 1883 302 1906 ne
326 1876 457 1907 satiaret
483 1880 647 1917 aspectum
663 1903 672 1918 ,
694 1880 743 1910 vel
760 1880 835 1919 quia
854 1880 900 1910 sic
918 1879 1060 1911 decebat.
1089 1880 1182 1910 famae
1208 1887 1375 1918 nunquam

55 1922 217 1961 pepercit,
235 1930 339 1961 neque
359 1922 488 1954 affectui
505 1933 563 1955 suo
582 1928 637 1956 aut
655 1926 757 1957 alieno
768 1926 906 1957 obnoxia
922 1936 929 1956 z
950 1926 1034 1957 unde
1054 1926 1176 1956 utilitas
1193 1927 1378 1956 ostendere-

55 1968 121 2006 tur,
139 1968 215 1999 illuc
232 1968 397 2000 libidinem
410 1971 631 2003 transferebat.
651 1974 750 2012 igitur
763 1976 911 2013 agentem
924 1981 996 2004 eam
1018 1973 1051 2003 in
1065 1972 1273 2003 matrimonio
1293 1973 1382 2004 Rufii

56 2015 211 2055 Crispini,
231 2016 348 2056 equitis
371 2019 525 2057 Romani,
544 2027 583 2049 ex
600 2028 665 2059 quo
686 2020 787 2051 tilium
813 2021 982 2060 genuerat,
1001 2020 1085 2051 Otho
1099 2019 1227 2059 pellexit
1248 2020 1383 2059 juventa

57 2070 94 2093 ac
109 2062 187 2093 luxu
200 2086 208 2101 ,
223 2064 255 2094 et
271 2063 345 2103 quia
358 2063 622 2104 flagrantissimus
636 2067 647 2084 ³
664 2067 696 2097 in
713 2067 856 2098 amicitia
871 2067 1005 2099 Neronis
1019 2066 1204 2098 habebatur.
1219 2075 1278 2098 nec
1292 2075 1384 2097 mora

58 2108 137 2150 quin
151 2108 307 2141 adulterio
321 2111 561 2143 matrimonium
574 2114 771 2154 jungeretur.

60 2233 87 2238 -
101 2225 123 2244 7.
139 2220 182 2244 Sc.
195 2217 322 2243 dimidia:
339 2221 402 2240 nam
419 2216 458 2240 sic
470 2216 497 2239 in
510 2215 558 2240 tali
568 2221 597 2239 re
607 2221 699 2245 pars..
709 2231 727 2238 ..
744 2219 813 2244 pars
827 2212 996 2243 intelligitur.

89 2255 177 2279 XLIV.
189 2260 212 2279 ι.
222 2254 312 2278 Pretio
323 2252 386 2276 dato
397 2252 479 2276 efficit
490 2253 518 2275 ut
531 2252 624 2276 Pontia
640 2258 654 2275 a
665 2251 762 2274 marito
775 2255 823 2273 suo
834 2249 994 2273 discederet.
1006 2260 1033 2265 —
1047 2252 1071 2271 2.
1085 2247 1224 2277 Purgatio.
1246 2251 1282 2269 -5.
1298 2245 1381 2268 Octa-

60 2290 129 2314 vius.
142 2303 170 2307 —
185 2295 207 2314 ⁴.
220 2290 288 2314 Nam
301 2289 328 2312 in
345 2288 548 2317 mayistratum
561 2287 622 2317 lege
641 2287 684 2316 agi
698 2291 753 2309 non
765 2285 881 2315 poterat,
903 2284 1013 2308 minime
1035 2284 1154 2307 omnium
1176 2283 1203 2305 in
1227 2281 1364 2305 tribunum

62 2326 140 2355 cujus
155 2330 271 2355 persona
292 2324 473 2347 sacrosancta.
489 2333 517 2338 —
530 2328 551 2346 5.
566 2322 691 2347 Cornelia
701 2320 832 2351 (Sullana)
850 2320 913 2344 anni
924 2320 954 2344 U.
965 2324 1018 2348 675,
1033 2325 1065 2343 ex
1079 2324 1132 2348 qua
1148 2317 1240 2342 sicarii
1253 2316 1381 2346 deporta-

61 2360 160 2384 bantur
169 2361 196 2384 in
212 2360 334 2388 insulam,
345 2359 421 2383 bonis
434 2353 701 2387 publicatisReditus
714 2356 818 2381 octavii
829 2355 1082 2380 indicatur-Hister.
1095 2354 1137 2383 IV,
1150 2357 1187 2377 ⁴⁴.

92 2397 168 2419 XLv.
185 2401 206 2419 i.
222 2396 252 2418 V.
268 2395 308 2423 lV,
322 2399 360 2418 ⁴6.
381 2407 409 2410 —
422 2399 444 2418 2.
458 2395 501 2419 Sc.
517 2392 680 2423 majoribus;
695 2397 757 2416 nam
776 2391 917 2421 inceperat
935 2390 1011 2420 fungi
1033 2389 1182 2415 honoribus
1201 2394 1250 2420 per
1263 2388 1380 2419 quastu-

61 2436 130 2455 raru.
143 2444 170 2448 -
184 2436 207 2456 5.
221 2429 446 2455 Florentissimus.

1251 2481 1283 2514 9.
