1539 2668
124 190 181 221 168
514 186 645 216 TACITI
669 187 877 216 ANNALIUM
900 187 973 215 LIB.
996 186 1065 214 XII.

128 271 236 294 anuos
253 263 436 302 quoesz'tus,
454 263 573 302 sponte
590 269 718 292 assum.
733 262 843 300 utere,
860 262 901 292 ut
917 260 1008 292 voles
1020 283 1030 300 ,
1038 259 1140 300 prole
1155 260 1273 299 maqni
1285 258 1440 292 Ackoeme

124 313 177 342 m's
192 310 218 348 ²,
237 309 330 350 quod
342 309 427 340 mihi
442 309 555 340 solum
569 308 681 340 hostes
695 316 763 339 non
779 307 1010 339 abstulerunt.

164 361 243 388 XIX.
268 357 308 387 At
331 360 498 395 Eunones,
527 355 720 387 claritudine
747 354 828 394 viri,
857 355 1039 386 mutatione
1062 362 1170 385 rerum
1189 354 1221 385 et
1245 362 1338 394 prece
1361 352 1448 384 haud

121 402 277 443 degenere
294 407 460 443 permotus
471 426 479 441 ,
493 402 611 433 allevat
628 401 807 442 supplicem
820 426 829 441 ‚
845 401 1018 441 laudatque
1042 401 1132 442 quod
1148 402 1283 441 qentem
1303 399 1447 431 Alam-so-

120 459 220 489 rum,
244 450 336 491 quod
360 458 461 480 suam
479 449 663 480 dexteram
680 449 686 466 ¹
703 449 863 489 petendae
886 450 993 480 venie&
1018 448 1194 488 deleverit.
1213 447 1310 478 simul
1328 447 1448 486 legatos

119 497 307 537 litterasque
321 497 361 527 ad
375 501 533 527 Caesarem
548 496 581 526 in
595 496 681 527 hunc
694 495 827 526 modum
844 495 965 535 mittit,
994 508 1008 522 «
1024 496 1133 535 populi
1152 494 1287 526 Romani
1311 495 1448 533 impera·

121 556 137 571 α
152 544 277 575 toribus
291 552 544 583 magnarumque
557 542 723 574 nationum
741 543 867 582 regibus
883 543 1020 582 primam
1032 551 1070 573 ex
1085 541 1292 573 similitudine
1310 541 1448 572 fortunae

121 603 137 617 «
153 591 327 622 amicitiam
342 615 351 630 ‚
370 591 475 622 sibiet
490 590 623 621 Claudio
646 590 743 621 etiam
760 590 1020 621 communionem
1033 590 1176 621 victorire
1193 598 1272 620 esse.
1289 588 1447 618 bellorum

120 650 137 665 «
152 638 295 677 egregios
309 638 398 675 fines,
415 637 541 677 quoties
554 638 747 677 ignoscendo
760 637 967 677 transigatur.
985 637 1032 668 sic
1046 637 1169 668 Zorsini
1180 637 1267 667 victo
1283 635 1365 666 nihil
1382 642 1448 665 ere-

123 697 139 711 «
155 688 258 724 ptum.
275 694 332 724 pro
350 685 549 724 Mithridate,
561 684 692 725 quando
709 685 839 725 gravius
856 687 1049 723 mereretur,
1070 693 1133 715 non
1151 685 1326 724 potentiam
1342 689 1446 721 neque

120 743 135 757 α
153 740 287 770 regnum
302 732 502 771 precari,sed
515 741 555 763 ne
570 732 823 772 triumpharetur
835 731 846 749 ²
866 741 946 763 neve
963 740 1074 771 poenas
1091 732 1194 771 capite
1210 730 1443 770 expenderet.»

161 782 224 809 XX.
249 781 289 809 At
304 779 479 818 Claudius,
510 788 709 819 quamquam
735 779 961 810 nobilitatibus
984 779 1126 810 externis
1152 778 1240 809 mitis
1255 802 1264 817 ,
1286 778 1447 808 dubitavit

117 826 226 856 tamen
244 849 251 863 ,
267 826 410 865 accipere
425 827 590 866 captivum
607 830 702 866 pacto
718 827 830 858 salutis
843 851 851 866 ,
870 836 910 857 an
928 828 1071 866 repetere
1092 825 1191 856 armis
1208 825 1328 856 rectius
1349 825 1442 856 foret.

118 872 192 902 hinc
207 872 299 903 dolor
313 873 378 912 inju
385 874 504 904 riarum
518 876 550 905 et
563 874 660 905 libido
674 873 828 905 vindictae
842 873 1002 913 adigebat.
1018 873 1074 903 sed
1088 873 1306 904 disserebatur
1320 873 1444 910 contra,

118 929 133 943 τ(
151 919 271 959 suscipi
287 919 407 950 bellum
425 920 498 951 avio
512 921 637 959 itinere,
653 921 854 961 importuoso
871 921 972 958 mari3
991 920 1031 951 ad
1048 920 1107 951 hoc
1123 929 1214 959 reges
1232 920 1366 958 seroces,
1388 927 1444 950 va-

118 975 133 989 «
149 973 206 1003 gos
226 967 376 1006 populos,
394 967 499 998 solum
520 968 647 1007 frugum
665 976 779 1007 egens3
804 971 873 998 tum
888 966 1025 999 taedium
1048 975 1087 997 ex
1109 976 1199 998 mora
1216 991 1224 1006 ,
1247 966 1389 1006 pericula
1405 974 1445 997 ex

119 1024 134 1039 υ
152 1014 353 1052 properantia
364 1038 372 1053 ,
391 1015 553 1045 modicam
570 1015 750 1046 victoribus
766 1015 895 1046 laudem
911 1039 920 1054 ,
941 1023 978 1046 ac
992 1014 1131 1045 multum
1148 1014 1292 1045 infamiae
1303 1038 1312 1053 ,
1331 1013 1357 1044 si
1376 1014 1443 1053 pel-

115 1076 131 1090 «
147 1061 302 1092 lerentur.
322 1061 402 1100 quin
429 1062 584 1102 arriperet
605 1062 712 1093 oblata
734 1065 765 1093 et
780 1065 922 1093 servaret
945 1062 1087 1093 exsulem
1106 1071 1112 1091 :
1134 1061 1185 1092 cui
1208 1061 1296 1101 inopi
1320 1062 1440 1101 quanto

116 1121 132 1135 α
148 1108 324 1147 longiorem
341 1108 462 1147 vitam,
479 1111 569 1139 tanto
587 1109 659 1149 plus
673 1109 821 1148 supplicii
839 1109 915 1140 fore.
936 1121 950 1135 η
976 1109 1032 1139 His
1048 1110 1215 1147 permotus
1235 1108 1363 1148 scripsit
1388 1112 1445 1138 Eu-

113 1154 212 1192 noni,
232 1167 246 1180 1<
261 1155 413 1185 meritum
427 1155 557 1194 quidem
574 1155 748 1186 novissima
762 1155 910 1195 exempla
928 1155 934 1173 ¹
965 1155 1176 1185 Mithridaten
1192 1179 1200 1194 ,
1217 1163 1277 1185 nec
1300 1155 1361 1185 sibi
1376 1155 1444 1186 vim

115 1214 131 1228 «
149 1201 189 1231 ad
206 1201 447 1241 exsequendum
465 1202 577 1233 deesse
594 1212 601 1232 :
618 1211 732 1233 verum
747 1201 791 1233 ita
814 1202 989 1241 majoribus
1005 1201 1161 1241 placitum
1174 1226 1182 1241 ‚
1200 1203 1323 1242 quanta
1342 1201 1445 1242 pervi-

115 1261 131 1276 «
147 1248 235 1278 cacia
251 1247 284 1278 in
302 1248 426 1279 hostem
441 1273 450 1288 ‚
474 1250 564 1280 tanta
586 1249 797 1280 beneficentia
815 1250 971 1280 adversus
994 1249 1155 1289 supplices
1179 1248 1348 1280 utendum.
1368 1257 1443 1280 nam

113 1307 129 1322 a
146 1294 329 1334 triumphos
343 1295 383 1326 de
400 1296 527 1336 populis
541 1297 710 1336 regnisque
726 1296 858 1336 integris
876 1297 1011 1336 acquiri.
1032 1310 1047 1323 »

153 1345 231 1372 XXI.
258 1341 413 1374 Traditus
424 1344 497 1382 post
521 1343 592 1374 haec
617 1343 843 1382 Mithridates,
868 1346 1048 1384 vectusque
1072 1347 1208 1374 Romam
1231 1352 1288 1383 per
1311 1343 1442 1374 Junium

110 1387 266 1426 (filonem,
281 1392 525 1428 procuratorem
540 1390 645 1429 Ponti,
661 1390 800 1421 ferocius
818 1400 914 1431 quarn
932 1400 991 1431 pro
1008 1391 1138 1421 fortuna
1153 1389 1341 1421 disseruisse
1357 1391 1442 1430 apud

110 1437 270 1466 Caesarem
288 1435 461 1466 serebatur.
478 1437 625 1476 elataque
641 1446 705 1468 vox
728 1437 797 1477 ejus
821 1439 854 1469 in
870 1438 1005 1478 vulgum
1023 1437 1109 1468 hisce
1128 1437 1259 1468 verbis:
1275 1445 1341 1468 mm
1363 1447 1441 1469 sum

109 1484 274 1513 remissus
294 1482 341 1513 ad
366 1485 397 1514 le
408 1507 418 1521 ,
444 1483 503 1514 sed
529 1492 686 1515 reversus
701 1494 710 1514 .·
726 1486 781 1516 vel
804 1487 831 1517 si
856 1494 924 1517 mm
950 1485 1079 1523 credis,
1106 1484 1241 1515 dimutto
1263 1486 1295 1514 el
1310 1494 1438 1524 (sumre.

110 1528 205 1560 vultu
222 1538 352 1568 quoque
367 1529 515 1560 interrito
532 1531 732 1570 permansit,
750 1541 851 1572 quum
869 1532 1075 1572 rostrajuxta
1093 1531 1283 1562 custodibus
1306 1532 1440 1563 circum-

110 1575 206 1606 datus
222 1576 304 1606 visui
320 1577 439 1616 populo
452 1577 661 1617 praeberetur.
677 1579 860 1610 consularia
877 1579 1012 1619 insignia
1023 1579 1139 1618 Ciloni,
1154 1579 1278 1618 Aquilae
1292 1579 1442 1619 praetoria

110 1621 339 1654 decernuntur.

153 1673 246 1700 XXII.
273 1670 393 1702 lisdem
406 1670 594 1702 consulibus
607 1673 699 1703 atrox
713 1672 780 1703 odii
796 1672 971 1713 Agrippina
994 1681 1032 1704 ac
1056 1672 1165 1703 Lolliae
1183 1672 1311 1704 infensa
1326 1698 1334 1712 ,
1352 1673 1438 1713 quod

110 1724 221 1747 secum
237 1717 276 1748 de
296 1718 505 1748 matrimonio
522 1718 680 1759 Principis
697 1720 886 1751 certavisset
904 1721 910 1737 ¹
931 1744 939 1760 ,
959 1720 1092 1751 molitur
1109 1720 1241 1750 crimina
1258 1724 1289 1750 et
1306 1730 1439 1753 aecusa-

110 1765 226 1801 torem,
242 1764 297 1804 qui
311 1764 464 1803 objiceret
482 1765 677 1804 Chaldceos,
696 1775 827 1806 marsos,
843 1769 1165 1807 iutm·7·o(7(ztumquc
1181 1767 1345 1805 Apollinis
1364 1769 1439 1799 Cla-

110 1812 155 1841 rii
172 1810 182 1827 2
201 1811 432 1842 simulacrum
447 1821 551 1852 super
579 1815 706 1852 nupliis
735 1816 974 1853 Imperatoris.
996 1814 1069 1844 exin
1095 1813 1247 1844 Claudius
1264 1838 1272 1853 ,
1296 1814 1439 1846 inaudita

111 1865 177 1895 rea,
192 1858 293 1888 multa
307 1858 346 1889 de
360 1859 550 1890 claritudine
563 1859 631 1898 ejus
646 1860 732 1899 apud
748 1862 894 1891 senatum
916 1862 1081 1900 praelatus,
1098 1869 1212 1891 sorore
1227 1862 1264 1891 L.
1288 1862 1414 1893 Volusii
1427 1863 1437 1879 '⁶

110 1906 282 1943 qondam,
300 1906 468 1944 oizaJ'orem
491 1908 520 1937 ci
537 1909 712 1946 patruum
740 1909 878 1939 Cottam
895 1909 1118 1939 illessalinnm
1134 1907 1143 1924 ⁶
1170 1916 1239 1938 esre
1254 1932 1264 1946 ,
1281 1910 1439 1940 Memmio

111 1950 286 1990 quondam
299 1953 426 1991 Reyulo
439 1955 588 1992 nuptam
604 1954 694 1992 (nam
708 1953 746 1985 de
761 1958 795 1985 C.
811 1955 945 1985 Caesaris
959 1954 1079 1994 nuptiis
1089 1955 1236 1985 consulto
1251 1955 1437 1994 reticebat),

111 1996 236 2028 addidit
249 2001 442 2038 perniciosa
455 2001 490 2030 in
503 2000 752 2040 rempublicam
768 2001 925 2039 consilia,
941 2003 974 2032 et
989 2003 1169 2032 maleriem
1182 2002 1302 2032 sceleri
1322 2001 1439 2033 (letra-

111 2042 262 2075 fiendam
276 2048 401 2085 :proin
413 2046 602 2086 publicatis
617 2047 723 2086 bonis,
742 2047 875 2078 cederet
892 2048 1015 2079 Italia.
1035 2048 1079 2079 ita
1097 2048 1308 2088 quinquagies
1323 2049 1438 2079 sester-

110 2089 195 2120 tium
212 2091 222 2108 ⁵
241 2100 281 2123 ex
297 2093 413 2132 opibus
429 2093 596 2125 immensis
612 2094 715 2125 exsuli
731 2094 891 2126 relictum.
908 2095 945 2125 Et
959 2095 1142 2135 Calpurnia,
1158 2095 1293 2126 illustris
1306 2094 1436 2133 semina,

112 2205 142 2211 «-
155 2196 176 2215 2.
191 2191 240 2221 Qui
257 2191 360 2220 primus
379 2192 521 2218 Persarum
541 2200 589 2218 rex
600 2213 606 2222 ‚
625 2200 691 2218 avus
702 2195 839 2225 cambysis
850 2195 935 2224 patris
948 2195 1010 2224 cyri
1023 2195 1128 2225 magni,·
1143 2194 1177 2219 ab
1192 2195 1340 2227 Artabazo,
1365 2198 1438 2222 Darii

111 2227 253 2256 Hystaspis
269 2227 333 2257 silio,
348 2234 432 2257 genus
446 2230 587 2254 derivabat
598 2230 775 2254 Mithridates.

144 2262 214 2285 xlx.
229 2268 248 2284 ι.
267 2262 366 2290 Fidem,
381 2264 457 2292 cujus
471 2265 622 2293 symbolum
632 2267 673 2289 est
687 2266 827 2289 dextra.—
842 2270 866 2288 2.
882 2265 912 2288 ln
926 2265 1091 2294 triumphum
1104 2265 1259 2291 duceretur.
1273 2268 1316 2292 Sic
1326 2269 1438 2300 Cleopa-

114 2297 165 2324 tra,
179 2303 295 2325 anguem
309 2298 360 2321 sibi
372 2298 528 2328 immittens,
544 2301 666 2324 dicebat:
680 2301 746 2324 Non
760 2300 968 2330 triumpliabor.

145 2333 205 2355 XX.
221 2338 242 2355 ι.
261 2333 294 2357 Ut
309 2335 435 2357 extrema>v
445 2336 598 2358 severitatis
616 2336 738 2366 exempla
754 2337 782 2359 in
798 2342 829 2360 eo
842 2336 997 2360 ederentur.

144 2367 229 2390 XXH.
251 2373 269 2391 ι.
286 2369 315 2392 v.
332 2374 356 2392 c.
375 2374 394 2397 ι,
409 2375 471 2392 2.-
486 2375 508 2393 2.
530 2371 649 2400 v.ad11‚
663 2376 699 2394 m.
714 2385 743 2388 —
759 2377 779 2394 τ».
796 2373 833 2396 Dc
848 2378 900 2401 quo
917 2372 959 2401 111,
973 2377 1009 2396 πο.
1027 2386 1054 2389 -
1071 2378 1092 2397 a.
1109 2374 1290 2400 Memoratum
1308 2375 1342 2405 11,
1358 2380 1395 2401 32.
1408 2387 1438 2395 -

115 2407 136 2425 u.
148 2407 247 2430 θυμω
261 2403 292 2427 tr.
308 2404 345 2428 De
362 2404 498 2429 immensis
510 2406 605 2436 opibus
615 2406 705 2431 Lolliae
717 2409 811 2432 narrat
824 2408 924 2433 Plinius
937 2408 1011 2433 Ilist.
1026 2410 1086 2434 nat.
1102 2410 1147 2441 1x,
1158 2416 1198 2435 ⁵8.
