1539 2668
105 217 169 248 454
566 215 601 245 C.
623 216 810 245 CORNELII
832 216 966 246 TACI'I'I

107 301 203 324 mana
225 289 352 322 colonia
375 297 447 322 esse
465 289 643 321 meruerint
663 299 701 321 ac
722 289 875 322 libentius
891 291 1140 332 Agrippinenses
1162 291 1340 324 conditoris
1357 293 1435 325 sui⁵

106 340 239 371 nomine
263 338 436 375 vocentur,
460 337 582 376 origine
606 337 820 377 erubescunt,
838 339 1030 378 transgressi
1055 339 1132 370 olim
1155 341 1188 372 et
1213 341 1435 380 experimento

106 386 196 417 iideis·
219 393 317 424 super
341 385 441 424 ipsam
462 385 564 417 Rheni.
584 385 686 425 ripam
707 385 896 425 collocati⁷‚
912 388 949 418 ut
969 387 1133 426 arcerent,
1147 395 1212 417 non
1235 389 1270 418 ut
1292 387 1434 418 custodi-

108 434 229 464 rentur.

149 482 254 511 XXIX.
275 478 430 509 Omnium
454 478 567 509 harum
590 479 736 518 gentium
760 479 884 511 virtute
907 479 1063 520 praecipui
1083 480 1193 511 Batavi
1208 489 1272 511 non
1296 480 1433 511 multum

106 535 144 557 ex
161 525 231 566 ripa
244 526 266 564 ¹,
285 524 341 555 sed
356 524 496 555 insulam
518 525 621 556 Rheni
639 526 744 557 amnis
757 526 887 567 colunt,
910 526 1101 558 Chattorum
1115 527 1283 567 quondam
1296 526 1434 567 populus

105 575 138 605 et
154 572 314 604 seditione
330 572 508 603 domestica
524 572 556 603 in
573 581 626 603 eas
643 573 735 604 sedes
748 575 967 612 transgressus
979 598 988 613 ‚
1011 574 1045 604 in
1061 573 1180 614 quibus
1202 583 1277 614 pars
1300 579 1422 605 Roman

104 619 234 659 imperii
251 619 363 649 fierent
378 618 402 649 ².
423 621 534 650 manet
553 619 657 650 honos
676 623 708 650 et
726 620 868 660 antiquae
885 620 1051 652 societatis
1067 620 1202 661 insigne.
1218 629 1292 652 nam
1309 630 1368 653 nec
1382 621 1435 652 tri-

105 664 194 696 butis
216 666 471 697 contemnuntur
486 665 512 704 ³,
526 674 587 697 nec
604 666 797 706 publicanus
813 667 945 707 atterit3
963 667 1104 707 exempti
1121 668 1273 700 oneribus
1289 669 1321 700 et
1339 668 1432 700 colla-

108 710 252 743 tionibus
277 713 309 743 et
333 713 463 743 tantum
481 712 513 743 in
537 722 631 744 usum
654 714 841 753 proeliorum
862 714 997 754 sepositi
1021 714 1112 745 velut
1133 715 1197 746 tela
1223 717 1320 754 atque
1347 724 1435 746 arma

103 758 194 791 bellis
211 762 418 791 reservantur
435 760 458 789 ⁴0
478 761 531 792 Est
545 761 577 791 in
591 761 705 792 eodem
720 761 876 802 obsequio
896 764 928 794 et
948 761 1174 793 Mattiacorum
1193 771 1281 802 gens.
1300 763 1435 802 protulit

105 806 190 837 enim
210 806 404 846 magnitudo
421 808 533 847 populi
551 809 687 839 Romani
704 809 788 839 ultra
802 809 951 840 Rhenum
969 809 1120 849 ultraque
1136 812 1263 841 veteres
1280 809 1436 843 terminos

104 853 231 893 imperii
261 855 488 886 reverentiam.
507 855 552 886 ita
570 855 644 887 sede
669 855 852 896 sinibusque
878 856 910 887 in
936 865 996 888 sua
1018 857 1109 897 ripa,
1134 860 1243 888 mente
1264 857 1436 898 animoque

104 900 275 932 nobiscum
294 903 413 941 agunt,
432 904 542 934 cetera
558 902 681 933 similes
699 903 829 934 Batavis
841 927 850 943 ,
866 903 929 935 nisi
944 903 1031 944 quod
1049 905 1120 944 ipso
1137 903 1243 935 adhuc
1260 907 1353 936 terrae
1366 913 1436 937 suae.

104 947 174 978 solo
187 951 218 979 et
232 948 313 979 ereio
328 950 435 980 acrius
449 950 646 981 animantur.
660 953 731 981 Non
745 951 985 982 numeraverim
1001 951 1085 982 inter
1099 951 1276 983 Germaniae
1289 952 1435 991 populos,

103 1001 290 1035 quanquam
307 997 398 1028 trans
413 997 562 1028 Rhenum
580 996 834 1037 Danubiumque
850 997 1074 1037 consederint,
1093 1007 1148 1029 eos
1163 998 1219 1037 qui
1244 1001 1434 1031 Decumates

103 1049 196 1080 agros
210 1042 220 1059 ⁵
238 1045 397 1081 ¹pervent.
415 1043 603 1075 levissimus
617 1043 755 1084 quisque
770 1044 933 1076 Gallorum
950 1047 983 1076 et
1000 1045 1107 1085 inopia
1126 1045 1230 1076 audax
1244 1044 1352 1076 dubiae
1368 1054 1436 1085 pos·

102 1089 257 1121 sessionis
272 1090 376 1121 solum
390 1099 601 1130 occupavere.
618 1100 693 1121 mox
708 1091 812 1122 limite
825 1095 896 1123 acto
909 1092 1128 1132 promotisque
1145 1092 1300 1132 praesidiis
1318 1094 1408 1125 sinus
1420 1094 1431 1112 ‘³

104 1136 234 1176 imperii
251 1139 283 1167 et
304 1145 376 1176 pars
396 1138 575 1177 provinciae
594 1138 768 1169 hahentur.

147 1186 236 1213 XXX.
257 1184 348 1214 Ultra
366 1184 424 1214 hos
443 1184 552 1216 Chatti
569 1184 699 1215 initium
724 1180 809 1216 >sedis
831 1184 872 1215 ab
896 1185 1054 1225 Hercynio
1071 1185 1153 1216 saltu
1173 1185 1348 1225 inchoant,
1369 1194 1447 1217 non.

100 1230 148 1261 ita
166 1229 280 1260 effusis
298 1239 334 1260 ac
350 1230 546 1269 palustribus
562 1231 642 1262 locis
654 1256 662 1271 ‚
679 1233 716 1262 ut
732 1234 848 1263 ceterae
861 1231 1008 1264 civitates
1022 1257 1031 1271 ‚
1050 1233 1081 1263 in
1100 1241 1179 1272 quas
1195 1232 1364 1264 Germania
1381 1241 1432 1273 pa-

100 1275 217 1315 tescit3
236 1275 354 1308 durant
369 1277 530 1317 siquidem
547 1278 655 1317 colles,
671 1278 830 1319 paulatim
850 1282 1030 1319 rarescunt,
1045 1282 1078 1311 et
1094 1279 1226 1311 Chattos
1243 1288 1319 1311 suos
1334 1279 1435 1312 saltus

100 1322 283 1362 Hercynius
309 1324 518 1364 prosequitur
555 1325 652 1356 simul
680 1328 776 1365 atque
803 1325 970 1366 deponit¹.
998 1327 1129 1358 duriora
1157 1326 1242 1366 genti
1273 1335 1410 1366 corpora
1422 1352 1431 1367 ,

101 1369 208 1399 stricti
222 1369 233 1386 ²
254 1371 343 1401 artus
356 1395 364 1409 ‚
384 1372 494 1402 minax
514 1372 626 1403 vultus
642 1375 674 1404 et
691 1372 793 1411 major
812 1373 911 1404 animi
931 1374 1033 1413 vigor.
1052 1374 1192 1405 multum
1210 1376 1245 1404 ut
1263 1373 1346 1405 inter
1360 1378 1432 1406 Ger-

100 1423 214 1446 manos
229 1415 240 1433 ³
268 1417 402 1449 rationis
428 1427 466 1449 ac
491 1419 642 1449 sollertiae
665 1430 674 1450 z
702 1428 888 1459 praeponere
911 1421 1051 1460 eiectos,
1079 1420 1191 1452 audire
1219 1421 1432 1461 praepositos,

100 1469 198 1493 nosse
216 1464 365 1503 ordines,
390 1465 568 1505 intelligere
586 1468 773 1497 occasiones
787 1491 796 1506 ‚
817 1466 948 1499 differre
964 1468 1121 1508 impetus,
1137 1467 1309 1507 disponere
1324 1467 1431 1508 diem,

102 1509 222 1541 vallare
246 1513 376 1542 noctem
390 1536 399 1550 ‚
423 1512 586 1544 fortunam
603 1513 687 1544 inter
703 1513 817 1552 dubia,
844 1514 999 1546 virtutem
1021 1515 1104 1546 inter
1128 1516 1217 1546 certa
1239 1523 1432 1553 numerare,

103 1556 256 1596 quodque
272 1558 478 1590 rarissimum
496 1568 558 1590 nec
576 1560 639 1590 nisi
662 1564 814 1591 Romanae
829 1560 1006 1601 disciplinae
1020 1570 1208 1593 concessum
1222 1585 1231 1600 ‚
1251 1561 1321 1602 plus
1336 1570 1431 1602 repo·

101 1611 178 1634 nere
208 1603 240 1634 in
268 1604 351 1636 duce
378 1615 476 1645 quam
505 1607 537 1637 in
563 1607 719 1638 exercitu.
746 1616 844 1638 omne
872 1607 970 1639 robur
1000 1608 1034 1639 in
1060 1608 1186 1648 pedite,
1213 1617 1310 1648 quem
1334 1617 1431 1648 super

103 1658 191 1680 arma
207 1650 411 1683 ferramentis
428 1661 557 1694 quoque
577 1655 609 1685 et
627 1655 728 1694 copiis
745 1657 893 1686 onerant.
911 1655 992 1686 alios
1009 1655 1048 1686 ad
1068 1655 1218 1695 proelium
1233 1655 1278 1686 ire
1295 1655 1404 1687 videas
1418 1680 1428 1695 ,

102 1697 232 1728 Chattos
253 1698 292 1728 ad
317 1698 457 1729 bellum‘
477 1700 565 1730 :rari
587 1710 744 1732 excursus
765 1703 797 1733 et
819 1702 952 1732 fortuita
978 1711 1095 1742 pugna.
1121 1703 1329 1742 Equestrium
1351 1709 1430 1733 sane

102 1742 221 1774 virium
249 1744 278 1774 id
301 1746 484 1785 proprium,
508 1746 572 1777 cito
598 1756 710 1787 parare
724 1748 911 1787 victoriam,
940 1748 1004 1779 cito
1021 1749 1144 1781 cedere.
1167 1750 1319 1780 velocitas
1336 1748 1431 1788 Juxta

102 1788 311 1821 formidinem
325 1815 334 1830 ,
352 1792 518 1823 cunctatio
535 1793 665 1833 propior
683 1795 875 1826 constantiae
890 1795 949 1826 est.

144 1840 248 1868 ΧΧΧΙ,
273 1840 310 1870 Et
325 1839 393 1870 aliis
410 1840 660 1871 Germanorum
668 1842 794 1881 populis
810 1845 1001 1882 usurpatum
1017 1843 1023 1860 ¹
1045 1852 1116 1874 raro
1131 1844 1164 1875 et
1179 1844 1304 1884 privata
1318 1843 1428 1882 cujtis·

102 1891 167 1922 que
185 1884 337 1916 audentia
354 1885 443 1925 apud
457 1887 592 1917 Chattos
605 1887 639 1917 in
653 1896 847 1920 consensum
865 1889 981 1929 vertit,
999 1891 1035 1921 ut
1052 1890 1192 1930 primum
1209 1890 1431 1931 adoleverint,

102 1929 225 1961 crinem
240 1931 438 1972 barbamque
452 1933 665 1974 submittere,
682 1943 741 1967 nec
755 1936 817 1967 nisi
832 1936 924 1967 hoste
939 1945 1022 1968 caeso
1043 1945 1163 1969 exuere
1179 1939 1330 1969 votivum
1345 1937 1429 1969 obli-

102 1978 278 2018 gatumque
295 1979 410 2011 virtuti
430 1980 496 2011 oris
514 1980 672 2012 habitum.
692 1991 789 2022 super
805 1984 993 2023 sanguinem
1010 1985 1042 2015 et
1057 1984 1160 2025 spolia
1175 1984 1319 2016 revelant
1337 1985 1428 2016 fron-

101 2073 125 2092 ς.
139 2073 167 2092 er,
186 2075 238 2093 -5.
255 2071 364 2099 Proprie
377 2071 560 2101 conditricis,
576 2074 738 2104 Agrippinae.
753 2076 819 2099 Vide
837 2077 944 2101 Annal.
956 2077 1092 2105 xi1‚‹.›7.—
1102 2083 1124 2101 c.
1138 2077 1214 2102 Conf.
1226 2078 1366 2105 Caesarem,
1380 2077 1426 2103 lv.

66 2121 69 2123 >
100 2109 138 2162 ἷζε.
162 2116 190 2120 -
207 2110 234 2143 ’7.
260 2105 299 2128 Ab
315 2107 447 2136 Agrippa,
463 2113 564 2137 genere
584 2109 708 2139 Augusti.
728 2111 871 2135 Arcerent
890 2112 1015 2136 nimirum
1037 2112 1131 2137 hostes
1156 2119 1171 2137 a
1197 2113 1296 2137 finibus
1318 2110 1425 2141 imperii

124 2145 222 2162 omani.

130 2174 226 2198 xxix.
244 2180 264 2197 ι.
283 2175 326 2200 Sc.
343 2175 482 2200 Gallica.—
493 2181 517 2201 2.
530 2178 641 2203 Factum
654 2181 695 2203 est
709 2180 738 2203 ut
751 2180 862 2210 fierent:
874 2182 907 2206 de
918 2183 1026 2211 eventu,
1041 2188 1094 2207 non
1108 2183 1141 2207 de
1155 2182 1278 2206 consilio.
1288 2195 1318 2200 —
1329 2188 1351 2206 5.
1365 2183 1426 2207 Tri-

101 2209 173 2233 butis
187 2209 317 2239 impositis
332 2212 505 2241 contemptus
519 2213 629 2237 victoris
648 2215 712 2244 ipsis
729 2217 891 2240 ostenditur.
902 2230 931 2234 —
942 2223 963 2241 ⁴.
978 2218 1053 2242 conf.
1069 2218 1140 2242 Hist.
1157 2218 1197 2246 lV.
1210 2222 1252 2244 ¹2.
1267 2219 1295 2242 et
1307 2219 1336 2246 V.
1347 2222 1383 2242 ⁴25.
1394 2231 1424 2236 -

100 2249 122 2266 5.
138 2244 219 2267 iidem
243 2251 301 2268 csse
320 2246 447 2270 videntur
458 2248 504 2276 qui
523 2248 675 2273 decumani
695 2251 769 2280 agn-15,
791 2258 805 2275 a
823 2252 947 2276 decumis
961 2252 1038 2281 dieti,
1054 2258 1120 2282 quas
1134 2252 1223 2276 coloni
1243 2258 1275 2276 ex
1295 2258 1422 2282 agrorum

100 2279 278 2305 proventibus
291 2281 454 2310 pendebant,
469 2282 496 2305 hi
509 2284 598 2312 populi
616 2284 686 2308 haud
697 2285 784 2314 dubie,
798 2288 828 2310 ut
839 2289 1018 2311 Romanorum
1030 2288 1112 2311 armis
1125 2288 1176 2312 tuti
1186 2289 1379 2317 praestarentur
1388 2289 1423 2313 ab

100 2312 338 2338 incursationibus.
351 2316 428 2339 Fines
440 2317 510 2340 iliius
524 2319 626 2342 tractus
640 2320 744 2344 incerti.
757 2333 785 2337 —-
795 2327 816 2345 c.
832 2322 888 2345 Vid.
903 2324 956 2346 not.
969 2328 982 2346 2
993 2323 1027 2346 ad
1039 2328 1062 2346 c.
1076 2328 1098 2346 t-

130 2347 211 2371 ΧΧΧ.
228 2354 246 2371 ι.
265 2350 301 2372 lta
316 2351 346 2373 ut
360 2351 515 2375 Chattorum
527 2353 593 2376 finos
606 2354 660 2378 sint
671 2355 715 2378 ubi
729 2358 832 2380 montes
846 2357 872 2381 in
885 2358 962 2387 plana
974 2358 1179 2382 desinunt—2.
1194 2357 1275 2382 Densi
1289 2358 1318 2382 et
1329 2358 1424 2387 solidi,

101 2384 155 2404 non
168 2383 312 2408 flaccidiet
325 2386 538 2414 pendentes—5.
552 2388 612 2412 Non
625 2390 651 2413 in
663 2391 826 2419 universum,
838 2392 885 2416 sed
899 2399 947 2422 pro
962 2393 1066 2417 ratione
1079 2394 1106 2417 et
1120 2393 1200 2417 modo
1217 2394 1422 2418 Germanorum.

100 2421 161 2439 ῆι.
177 2418 293 2442 Eandem
306 2420 507 2446 distinctionem
524 2423 585 2446 vide
602 2425 674 2449 Hist.
694 2426 724 2453 il,
739 2432 777 2455 sn,
793 2427 837 2450 ubi
851 2428 913 2452 vide
926 2430 983 2453 not.

71 2481 79 2485 μ
128 2451 227 2477 XXXI.
244 2456 501 2486 ι.ιΕεῑειι1)]οεῑυῃ],
517 2465 631 2488 quocum
647 2462 835 2491 conjungenda
855 2464 995 2492 sequentia
1016 2463 1211 2489 adverbialiter
1229 2463 1320 2488 dicta:
1339 2465 1421 2488 rarus
