1539 2668
114 173 179 203 252
500 166 635 197 TACITI
654 165 868 197 ANNALtUM
889 167 962 198 ΠΒ.
985 166 1053 198 XV.

112 248 256 279 missum
271 251 306 275 se
328 242 376 275 ad
398 244 565 284 oeqrotum
587 243 763 281 Senecam,
787 243 841 274 uti
870 243 994 274 viseret
1019 243 1351 284 conquerereturque
1370 251 1435 276 cur

113 295 271 326 Pisonem
293 289 394 322 aditu
409 291 564 321 arceret?
580 289 704 321 melius
710 288 803 330 fore,
819 290 848 321 si
864 291 1054 321 amicitiam
1059 289 1241 329 familiari
1255 298 1434 330 conyressu

111 339 364 376 exercuissent;
378 339 408 368 et
425 336 628 376 respondisse
645 339 793 368 Senecam
809 345 977 368 sermones
993 338 1130 368 mutuos
1148 338 1181 368 et
1192 336 1312 368 crebra
1328 337 1433 369 collo-

114 388 197 427 quia
223 386 335 417 neutri
352 383 562 421 conducere;
580 384 732 414 ceterum
747 383 898 415 salutem
919 392 1020 415 suam
1048 384 1283 415 incolumitate
1301 385 1434 415 Pisonis

112 434 225 464 inniti.
243 435 317 463 Haec
331 431 411 461 ferre
425 429 541 462 Gavius
554 430 710 461 salvanus
721 429 869 461 tribunus
885 431 1044 471 praetoriae
1057 430 1207 468 cohortis,
1224 430 1256 460 et
1270 438 1315 461 an
1339 429 1434 462 dicta

112 479 256 511 Natalis
284 485 414 518 suaque
442 485 606 517 responsa
628 478 780 508 nosceret
802 478 1004 518 percunctari
1033 481 1186 509 Senecam
1212 476 1353 516 jubetur.
1383 476 1432 516 is,

112 528 195 560 forte
215 535 255 557 an
277 524 437 566 prudens,
463 523 504 555 acl
529 532 601 555 eum
618 523 704 555 diem
732 533 772 555 ex
794 525 968 565 Campania
998 526 1196 556 remeaverat
1217 526 1433 564 quartumque

112 573 197 615 apud
212 572 348 612 lapidem
367 570 554 602 suburbano
570 580 643 602 rure
658 571 855 604 substiterat.
870 572 923 604 illo
939 572 1118 613 propinqua
1136 580 1268 611 vespera
1286 571 1434 603 tribunus

111 621 201 653 venit
218 621 249 651 et.
266 619 372 649 villam
401 617 504 657 globis
526 617 665 649 militum
695 619 813 659 sepsit3
844 622 912 650 tum
936 619 998 659 ipsi
1021 628 1095 650 cum
1120 619 1271 659 Pompeia
1290 618 1435 650 Paullina

111 676 216 699 uxore.
230 669 261 697 et
274 665 386 697 amicis
399 664 525 696 duobus
542 665 683 705 epulanti
698 666 847 697 mandata
861 666 1068 706 Imperatoris
1082 666 1192 697 edidit.

153 717 229 745 LXI.
248 716 366 744 Seneca
384 724 399 738 ιι
415 711 548 742 missum
575 711 615 742 ad
638 721 671 744 se
696 713 841 744 Natalem
859 714 1134 753 conquestumque
1153 712 1282 742 nomine
1310 711 1434 742 Pisonis

113 773 130 789 «
147 760 233 801 quod
251 769 268 791 a
285 758 418 790 visendo
433 767 470 790 eo
484 758 718 798 prohiberetur,
739 768 838 799 seque
854 760 1012 791 rationem
1030 758 1223 790 valetudinis
1239 759 1270 789 et
1292 767 1434 790 amorem

114 820 131 835 «
147 807 263 848 quietis
281 806 482 838 excusavisse
500 818 515 833 »
534 805 709 846 respondit.
731 819 745 833 «
761 816 817 838 cur
833 806 966 838 salutem
983 806 1100 846 privati
1112 806 1249 836 hominis
1266 804 1435 836 incolumi-

112 867 129 882 «
149 855 208 886 tati
227 864 295 886 suae
311 853 501 892 anteferret,
519 862 645 884 causam
660 863 724 884 non
741 853 908 893 habuisse3
927 862 985 886 nec
999 853 1058 884 sibi
1078 856 1264 894 promptum
1281 852 1314 883 in
1328 852 1436 883 adula-

114 915 130 930 «
148 902 252 933 tiones
271 901 445 940 ingenium.
473 899 570 940 idque
590 900 669 931 nulli
687 901 788 940 magis
803 909 938 940 gnarum
964 909 1060 941 quam
1079 900 1196 932 Neroni
1213 924 1221 939 ,
1242 899 1298 940 qui
1317 899 1435 940 saepius

115 962 131 977 α
148 949 326 979 libertatem
341 950 467 978 Senecae
481 956 578 986 quam
598 948 767 978 servitium
783 949 935 988 expertus
950 950 1044 979 esset.
1060 960 1088 978 n.
1104 947 1165 978 Ubi
1182 947 1252 977 haec
1267 955 1285 977 a
1301 947 1434 978 tribuno

110 996 212 1027 relata
228 996 302 1026 sunt
327 998 464 1034 Poppaea
479 996 511 1025 et
526 993 681 1033 Tigellino
699 1003 824 1034 coram,
842 995 929 1035 quod
949 996 1016 1027 erat
1038 994 1182 1026 saevienti
1205 993 1345 1034 Principi
1363 993 1436 1024 inti-

112 1051 202 1074 mum
220 1041 441 1079 consiliorum,
457 1041 631 1080 interrogat
653 1050 699 1073 an
714 1044 837 1073 Seneca
852 1043 1089 1074 voluntariam
1101 1043 1244 1072 mortem
1253 1043 1404 1081 pararet
1417 1044 1436 1072 ,ι’

111 1091 182 1122 tum
198 1089 347 1120 tribunus
362 1088 464 1119 nulla
484 1090 622 1128 pavoris
637 1090 753 1128 siqua,
773 1088 862 1120 nihil
881 1091 978 1120 triste
993 1091 1028 1120 in
1045 1089 1152 1120 verbis
1167 1089 1239 1127 eJ'us
1255 1090 1319 1119 aut
1332 1087 1435 1119 vultu

113 1136 363 1177 deprehensum
395 1134 608 1166 confirmavit!
632 1144 706 1174 ergo
735 1135 870 1175 reyreclt
896 1137 927 1166 et
953 1135 1102 1167 indicere
1126 1137 1272 1166 mortem
1287 1134 1434 1174 jubetur.

113 1182 227 1215 Tradit
242 1182 358 1213 Fabius
381 1181 532 1212 Rusticus
561 1190 627 1213 non
653 1190 710 1221 eo,
739 1190 804 1222 quo
827 1184 986 1221 venerat,
1010 1184 1132 1214 itinere
1158 1182 1310 1213 reditum
1328 1181 1351 1220 ¹,
1375 1180 1435 1212 sed

111 1231 246 1269 flexisse
263 1228 309 1260 acl
319 1231 460 1260 Fenlum
470 1228 691 1269 prcefectum,
709 1231 741 1261 et
757 1231 918 1270 expositis
931 1230 1195 1269 Ccesarisjussis
1210 1238 1255 1261 an
1266 1228 1434 1268 obteinpe-

112 1279 211 1309 raret
228 1278 510 1316 interroqavisse,
527 1278 762 1318 monitumque
776 1277 819 1307 ab
836 1286 872 1308 eo
889 1279 929 1309 ut
944 1279 1198 1318 exsequeretur,
1223 1276 1311 1307 fatali
1335 1276 1435 1308 omni-

112 1333 169 1356 um
197 1323 332 1363 ignavia.
359 1332 434 1354 nam
451 1326 482 1354 et
508 1323 654 1355 Silvanus
670 1324 754 1355 inter
781 1324 962 1364 conjuratos
986 1326 1053 1356 erat
1073 1324 1273 1363 augebatque
1292 1324 1432 1363 scelera,

112 1373 147 1404 in
166 1380 302 1412 quorum
320 1371 473 1402 ultionem
490 1374 704 1402 consenserat.
725 1372 924 1403 vocitamen
941 1372 973 1403 et
987 1371 1127 1411 aspectui
1145 1370 1433 1410 pepe1·cit2‚intr0-

111 1419 267 1457 misitque
284 1418 323 1448 ad
343 1419 495 1449 Senecam
512 1427 614 1449 unum
632 1427 671 1450 ex
688 1419 943 1458 centurionibus,
958 1418 1012 1459 qui
1026 1419 1259 1450 necessitatem
1272 1417 1434 1450 ultimam

111 1465 326 1499 denuntiaret.

155 1516 246 1544 LXII.
272 1511 327 1543 Ille
346 1511 511 1543 interritus
528 1512 631 1552 poscit
659 1513 853 1544 testamenti
883 1512 1045 1551 tabulas‚·
1063 1520 1099 1543 ac
1120 1511 1295 1551 denegante
1322 1513 1434 1543 centu-

112 1560 226 1597 rione,
256 1567 432 1590 conversus
454 1558 493 1589 ad
520 1559 659 1597 amicos,
687 1572 702 1586 «
718 1559 846 1599 quando
872 1559 994 1591 meritis
1030 1568 1141 1590 eorum
1167 1558 1284 1589 referre
1299 1558 1434 1598 gratiam

114 1619 132 1634 ει
149 1606 382 1647 prohiberetur,
408 1605 494 1645 quod
511 1615 612 1637 unum
626 1607 691 1646 jam
715 1609 746 1637 et
769 1608 877 1637 tamen
898 1605 1151 1645 pulcherrimum
1170 1603 1308 1635 habebat
1323 1629 1333 1644 ,
1357 1605 1432 1636 ima-

114 1665 132 1681 «
149 1653 254 1692 ginem
272 1652 347 1682 vitae
364 1659 430 1682 suae
456 1651 636 1691 relinquere
654 1665 668 1679 n
695 1653 847 1692 testatur,
874 1664 889 1678 «
904 1652 995 1692 cujus
1011 1653 1036 1683 si
1055 1659 1214 1682 memores
1230 1652 1335 1682 essent
1350 1676 1359 1690 ,
1380 1652 1434 1684 ho-

113 1711 132 1727 «
149 1707 264 1730 narum
280 1698 396 1729 artium
413 1698 530 1729 samam
541 1723 550 1739 ‚
567 1700 635 1730 tum
649 1699 825 1730 constantis
837 1699 986 1730 amicitiae
1002 1699 1133 1730 laturos.
1148 1711 1163 1725 υ
1179 1698 1273 1729 simul
1287 1699 1434 1732 lacrimas

113 1754 225 1778 eorum
243 1745 340 1776 modo
356 1754 502 1777 sermone
516 1770 525 1785 ‚
543 1746 641 1777 modo
658 1747 810 1778 intentior
823 1746 856 1777 in
874 1747 1005 1777 modum
1025 1746 1220 1784 coercentis,
1235 1745 1275 1775 ad
1289 1745 1434 1778 firmitu—

113 1791 221 1823 dinem
245 1794 375 1824 revocat
387 1817 395 1832 ,
409 1794 549 1833 rogitans
569 1806 583 1819 «ι
598 1792 653 1824 ubi
671 1795 827 1833 praecepta
842 1794 1027 1833 sapientiae?
1043 1793 1097 1823 ubi
1115 1795 1163 1823 tot
1177 1801 1233 1832 per
1250 1801 1351 1823 annos
1366 1802 1433 1825 me-

114 1851 132 1867 «
150 1839 251 1871 ditata
276 1840 356 1870 ratio
377 1840 547 1871 adversum
563 1840 791 1871 imminentia?
808 1840 860 1871 cui
884 1840 969 1871 enim
987 1840 1127 1879 ignaram
1151 1840 1252 1871 fuisse
1277 1839 1433 1871 saevitiam

116 1898 133 1913 ιι
150 1886 311 1917 Neronis?
329 1895 433 1926 neque
461 1886 545 1918 aliud
571 1895 739 1927 superesse
758 1887 830 1927 post
852 1888 988 1918 matrem
1014 1887 1207 1927 fratremque
1230 1886 1433 1925 interfectos,

116 1946 134 1961 (ι
152 1942 249 1973 quam
272 1934 308 1964 ut
324 1932 504 1965 educatoris
521 1934 793 1974 praeceptorisque
811 1942 920 1965 necem
933 1934 1096 1973 adjiceret.
1112 1947 1127 1961 »

157 1983 264 2011 LXIII.
289 1980 350 2011 Ubi
368 1981 436 2012 haec
458 1984 553 2021 atque
572 1981 649 2011 talia
676 1981 707 2011 in
725 1989 896 2012 commune
921 1981 1091 2019 disseruit,
1109 1979 1336 2021 complectitur
1353 1987 1432 2010 uxo-

115 2033 183 2057 rem
197 2050 205 2065 ‚
231 2029 263 2058 et
291 2027 467 2066 paullulum
498 2028 651 2059 adversus
684 2029 875 2068 praesentem
909 2028 1113 2059 formidinem
1133 2028 1140 2045 ¹
1173 2027 1317 2058 mollitus
1344 2027 1434 2065 rogat

115 2075 251 2112 oratque
265 2097 273 2112 ,
293 2076 500 2114 temperaret
517 2074 627 2105 dolori
640 2099 649 2114 ,
677 2083 719 2106 ne
734 2077 905 2106 (eternum
921 2077 1125 2115 susciperet,
1148 2074 1208 2105 sed
1223 2075 1258 2105 in
1286 2073 1433 2104 contem·

109 2119 272 2159 platione
288 2122 368 2151 vitre
380 2129 444 2160 per
457 2123 623 2152 virtutem
649 2124 736 2153 acta>
760 2121 965 2153 desiderium
981 2123 1110 2152 ntari'tt·
1125 2121 1257 2152 solatiis
1285 2119 1433 2151 honestis

118 2165 295 2197 toleraret.
323 2166 376 2197 illa
405 2170 514 2198 contra
540 2168 602 2199 sibi
631 2177 761 2209 quoque
783 2168 993 2200 destinatam
1012 2170 1157 2199 mortem
1181 2169 1341 2198 asseverat
1362 2172 1432 2196 ma-

115 2220 261 2252 numque
285 2214 484 2252 percussoris
507 2215 664 2254 exposcit.
688 2218 760 2247 tum
785 2218 900 2247 Seneca
928 2214 1037 2255 gloriae
1068 2215 1137 2255 ejus
1157 2223 1222 2245 non
1250 2214 1432 2253 adversus,

116 2310 215 2369 ¹‘aL-itti.
231 2316 253 2336 ι.
270 2311 312 2335 Sc.
325 2316 391 2341 esse,
408 2313 524 2342 passive.
539 2326 564 2330 —
579 2319 603 2338 2.
621 2314 728 2345 Alioqui
747 2315 877 2339 senecam
903 2315 930 2339 et
946 2315 1067 2345 aspicere
1089 2314 1123 2338 ab
1144 2320 1229 2344 eoque
1253 2313 1370 2343 conspici
1391 2314 1433 2338 vi·

128 2359 130 2361 .
148 2351 173 2368 Vl
189 2363 194 2368 .

147 2380 238 2404 inn.
264 2386 283 2404 i.
309 2381 388 2411 Quasi
409 2382 492 2412 dicaS,
506 2386 615 2413 aspectu
638 2386 778 2414 praesentis
797 2385 915 2414 terroris,
940 2385 1031 2410 coram
1054 2385 1247 2410 circumstante
1270 2383 1432 2409 necessitate

116 2415 176 2440 dira
190 2422 196 2440 :
209 2415 284 2446 quus
297 2422 413 2448 sensum,
424 2418 563 2449 hucusque
573 2426 736 2451 repressum,
750 2421 881 2452 maj0rem
894 2421 1008 2446 reddere
1024 2421 1139 2446 debebat
1153 2421 1331 2446 dilectissimae
1344 2417 1436 2444 uxoris
