1539 2668
556 122 592 151 A.
617 122 657 151 U.
681 121 717 150 C.
742 121 814 150 822.
839 121 876 149 A.
900 121 935 149 C.
960 119 1011 149 69.
1388 121 1453 152 313³

120 197 259 237 educta,
285 196 373 228 unde
393 195 567 228 tormentis
594 203 633 226 ac
658 194 816 225 machinis
840 194 950 225 hostes
970 192 1248 233 propulsarentur.
1275 194 1455 227 Othoniani

120 246 153 278 in
174 245 242 285 ripa
261 243 377 276 turrim
398 245 602 282 struxerant,
623 251 766 282 saxaque
782 244 814 274 et
832 242 918 273 faces
934 240 1173 281 jaculabantur.

160 295 280 324 XXXV.
296 293 334 323 Et
355 293 424 323 erat
444 291 549 322 insula
571 299 668 322 amne
687 290 813 330 medio,
835 290 868 321 in
887 299 985 330 quam
1004 288 1197 329 gladiatores
1222 288 1360 321 navibus
1379 299 1454 321 mo·-

118 339 250 378 lientes,
263 339 411 371 Germani
425 338 533 369 nando
547 337 823 379 praelabebantur.
840 346 878 369 36
893 338 975 368 sorte
989 337 1099 378 plures
1115 339 1349 376 transgressos,
1365 346 1458 370 comu

118 387 211 428 pletis
228 386 410 418 Liburnicis
428 386 451 425 ¹,
470 394 527 426 per
543 385 806 426 promptissimos
823 384 1041 425 gladiatorum
1059 387 1165 415 Macer
1182 384 1378 424 aggreditur.
1396 385 1455 416 scd

118 443 223 475 neque
240 443 278 465 ea
300 434 484 465 constantia
501 433 736 473 gladiatoribus
755 433 793 464 ad
817 433 933 473 proelia
955 440 1029 473 quae
1046 430 1223 471 militibus;
1244 440 1304 462 nec
1321 432 1459 471 perinde

118 484 269 514 nutantes
282 490 299 513 e
315 480 454 512 navibus
471 490 569 521 quam
587 481 694 513 stabili
714 480 814 519 gradu
829 489 846 511 e
864 482 932 520 ripa
949 479 1084 511 vulnera
1097 478 1290 518 dirigebant.
1304 480 1337 510 et
1350 488 1457 519 quum.

118 529 218 560 variis
232 528 470 569 trepidantium
489 528 757 561 inclinationibus
775 528 867 559 mixti
891 527 1028 568 remiges
1047 528 1366 567 propugnatoresque
1383 529 1454 559 tur*
1478 532 1481 536 ’

115 575 281 615 barentur,
305 576 434 607 desilire
456 576 490 607 in
514 576 599 608 vada
618 577 707 608 ultro
730 576 903 615 Germani,
932 577 1098 607 retentare
1122 583 1269 615 puppes,
1296 575 1454 606 scandere

115 622 222 663 foros,
245 625 301 655 aut
327 623 478 655 cominus
496 633 652 664 mergere.
676 633 750 665 quae
774 626 892 655 cuncta
917 623 951 654 in
976 622 1080 654 oculis
1095 621 1266 662 utriusque
1290 621 1458 653 exercitus

115 672 239 711 quanto
262 671 388 703 laetiora
404 671 607 712 Vitellianis,
629 673 723 704 tanto
746 671 854 703 acrius
881 669 1059 702 Othoniani
1082 678 1196 701 causas
1219 672 1458 710 auctoremque

117 717 217 749 cladis
234 717 491 750 detestabantur.

154 768 290 796 XXXVI.
316 768 352 797 Et
378 766 528 806 proelium
556 766 688 806 quidem
713 765 877 806 abreptis¹
900 774 973 805 quae
999 764 1189 805 supererant
1214 764 1353 796 navibus
1377 763 1458 803 suga.

114 812 313 852 diremptum
342 823 349 843 ε
370 818 477 844 Macer
500 813 542 845 ad
557 814 693 844 exitium
718 813 922 854 poscebatur.
942 813 1074 852 Jamque
1095 812 1301 843 vulneratum
1321 811 1454 843 eminus

114 860 226 891 lancea
243 862 368 893 strictis
385 862 501 901 gladiis
515 862 722 900 invaserant,
739 870 841 901 quum
858 860 1042 891 intercursu
1064 860 1271 891 tribunorum
1286 861 1452 892 centurio-

113 917 258 948 numque
279 910 471 949 protegitur.
495 918 556 941 nec
579 909 683 940 multo
707 911 780 948 post
799 908 979 939 Vestricius
1001 907 1166 947 Spurinna
1183 908 1275 946 jussu
1294 908 1453 947 Othonis,

112 955 224 987 relicto
246 956 417 988 Placentiae
440 956 567 988 modico
591 956 760 997 praesidio,
783 964 857 986 cum
882 955 1073 986 cohortibus
1096 954 1261 985 subvenit.
1286 954 1361 985 dein
1384 956 1454 986 Fla-

112 1001 203 1034 vium
216 1003 372 1035 Sabinum
388 1003 399 1021 ²
415 1004 583 1035 consulem
601 1003 801 1043 designatum
816 1002 902 1034 Otho
918 1006 1077 1034 rectorem
1093 1001 1193 1041 copiis
1208 1001 1315 1036 misit,
1330 1002 1454 1042 quibus-

113 1054 218 1082 Macer
232 1052 425 1091 praefuerat,
441 1052 517 1083 laeto
532 1052 634 1083 milite
649 1051 686 1082 ad
705 1051 918 1082 mutationem
936 1050 1058 1081 ducum
1071 1050 1104 1081 et
1116 1049 1254 1080 ducibus
1266 1049 1308 1080 ob
1321 1049 1456 1081 ereb-ras

113 1097 288 1129 seditiones
304 1100 371 1129 tam
389 1098 542 1130 infestam
560 1099 712 1130 militiam
730 1098 988 1138 aspernantibus.

156 1149 307 1177 XXXVII.
331 1146 466 1177 Invenio
491 1147 575 1186 apud
598 1146 758 1186 quosdam
781 1147 931 1176 auctores
955 1157 971 1172 «ι
992 1153 1112 1185 pavore
1133 1144 1208 1176 belli
1235 1153 1291 1176 seu
1318 1143 1455 1175 fastidio

115 1205 131 1217 α
149 1192 319 1233 utriusque
341 1193 519 1233 Principis,
539 1203 678 1234 quorum
696 1193 814 1233 flagitia
832 1201 868 1224 36
886 1192 1025 1224 dedecus
1042 1192 1202 1232 apertiore
1219 1191 1251 1222 in
1274 1192 1343 1223 dies
1364 1192 1454 1223 fama

118 1251 133 1266 «
152 1240 381 1279 noscebantur,
398 1240 563 1272 dubitasse
584 1241 747 1272 exercitus
770 1249 847 1271 num
869 1240 973 1280 posito
993 1240 1171 1271 certamine
1188 1239 1237 1270 vel
1256 1238 1313 1279 ipsi
1333 1238 1366 1269 in
1384 1248 1452 1271 me-

117 1300 132 1315 «
151 1287 240 1320 dium
258 1288 500 1328 consultarent,
520 1289 569 1319 vel
586 1288 713 1319 senatui
729 1288 952 1328 permitterent
971 1287 1072 1326 legere
1088 1287 1332 1326 Imperatorem.
1352 1289 1456 1326 atque

117 1347 132 1362 «
150 1344 188 1366 eo
202 1334 300 1366 duces
315 1335 517 1366 Othonianos
531 1336 671 1376 spatium
687 1344 724 1366 ac
745 1344 853 1365 moras
873 1334 1016 1365 suasisse
1029 1359 1036 1372 ,
1054 1334 1218 1374 praecisum
1235 1343 1289 1373 spe
1306 1333 1454 1372 Paulini,

117 1395 133 1410 «
151 1382 240 1422 quod
266 1382 510 1414 vetustissimus
537 1382 758 1414 consularium
785 1384 817 1414 et
844 1382 961 1413 militia
983 1381 1091 1412 clarus
1114 1381 1248 1420 gloriam
1266 1390 1456 1420 nomenque

115 1440 131 1456 οι
147 1429 337 1461 Britannicis
352 1431 616 1470 expeditionibus
632 1430 814 1462 meruisset.
832 1443 847 1457 η
866 1439 924 1469 ego
939 1431 974 1460 ut
991 1429 1206 1460 concesserim
1222 1428 1306 1468 apud
1326 1437 1452 1468 paucos

111 1476 212 1509 tacito
232 1479 310 1509 voto
330 1478 474 1518 quietem
498 1489 556 1519 pro
577 1478 740 1510 discordia
752 1503 760 1517 ,
778 1477 902 1509 'bonum
920 1478 951 1508 et
968 1477 1175 1509 innocentem
1193 1476 1372 1516 Principem
1389 1484 1452 1516 pro

111 1525 261 1564 pessimis
276 1534 313 1556 ac
328 1525 587 1566 flagitiosissimis
602 1527 798 1567 expetitum,
819 1526 863 1557 ita
880 1533 985 1565 neque
999 1525 1184 1563 Paulinum,
1199 1533 1262 1565 qua
1278 1523 1454 1564 prudentia

112 1572 175 1604 suit
187 1597 196 1612 ‚
213 1581 357 1613 sperasse
374 1574 622 1615 corruptissimo
638 1574 761 1605 saeculo
779 1575 903 1604 tantam
924 1572 1013 1612 vulgi
1032 1571 1291 1603 moderationem
1308 1580 1392 1609 reor,
1411 1574 1453 1602 ut,

111 1619 169 1660 qui
194 1629 304 1660 pacem
329 1621 404 1652 belli
431 1630 539 1654 amore
562 1622 793 1661 turbaverant,
821 1621 940 1652 bellum
965 1620 1054 1661 pacis
1071 1620 1206 1651 caritate
1224 1619 1423 1658 deponerent
1438 1630 1452 1657 ;

111 1676 216 1708 neque
236 1670 292 1700 aut
308 1670 470 1701 exercitus
484 1669 603 1710 linguis
623 1669 836 1710 moribusque
855 1668 1006 1699 dissonos
1024 1668 1057 1698 in
1076 1667 1164 1698 hunc
1178 1672 1371 1698 consensum
1389 1675 1451 1706 po-

111 1713 212 1746 tuisse
224 1716 422 1756 coalescere,
437 1718 494 1748 aut
507 1717 629 1756 legatos
643 1725 681 1747 ac
696 1715 798 1747 duces
810 1740 820 1755 ,
838 1724 954 1755 magna
974 1724 1011 1746 ex
1032 1716 1123 1755 parte
1138 1714 1237 1745 luxus
1248 1738 1256 1753 ,
1275 1713 1451 1753 egestatis,

112 1762 269 1794 scelerum
293 1763 352 1793 sibi
373 1763 544 1803 conscios,
565 1763 628 1794 nisi
648 1763 810 1803 pollutum
835 1761 1099 1802 obstrictumque
1120 1761 1246 1793 meritis
1267 1761 1334 1792 suis
1356 1759 1451 1791 Prin-

112 1809 215 1849 cipem
235 1818 400 1849 passuros.
1485 1840 1487 1842 .

153 1860 319 1888 XXXVIII.
338 1858 439 1888 Vetus
452 1866 489 1888 ac
508 1857 575 1896 jam
596 1857 720 1896 pridem
738 1857 836 1888 insita
854 1856 1046 1887 mortalibus
1060 1855 1217 1895 potentiae
1234 1854 1354 1895 cupido
1371 1863 1450 1885 cum

112 1902 240 1944 imperii
262 1904 485 1944 magnitudine
508 1904 652 1936 adolevit
674 1905 858 1945 erupitque.
877 1912 953 1934 nam
980 1902 1075 1933 rebus
1100 1902 1254 1933 modicis¹
1276 1902 1452 1942 [equalitas

111 1953 205 1985 facile
219 1954 398 1986 habebatur
412 1964 420 1985 :
434 1954 489 1986 sed
505 1955 560 1986 ubi
574 1954 708 1986 subacto
722 1955 800 1986 orbe
813 1956 844 1985 et
856 1953 982 1984 aemulis
999 1951 1133 1984 urbibus
1147 1951 1316 1992 regibusve
1329 1952 1451 1984 excisis

110 2009 240 2034 securas
262 2011 339 2043 opes
357 2002 587 2043 concupiscere
603 2011 743 2034 vacuum
761 2001 771 2020 ²
793 2002 873 2040 t'uit,
895 1999 999 2041 prima
1022 1999 1106 2031 inter
1125 2003 1234 2031 Patres
1254 1999 1452 2039 plebemque

111 2050 289 2082 certamina
306 2059 462 2082 exarsere.
486 2050 584 2082 modo
607 2049 786 2081 turbulenti
808 2047 955 2087 tribuni,
974 2048 1071 2078 modo
1093 2047 1241 2079 consules
1258 2047 1450 2087 praevalidi,

58 2107 61 2111 ·
110 2097 143 2129 et
165 2098 199 2129 in
224 2098 309 2130 Urbe
326 2107 364 2129 ac
383 2099 454 2130 foro
470 2099 671 2130 tentamenta
694 2097 841 2128 civilium
864 2094 1061 2127 bellorum³.
1080 2104 1158 2126 mox
1182 2103 1200 2126 e
1221 2094 1312 2134 plebe
1332 2094 1449 2125 infima

111 2147 146 2177 C.
161 2146 281 2178 Marius
296 2148 328 2178 et
343 2146 498 2178 nobilium
516 2146 716 2178 saevissimus
733 2149 766 2177 L.
786 2144 871 2177 Sulla
885 2144 1005 2175 victam
1019 2143 1118 2175 armis
1133 2142 1317 2174 libertatem
1333 2142 1366 2173 in
1383 2142 1446 2173 do-

141 2214 248 2239 XXXV.
263 2221 280 2239 1.
297 2217 410 2240 Navium
425 2216 452 2240 id
465 2222 560 2247 genuS,
576 2223 591 2241 a
602 2216 727 2241 Liburnis
742 2214 853 2244 Illyrico
866 2213 975 2245 populo,
992 2214 1055 2244 post
1070 2214 1223 2243 Augustum
1234 2211 1447 2238 usitatissimum

111 2246 140 2272 ln
153 2249 283 2274 classibus
296 2252 432 2275 Romanis.

141 2284 232 2309 XXVI.
248 2291 270 2309 ι.
285 2287 390 2315 Raptim
404 2287 597 2311 abductis—2.
614 2287 702 2311 Alium
716 2291 748 2310 ac
763 2287 876 2310 fratrem
890 2285 1055 2315 vespasiani,
1068 2283 1225 2314 praerectum
1236 2282 1310 2311 Urbi,
1326 2283 1345 2310 l,
1357 2287 1395 2307 w.

141 2321 288 2344 xxxvm.
301 2326 323 2345 ι.
337 2323 432 2346 Βοωεε.
443 2334 470 2340 -
482 2328 504 2346 2.
519 2323 622 2352 Cuique
640 2322 770 2351 liberum;
784 2327 865 2351 quum
883 2321 968 2344 ottum
982 2322 1054 2344 esset
1074 2319 1107 2343 ab
1122 2320 1234 2343 externa
1254 2319 1290 2341 vi.
1305 2318 1387 2342 Plane
1401 2318 1445 2341 ita-,³

111 2355 287 2380 Sallustiusin
300 2357 438 2382 Historiis
450 2364 459 2379 :
473 2359 628 2388 Postquam
646 2359 753 2382 remoto
771 2359 847 2381 metu
862 2357 972 2381 Punico
988 2355 1150 2381 simultates
1165 2360 1298 2378 exercere
1314 2358 1445 2378 vacuum

105 2389 239 2418 ,suia—5.
255 2391 294 2415 De
305 2392 485 2417 seditionibus
495 2394 695 2420 Gracchorum;
709 2393 780 2417 cont.
791 2391 885 2416 Vellei.
900 2393 956 2417 Pat.
973 2391 1006 2422 ll,
1021 2397 1044 2415 5.
