1539 2668
504 176 542 205 A.
565 175 603 205 U.
628 176 662 204 C.
688 175 760 204 818.
786 176 822 204 AV.
847 176 886 205 C.
905 175 958 204 δῦ.
1337 176 1396 205 255

68 263 90 287 α
109 253 250 286 tribuno
265 251 386 283 dixere.
404 249 456 282 ille
469 248 550 280 ninii
563 248 750 280 demoratus
762 249 909 290 exsurgit
919 273 928 289 ‚
945 249 982 281 etv
995 248 1106 280 omnia
1117 248 1212 280 simul
1228 257 1398 290 properan-

68 303 123 332 tur
143 310 150 332 :
168 300 327 332 clauditur
343 297 509 336 cubiculo,
536 298 654 336 praesto
668 298 717 328 est
734 296 897 338 medicus,
912 295 1147 328 abscinduntur
1158 305 1260 335 venae,
1286 298 1403 337 vigens

66 349 173 381 adhuc
190 347 302 378 balneo
318 346 466 383 infertur,
484 344 586 376 calida
602 353 685 384 aqua
701 347 871 384 mersatur,
886 344 973 375 nulla
985 343 1070 375 edita
1087 352 1167 374 voce
1179 368 1187 382 ,
1217 353 1281 383 qua
1296 346 1398 377 semet

69 398 284 428 miseraretur.
304 392 493 424 circumdati
506 392 633 423 interim
654 392 803 424 custodia
816 391 872 432 qui
886 392 982 424 simul
999 391 1244 431 discubuerant,
1261 400 1321 423 nec
1336 392 1400 424 nisi

69 445 222 487 provecta
238 443 331 473 noete
346 440 457 472 omissi
473 439 586 479 sunt²‚
602 443 773 481 postquam
792 449 944 480 pavorem
958 448 1070 472 eorum
1084 448 1123 471 ex
1137 448 1250 471 mensa
1262 441 1400 472 exitium

69 490 302 533 opperientium
317 490 349 520 et
366 488 558 528 imaginatus
573 489 606 520 et
631 488 768 520 irridens
781 492 864 520 Nero
876 489 961 520 satis
985 487 1146 529 supplicii
1161 487 1264 519 luisse
1277 487 1323 520 ait
1336 495 1400 528 pro

68 539 178 580 epulis
196 535 446 569 consularibus.

114 590 200 617 LXX.
224 585 303 615 Exin
324 587 365 614 M
394 583 504 614 Annaei
530 582 650 615 Lucani
671 582 793 614 caedem
810 582 961 623 imperat.
986 582 1013 613 is
1029 581 1206 622 profluente
1222 582 1398 623 sanguine,

69 634 123 666 ubi
141 633 306 672 frigescere
332 630 429 672 pedes
459 639 640 671 manusque
656 633 689 661 et
708 630 875 671 paullatim
889 629 928 661 ab
951 629 1103 661 extremis
1121 630 1235 661 cedere
1249 630 1399 670 spiritum

69 679 192 714 fervido
207 678 314 710 adhue
333 681 364 709 et
379 679 527 718 compote
542 679 659 710 mentis
674 680 803 718 pectore
826 677 994 716 intelligit,
1022 676 1205 709 recordatus
1232 685 1361 709 carmen
1382 684 1401 707 a

68 741 103 764 se
119 731 334 770 compositum
348 752 356 766 ‚
377 737 442 768 quo
460 727 664 759 vulneratum
685 727 820 759 militem
839 736 894 768 per
912 727 1070 767 ejusmodi
1087 727 1202 758 mortis
1228 727 1399 766 imaginem

68 778 184 811 obiisse
199 775 393 814 tradiderat,
418 783 530 806 versus
547 775 632 814 ipsos
652 775 762 806 retulit
780 775 806 815 ¹,
829 783 930 815 eaque
948 774 994 806 illi
1018 783 1171 815 suprema
1183 783 1249 805 vox
1261 774 1330 805 fuit.
1347 776 1400 805 Se·

70 826 160 858 uecio
177 824 308 864 posthac
324 824 356 854 et
372 822 567 862 Quintianus
585 823 618 853 et
631 822 798 853 Scaevinus
812 831 876 853 non
891 831 930 853 ex
943 822 1048 862 priore
1062 823 1138 852 Vitae
1156 821 1308 862 mollitia,
1323 830 1401 853 mox

68 872 182 912 reliqui
197 870 437 908 conjuratorum
456 869 578 910 periere
593 869 682 900 nullo
700 870 785 900 sacto
800 868 928 900 dictove
942 869 1160 900 memorendo⁴

110 922 213 952 LXXI.
239 917 298 949 Sed
315 916 469 957 compleri
488 916 617 947 interim
632 915 716 948 Urbs
735 915 921 955 funeribus,
939 915 1131 955 Capitolium
1145 916 1303 955 victimis,
1321 915 1401 948 alius

72 967 153 1006 filio,
173 966 270 996 fratre
288 964 368 995 alius
384 965 440 995 aut
456 964 638 1004 propinquo
665 966 721 994 aut
748 962 853 994 amico
879 962 1056 995 intersectis
1075 972 1167 1003 agere
1188 966 1292 1003 grates
1310 964 1379 996 deis
1392 988 1401 1004 ‚

71 1022 185 1048 ornare
202 1014 293 1044 lauru
311 1011 443 1043 domum
456 1036 464 1051 ,
484 1020 587 1051 genua
603 1011 706 1052 ipsius
723 1010 729 1027 ¹
752 1010 881 1041 advolvi
899 1013 931 1042 et
952 1010 1099 1042 dextram
1114 1011 1234 1041 osculis
1254 1011 1399 1051 fatigare.

69 1065 166 1102 atque
183 1061 234 1092 ille
252 1059 404 1100 gaudium
419 1057 448 1089 id
467 1059 600 1090 credens
619 1057 749 1090 Antonii
765 1058 887 1089 Natalis
903 1060 936 1090 et
949 1058 1093 1089 Cervarii
1110 1058 1235 1089 Proculi
1252 1058 1402 1091 festinata

69 1108 187 1141 indicia
204 1107 393 1146 impunitate
409 1107 654 1145 remuneratur;
672 1105 821 1137 Milichus
839 1105 983 1146 praemiis
1005 1105 1124 1136 ditatus
1152 1107 1404 1138 conservatoris

70 1156 131 1189 sibi
148 1163 264 1186 nomen
277 1178 285 1192 ,
303 1158 412 1185 Graeco
431 1152 500 1192 ejus
518 1153 563 1184 rei
583 1153 742 1184 vocabulo
755 1152 781 1191 ²,
804 1152 991 1193 assumpsit.
1010 1161 1027 1183 e
1043 1153 1183 1184 tribunis
1202 1153 1322 1185 Gavius
1345 1153 1402 1186 Sil-

72 1212 174 1235 vanus
199 1200 348 1242 quamvis
369 1200 535 1231 absolutus
557 1209 614 1231 sua
640 1209 737 1231 manu
755 1199 893 1239 cecidit;
915 1200 1035 1231 Statius
1056 1200 1224 1240 proximus
1252 1201 1380 1232 veniam
1395 1226 1403 1242 ‚

72 1259 169 1291 quam
185 1249 225 1280 ab
243 1249 440 1287 Imperatore
455 1250 636 1287 acceperat,
664 1247 807 1278 vanitate
830 1247 936 1278 exitus
954 1246 964 1264 ³
993 1247 1147 1287 corrupit.
1176 1249 1270 1279 Exuti
1287 1248 1406 1280 dehinc

71 1298 239 1331 tribunatu
260 1295 430 1335 Pompeius
443 1320 452 1335 ,
476 1294 642 1326 Cornelius
668 1294 843 1333 Martialis,
864 1294 992 1325 Flavius
1012 1299 1117 1336 Nepos
1130 1320 1138 1335 ,
1160 1296 1282 1327 Statius
1299 1296 1404 1327 Domi·

71 1346 136 1379 tius
149 1369 157 1385 ‚
177 1345 276 1385 quast
294 1344 490 1382 Principem
510 1350 575 1373 non
602 1341 739 1382 quidem
761 1341 929 1381 odissent,
952 1341 1013 1373 sed
1030 1344 1144 1374 tamen
1159 1345 1403 1376 existimaren-

74 1394 144 1424 ίιιν.
169 1391 272 1423 Novio
287 1390 396 1421 Prisco
413 1398 468 1429 per
485 1389 663 1421 amicitiam
680 1393 807 1421 Senecae
824 1392 855 1420 et
869 1389 965 1421 Glitio
984 1390 1071 1421 Gallo
1095 1392 1193 1430 atque
1218 1390 1321 1422 Annio
1336 1393 1403 1424 Pol-

70 1438 149 1471 lioni
169 1437 329 1469 infamatis
351 1436 452 1472 magis
466 1445 563 1478 quam
582 1436 743 1468 convictis
766 1436 842 1468 data
859 1437 985 1468 exsilia.
1013 1437 1159 1469 Priscum
1183 1440 1321 1470 Antonia
1338 1439 1405 1470 Fla-

73 1487 143 1518 cilla
156 1485 274 1524 conjux
289 1484 442 1515 comitata
456 1486 524 1524 est,
544 1484 668 1516 Gallum
693 1485 824 1524 Egnatia
849 1484 1024 1516 Maximilla
1039 1509 1046 1524 ,
1074 1485 1198 1525 magnis
1216 1486 1355 1526 primum
1373 1489 1404 1518 et

73 1533 206 1573 integris
237 1531 352 1572 opibus
365 1556 373 1570 ‚
406 1532 479 1572 post
501 1531 658 1572 ademptis
681 1540 688 1561 τ
713 1541 785 1572 quae
813 1533 950 1572 utraque
983 1532 1116 1572 gloriam
1146 1534 1215 1573 ejus
1231 1533 1239 1550 ⁴
1273 1543 1402 1567 auxere.

73 1580 205 1613 Pellitur
227 1581 260 1611 et
277 1579 389 1610 Rufius
411 1578 576 1619 Crispinus
596 1579 766 1611 occasione
783 1578 1014 1619 conjurationis
1028 1603 1037 1619 ,
1055 1580 1110 1611 sed
1129 1580 1248 1611 Neroni
1266 1580 1403 1623 invisus,

75 1628 160 1669 quod
176 1632 344 1668 Poppwam
359 1626 521 1666 quondam
547 1627 754 1659 matrimonio
769 1628 918 1659 tenuerat
934 1627 958 1658 ⁵.
976 1627 1163 1668 Verginium
1182 1628 1316 1660 Flavum
1332 1629 1344 1647 ⁶
1372 1631 1405 1663 et

72 1675 254 1708 Musonium
270 1674 390 1706 Rufum
406 1673 415 1691 ⁷
435 1673 592 1706 claritudo
609 1675 750 1706 nominis
770 1674 892 1716 expulit
911 1685 917 1706 :
939 1684 1015 1707 nam
1028 1675 1199 1715 Verginius
1221 1676 1328 1708 studia
1351 1678 1403 1717 ju-

72 1732 192 1755 venum
217 1722 399 1762 eloquentia
411 1745 420 1760 ,
449 1723 617 1754 Musonius
650 1722 818 1763 praeceptis
844 1723 1013 1764 sapientiae
1047 1722 1187 1754 fovebat.
1214 1723 1404 1756 Cluvidieno

75 1771 210 1810 Quieto,
232 1769 315 1801 Julio
344 1769 512 1810 Agrippae,
534 1770 628 1802 Blitio
653 1771 821 1810 Catulino,
848 1770 997 1802 Petronio
1022 1770 1148 1811 pris-00,
1172 1770 1256 1803 Julio
1274 1771 1401 1811 Altino,

75 1817 166 1849 velut
186 1816 216 1847 in
237 1825 350 1855 agmen
366 1818 398 1848 et
413 1825 606 1856 numerum,
635 1817 727 1856 AEgaei
753 1818 852 1849 maris
872 1817 986 1849 insulae
1010 1818 1256 1858 permittuntur.
1284 1820 1325 1851 At
1349 1822 1405 1851 Ca-

76 1864 160 1896 dicia
175 1873 254 1895 uxor
269 1863 405 1894 Scaevini
423 1866 455 1894 et
471 1864 636 1894 Caesonius
662 1866 824 1895 Maximus
836 1864 846 1881 Β
865 1864 957 1896 ltalia
970 1865 1197 1906 prohibentur,
1219 1875 1290 1898 reos
1306 1866 1404 1899 fuisse

106 1951 184 1975 Lxx.
203 1956 221 1974 ι.
237 1951 265 1974 ln
280 1949 427 1978 Pharsalia,
439 1949 485 1978 Ill,
503 1954 627 1979 czasqq,
643 1949 677 1973 de
693 1949 794 1979 Lycida
809 1955 816 1973 τ

224 2002 361 2026 Scinditur
375 2001 497 2029 avulsus;
511 2007 563 2025 nec
574 2001 646 2025 sicut
663 2001 775 2025 vulnere
791 2002 903 2032 sanguis

225 2038 342 2062 Emicuit
352 2037 442 2060 lentus
457 2043 463 2060 :
476 2038 565 2066 ruptis
579 2038 652 2061 cadit
667 2036 788 2067 undique
798 2038 884 2066 venis,

227 2074 423 2102 Discursusque
437 2073 533 2097 animae
544 2073 652 2097 diversa
666 2074 693 2098 in
708 2073 829 2097 membra
840 2074 958 2098 meantis

228 2109 399 2138 Interceptus
412 2108 487 2137 aquis
507 2107 611 2132 Nullius
624 2108 680 2133 vita
695 2109 830 2139 perempti

227 2145 273 2168 Est
283 2145 359 2168 tanta
370 2144 481 2167 dimissa
494 2145 538 2168 via
556 2149 563 2167 .·
576 2150 640 2174 pars
654 2144 750 2169 ultima
765 2144 857 2168 trunci

227 2179 349 2203 Tradidit
360 2181 387 2203 in
397 2180 482 2203 letum
494 2185 596 2204 vacuos
614 2180 740 2204 vitalibus
753 2181 828 2204 artus
839 2187 846 2204 t

229 2215 263 2238 At
277 2215 396 2238 tumidus
408 2221 460 2244 qua
473 2216 566 2245 pulmo
578 2216 662 2246 jacet,
673 2222 724 2246 qua
740 2216 844 2240 viscera
854 2214 978 2244 fervent,

227 2250 371 2274 Haeserunt
384 2250 421 2274 ihi
434 2250 489 2274 fana
500 2251 562 2274 diu:
577 2251 735 2282 luctataque
749 2251 862 2275 multum

228 2284 285 2308 nac
300 2290 359 2309 cum
374 2287 451 2315 parte
464 2286 515 2310 viri
527 2286 570 2310 vix
589 2287 676 2311 omnia
691 2287 812 2311 membra
827 2286 957 2311 tulerunt.

113 2335 206 2360 LXXI.
221 2341 241 2360 ι.
257 2337 377 2362 Neronis.
391 2338 465 2363 conf.
475 2345 557 2369 supra
571 2339 605 2363 ad
617 2339 635 2367 l,
647 2345 713 2364 ¹5.-
723 2344 744 2363 2.
759 2336 966 2376 Σωτῆρος-5.
982 2340 1071 2364 Morte
1082 2345 1131 2370 per
1143 2339 1291 2364 vanitatem
1303 2341 1330 2364 et
1344 2345 1402 2365 am-

83 2371 213 2396 bitionem
224 2373 397 2401 quaesita-⁴.
413 2374 572 2398 Maximillae,
595 2375 731 2405 Utraque,
747 2382 822 2400 amor
835 2377 898 2405 viri,
914 2376 1010 2400 deinde
1022 2375 1201 2399 infortunium
1215 2375 1401 2405 adempturum

84 2411 172 2434 opum.
184 2419 211 2424 —
222 2412 244 2431 5.
262 2408 338 2432 ConL
348 2409 419 2439 XIII,
433 2415 469 2434 45.
479 2423 500 2426 —
519 2415 543 2433 e.
559 2410 712 2439 Rhetorcm,
728 2413 921 2441 praeceptorem
935 2411 1018 2436 Persii
1035 2412 1162 2441 poetae.—
1175 2416 1197 2435 7.
1212 2410 1401 2442 Philosophum

84 2441 212 2473 Stoicum,
226 2444 301 2473 cujus
313 2445 473 2474 scriptorum
486 2446 624 2476 particulae
637 2449 792 2477 supersunt.
801 2453 848 2472 -ε,
867 2448 975 2473 Amicus
987 2448 1106 2473 senecae.
