1539 2668
529 153 615 183 AJJ-
636 152 672 182 C.
696 151 769 181 823.
793 152 829 181 A.
852 152 887 181 C.
908 152 960 181 70.
1356 151 1418 181 417

98 230 192 262 ceteri
217 228 421 261 miseratione
444 235 481 259 ac
505 226 599 258 donis
620 226 739 258 auxilia
762 227 936 259 concibant
960 225 1045 257 inter
1069 226 1179 265 gentes
1204 224 1421 264 periculorum

99 277 222 309 avidas.

140 328 203 355 XX.
227 326 432 363 Tantumque
450 322 526 353 belli
542 321 704 362 superfuit
721 323 758 352 ut
775 321 925 362 praesidia
941 319 1125 351 cohortium
1138 343 1147 358 ,
1164 319 1306 357 alarum,
1323 319 1422 358 legio-

98 378 176 401 num
193 380 257 402 uno
272 371 324 402 die
337 369 446 402 Civilis
461 369 699 408 quadripartito
714 369 890 407 invaserit,
908 367 1079 398 decumam
1094 366 1252 405 legionem
1268 366 1423 405 Arenaci,

98 419 273 449 secundam
290 415 496 454 Batavoduri,
512 418 545 446 et
558 416 692 446 Grinnes
706 416 893 456 Vadamque
909 414 1093 446 cohortium
1107 413 1294 452 alarumque
1308 416 1422 454 castra,

98 463 144 494 ita
165 464 277 495 divisis
295 463 397 503 copiis
415 464 451 493 ut
470 462 539 502 ipse
563 465 595 494 et
612 466 734 502 Verax,
755 472 865 494 sorore
890 463 960 502 ejus
979 461 1107 501 genitus
1120 484 1128 499 ,
1147 459 1370 499 Classicusque
1386 468 1424 491 ac

99 512 200 542 Tutor
215 520 307 542 suam
324 510 463 550 quisque
479 518 612 540 manum
636 510 818 548 tralierent;
837 518 896 540 nec
922 509 1030 539 omnia
1046 507 1193 548 patrandi
1211 506 1328 537 fiducia
1340 531 1349 545 ‚
1369 504 1424 537 sed

98 558 214 589 multa
233 559 327 589 ausis
341 558 514 597 aliquam
529 558 632 597 parte
643 556 834 595 fortunam
852 556 988 596 affor&
1004 555 1109 586 simul
1128 555 1300 585 Cerialem
1316 562 1426 594 neque

98 606 185 635 satis
206 607 371 644 cautum,
397 606 430 635 et
442 603 608 644 pluribus
628 605 765 634 mcntiis
786 603 854 634 leuc
877 604 964 634 illuc
986 603 1186 634 cursantem
1197 609 1296 640 posse
1312 600 1427 631 medio

98 651 272 691 intercipi.
293 651 409 691 quibus
426 651 644 682 obvenerant¹
666 653 772 681 castra
791 651 1069 688 decumanorum,
1090 648 1363 688 oppugnationem
1384 647 1428 679 le-

97 697 201 735 gionis
223 698 357 729 arduam
381 698 462 737 rati,
489 706 655 737 egressum
679 698 815 728 militem
840 699 872 728 et
898 696 1062 728 caedendis
1089 694 1234 726 materiis
1256 696 1426 735 operatum

99 745 269 777 turbavere
279 769 287 784 ,
302 745 409 776 occiso
423 745 577 784 praefecto
591 746 771 775 castrorum
785 747 817 775 et
830 745 974 784 quinque
988 743 1184 784 primoribus
1200 742 1426 772 centurionum

99 793 271 832 paucisque
289 792 457 823 militibus.
474 792 571 823 ceteri
587 800 620 822 se
638 792 847 823 munimentis
865 791 1048 822 defendere.
1064 793 1095 821 et
1108 789 1237 820 interim
1253 792 1427 819 Germano-

98 847 172 869 rum
184 848 298 870 manus
316 839 508 870 Batavoduri
522 838 759 878 interrumpere
771 838 782 856 ²
799 838 987 869 inchoatum
1005 839 1137 878 pontem
1150 836 1347 867 nitebantur.
1359 843 1426 866 am-

99 882 232 923 biguum
246 886 394 926 proelium
409 895 471 916 nox
489 885 632 916 diremit.

140 935 219 963 XXI.
244 932 317 963 Plus
334 932 527 963 discriminis
543 931 630 972 apud
648 931 785 963 Grinnes
798 931 996 971 Vadamque.
1012 930 1133 961 Vadam
1148 930 1260 961 Civilis
1271 954 1279 969 ‚
1294 931 1430 962 Grinnes

100 977 259 1010 Classicus
273 979 513 1019 oppugnabant.
530 988 589 1010 nec
605 979 677 1010 sisti
693 980 840 1019 poterant
854 979 1022 1009 interfecto
1040 978 1215 1008 fortissimo
1233 985 1379 1017 quoque;
1394 977 1426 1007 in

100 1029 171 1068 quis
187 1028 386 1067 Briganticus
403 1029 576 1068 praefectus
598 1029 658 1060 alae
683 1028 863 1066 ceciderat,
882 1036 980 1067 quem
998 1027 1097 1057 fidum
1118 1027 1269 1058 Romanis
1286 1028 1316 1057 et
1333 1026 1427 1057 Civili

100 1075 261 1105 avunculo
278 1075 439 1105 infensum
454 1075 596 1105 diximus
613 1076 635 1106 ¹.
652 1075 707 1106 sed
723 1075 777 1105 ubi
793 1074 925 1105 Cerialis
942 1083 1015 1105 cum
1033 1074 1157 1104 delecta
1170 1074 1316 1113 equitum
1330 1082 1428 1104 manu

99 1120 269 1160 subvenit,
291 1130 385 1152 versa
410 1122 540 1153 fortuna
565 1122 748 1162 praecipites
770 1122 918 1153 Germani
942 1121 974 1151 in
997 1130 1126 1152 amnem
1149 1122 1299 1160 aguntur.
1316 1120 1429 1153 Civilis

100 1167 178 1199 dum
204 1168 363 1207 fugientes
386 1170 542 1207 retentat,
561 1170 688 1208 agnitus
713 1173 895 1209 petitusque
911 1169 983 1199 telis
1007 1169 1117 1199 relicto
1140 1177 1223 1207 equo
1239 1167 1425 1198 tranatavit.

98 1214 184 1246 idem
199 1216 329 1246 veracis
347 1216 511 1255 effugium.
528 1219 682 1247 Tutorem
699 1216 942 1256 Classicumque
957 1215 1098 1255 appulsae
1115 1215 1225 1246 lintres
1241 1223 1368 1246 vexere.
1387 1223 1430 1247 ne

98 1263 169 1292 tum
187 1262 318 1302 quidem
339 1267 484 1294 Romana
502 1263 610 1294 classis
632 1272 747 1303 pugnae
764 1262 859 1293 affuit
871 1287 879 1301 ‚
903 1264 941 1294 ut
959 1263 1086 1301 jussum
1104 1264 1173 1293 erat
1190 1272 1197 1292 :
1222 1261 1278 1293 sed
1301 1261 1429 1294 obstitit

98 1309 237 1340 formido
259 1313 291 1340 et
312 1310 445 1349 remiges
462 1319 519 1349 per
539 1310 602 1341 alia
619 1311 742 1341 militiae
764 1310 874 1340 munia
897 1309 1044 1348 dispersi.
1069 1317 1145 1339 sane
1163 1309 1295 1340 Cerialis
1311 1318 1426 1349 parum

98 1356 254 1396 tempor-is
275 1356 313 1387 ad
346 1357 552 1396 exsequenda
576 1357 713 1397 imperia
737 1357 852 1394 dabat,
881 1356 1010 1386 subitus
1035 1355 1197 1394 consiliis,
1225 1356 1280 1386 sed
1308 1357 1428 1387 eventu

98 1403 215 1434 clarus.
234 1403 344 1434 aderat
366 1404 493 1435 fortuna
515 1404 614 1435 etiam
640 1404 696 1435 ubi
720 1406 805 1435 artes
829 1403 1016 1434 defuissent.
1040 1402 1114 1433 binc
1130 1403 1190 1442 ipsi
1207 1403 1432 1443 exercituique

98 1450 206 1480 minor
221 1459 298 1481 cura
310 1451 500 1490 disciplinae.
517 1453 549 1482 et
564 1460 683 1492 paucos
697 1452 769 1491 post
783 1450 851 1482 dies
861 1474 871 1489 ,
888 1458 1084 1490 quamquam
1099 1450 1276 1489 periculum
1290 1450 1428 1490 eaptivi-

98 1497 175 1528 tatis
191 1497 343 1528 evasisset
358 1522 365 1536 ,
384 1498 551 1528 infamiam
568 1508 633 1529 non
649 1498 779 1528 vitavit.

140 1547 234 1574 XXII.
258 1544 423 1575 Profectus
445 1545 620 1575 Novesium
638 1549 847 1584 Bonnamque
870 1544 909 1575 ad
930 1544 1063 1575 visenda
1080 1545 1186 1574 castra
1207 1552 1280 1583 quae
1302 1544 1428 1575 hiema-

98 1590 181 1621 turis
207 1591 384 1630 legionibus
408 1591 635 1631 erigebantur,
653 1592 791 1622 navibus
809 1591 994 1630 remeabat,
1016 1591 1149 1630 disjecto
1167 1591 1311 1630 agmine,
1335 1591 1428 1622 incu-

98 1637 192 1668 riosis
205 1638 332 1677 vigiliis.
354 1638 615 1669 animadversum
632 1638 665 1669 id
682 1638 870 1677 Germanis;
890 1640 921 1669 et
938 1637 1071 1669 insidias
1089 1646 1309 1677 composuere.
1327 1638 1430 1670 electa

98 1692 161 1714 nox
183 1686 253 1715 atra
271 1685 429 1723 nubibus;
448 1688 479 1716 et
496 1695 599 1725 prono
616 1694 710 1717 amne
727 1686 830 1725 rapti,
848 1686 937 1716 nullo
954 1685 1143 1725 probibente
1161 1685 1281 1715 vallum
1300 1685 1428 1716 ineunt.

98 1730 205 1770 prima
217 1730 321 1761 caedes
338 1735 407 1761 astu
426 1732 535 1770 adjuta
553 1742 560 1762 :
580 1733 688 1763 incisis
703 1732 988 1763 tabernaculorum
1006 1732 1138 1763 funibus
1149 1756 1157 1770 ‚
1175 1732 1309 1763 suismet
1323 1734 1428 1763 tento-

99 1776 156 1807 riis
171 1778 338 1816 coopertos
352 1778 568 1809 trucidabant.
586 1779 672 1809 aliud
689 1787 802 1818 agmen
820 1779 952 1809 turbare
970 1779 1126 1816 classem,
1146 1779 1279 1817 injicere
1296 1778 1404 1809 vincla
1416 1802 1425 1818 ‚

99 1824 227 1855 trabere
246 1832 380 1863 puppes.
405 1828 505 1864 utque
527 1825 564 1855 ad
586 1825 762 1856 fallendum
780 1825 908 1856 silentio
924 1827 948 1864 ¹,
965 1826 1010 1856 ita
1027 1828 1132 1865 coepta
1149 1825 1254 1863 crede,
1274 1834 1338 1864 quo
1355 1825 1438 1864 plus-

98 1871 231 1902 terroris
247 1870 421 1910 adderent,
437 1873 554 1903 cuncta
567 1871 760 1902 clamoribus
775 1871 964 1902 miscebant.
982 1872 1117 1902 Romani
1131 1871 1318 1902 vulneribus
1331 1871 1428 1902 exciti

99 1920 250 1957 quaerunt
267 1926 377 1956 arma,
399 1920 498 1949 ruunt
523 1927 579 1958 per
596 1919 685 1956 vias,
710 1918 805 1958 pauci
832 1920 947 1949 ornatu
966 1919 1114 1957 militari,
1139 1918 1282 1958 plerique
1303 1919 1428 1950 circum

98 1965 233 1995 brachia
250 1965 335 1996 torta
351 1966 439 1995 veste
456 1966 488 1996 et
503 1965 625 1996 strictis
640 1964 865 1996 mucronibus.
885 1965 950 1996 dux
970 1965 1184 1996 semisomnus
1200 1973 1236 1995 ac
1257 1973 1356 2004 prope
1378 1965 1429 1996 in—

97 2013 205 2043 tectus
229 2020 336 2042 errore
357 2011 499 2042 hostium
526 2014 685 2043 servatur.
706 2021 846 2051 namque
870 2013 1055 2052 praetoriam
1076 2020 1190 2043 navem
1210 2012 1328 2042 vexillo
1348 2012 1428 2044 insi·

98 2066 191 2097 gnem
205 2082 214 2097 ,
235 2057 300 2088 illic
322 2058 459 2089 ducem²
481 2059 563 2097 rati,
584 2059 759 2099 abripiunt.
782 2059 913 2090 Cerialis
930 2059 1008 2090 alibi
1029 2062 1156 2089 noctem
1174 2061 1293 2098 egerat.
1312 2058 1427 2098 vigiles

98 2104 255 2143 flagitium
278 2113 373 2136 suum
399 2105 490 2137 ducis
516 2105 673 2137 dedecore
698 2105 918 2145 excusabant,
941 2108 1107 2146 tamquam
1121 2106 1214 2144 jussi
1239 2106 1359 2144 silere,
1385 2114 1427 2137 ne

100 2153 248 2191 quietem
264 2152 338 2191 eJ‘us
358 2152 539 2184 turbarent
548 2165 560 2191 ;
577 2154 626 2184 ita
644 2154 838 2184 intermisso
854 2152 970 2192 st9n0³
989 2156 1021 2184 et
1038 2152 1173 2184 vocibus
1189 2161 1223 2183 sc
1241 2160 1374 2192 quoque
1389 2154 1426 2183 in

99 2205 256 2229 somnum
273 2199 398 2239 lapsos.
418 2200 522 2231 multa
538 2200 611 2231 luce
628 2200 750 2231 revecti
764 2200 890 2239 hostes,
908 2199 1044 2240 captivis
1062 2199 1219 2239 navibus,
1238 2199 1424 2238 praetoriam

101 2243 263 2276 triremem
280 2245 412 2277 flumine
428 2247 530 2287 Lupia
545 2247 667 2278 donum
682 2246 810 2278 Veledae
827 2249 964 2278 traxere.

128 2323 188 2347 xx.
205 2328 225 2346 ι.
239 2324 319 2353 Quasi
334 2327 407 2349 sorte
420 2327 620 2350 evenerant—2.
634 2326 677 2350 Sic
690 2326 711 2354 I,
726 2331 763 2355 ⁷0,
779 2325 952 2356 interruptis
962 2326 1119 2356 fluminum
1128 2325 1276 2355 pontibus.

127 2358 200 2382 xxi.
214 2364 234 2381 ι.
250 2361 582 2389 supralv.⁷o;et11,22.

129 2393 213 2417 xxii.
231 2398 251 2417 ι.
265 2394 328 2418 Scit.
343 2396 526 2425 agebant.---2.
540 2398 582 2421 Sc.
600 2402 722 2421 csse-5.
735 2397 874 2425 Bueeinae‚·
890 2397 1015 2421 conteras
1030 2397 1106 2421 Ann-
1125 2397 1141 2424 I,
1158 2401 1202 2424 cs:
1216 2396 1272 2425 XV,
1285 2400 1320 2419 so-

1196 2435 1258 2470 18.
