1539 2668
461 160 501 194 Ἀ.
526 164 564 193 U.
589 163 623 193 C.
649 163 721 193 768.
761 163 797 193 A.
822 164 857 193 C.
884 164 921 193 15
1329 165 1370 194 25

33 232 131 275 cepit.
150 231 286 264 Arminii
301 239 383 262 uxor
398 230 503 262 virilis
515 239 612 262 sexus
628 231 761 272 stirpem
779 230 882 263 edidit
904 240 911 261 :
930 229 1090 262 educatus
1110 233 1274 264 Ravennae
1286 241 1371 273 puer

32 288 99 321 quo
114 289 190 311 mox
206 278 344 310 ludibrio
356 278 562 309 conflictatus
578 277 639 318 sit,
658 278 689 308 in
706 280 851 319 tempore
867 277 1054 309 memorabo
1070 276 1094 307 ⁷.

75 330 151 359 LIX.
177 330 273 357 Fama
298 325 396 357 dediti
420 324 619 365 benigneque
639 326 765 365 excepti
789 325 925 365 Segestis
948 325 1100 364 vulgata,
1123 328 1160 356 ut
1183 326 1368 367 quibusque

33 373 155 406 bellum
174 373 286 404 invitis
303 374 360 403 aut
381 371 586 412 cupientibus
603 374 674 404 erat
688 372 694 389 ¹
711 396 720 412 ‚
739 381 796 413 spe
809 372 859 404 vel
873 372 984 404 dolore
997 371 1167 412 accipitur.
1184 373 1367 406 Arminium

33 430 132 462 super
146 420 275 452 insitam
289 419 478 451 violentiam
489 421 580 460 rapta
592 428 673 451 uxor
688 419 822 460 gravida
835 422 867 452 et
880 419 1028 459 subjecta
1043 419 1175 451 servitio
1191 421 1364 452 vecordem

33 468 149 509 agebat
163 477 170 498 :
188 466 406 507 volitabatque
422 475 478 507 per
492 467 673 499 Cheruscos
689 476 779 499 arma
798 467 831 499 in
848 468 1026 508 Segestem,
1045 475 1136 498 arma
1149 466 1182 498 in
1204 471 1366 500 Caesarem

34 523 180 557 poscens.
197 523 301 554 neque
318 513 444 554 probris
460 514 660 554 temperabat
675 513 686 531 ²
705 524 712 545 z
733 527 746 541 «
765 515 925 556 egregium
940 515 1082 555 patrem!
1101 523 1255 554 magnum
1270 516 1368 557 impe-

36 574 51 589 «
66 564 207 594 ratorem
221 565 227 592 l
257 561 372 592 sortem
394 561 575 593 exercitum
594 564 601 593 l
630 570 770 602 quorum
797 564 847 593 tot
874 570 990 593 manus
1017 570 1114 593 unam
1141 562 1367 595 mulierculam

35 620 50 635 «
66 609 242 640 avexerint.
258 608 319 640 sibi
336 608 347 626 ³
365 610 430 639 tres
444 608 585 649 legiones
597 633 606 648 ,
624 609 758 640 totidem
776 609 897 649 legatos
911 608 1133 650 procubuisse.
1150 618 1214 641 non
1229 610 1315 642 enim
1333 620 1368 644 se

33 668 50 683 «
66 656 250 697 proditione
264 665 368 696 neque
382 656 538 688 adversus
557 656 693 688 feminas
717 656 886 697 gravidas,
907 656 964 688 sed
978 657 1082 697 palam
1098 657 1252 689 adversus
1265 667 1371 691 arma-

34 716 50 731 α
66 704 115 735 tos
130 703 250 735 bellum
269 705 419 734 tractare.
442 703 530 735 cerni
547 703 654 735 adhuc
672 708 903 736 Germanorum
922 704 954 734 in
980 704 1062 735 lucis
1085 704 1176 745 signa
1198 709 1369 746 Romana,

35 763 52 779 «
67 759 140 791 quae
153 751 215 783 diis
233 751 344 791 patriis
370 751 585 791 suspenderit.
611 752 732 783 coleret
757 754 905 791 Segestes
923 751 1042 783 victam
1066 751 1169 792 ripam
1185 777 1193 792 ,
1220 752 1369 784 redderet

35 809 50 824 u
65 797 132 829 filio
152 797 371 829 sacerdotium
392 797 562 829 hominum
575 797 584 815 ⁴
608 807 615 828 :
635 802 810 830 Germanos
827 807 994 838 nunquam
1021 799 1099 830 satis
1127 801 1343 831 excusaturos
1356 824 1368 839 ,

33 857 50 872 «
67 844 153 885 quod
172 845 182 863 ⁵
212 845 296 876 inter
324 845 427 876 Albim
454 847 486 877 et
515 846 662 876 Rhenum
682 846 790 886 virgas
809 847 841 877 et
860 854 990 877 secures
1007 845 1019 863 ⁶
1039 848 1071 877 et
1089 847 1196 886 togam
1214 846 1366 878 viderint.

33 903 51 919 «
66 891 136 923 aliis
150 891 297 931 gentibus
310 891 489 931 ignorantia
503 892 627 933 imperii
641 892 774 924 Romani
790 893 954 933 inexperta
964 901 1035 924 esse
1045 893 1216 933 supplicia,
1231 893 1339 925 nescia
1353 892 1363 899 '

34 938 188 971 «tributa
206 948 212 969 :
230 948 304 979 quae
328 939 457 979 quando
476 940 647 980 exuerint,
665 940 841 980 irritosque
858 940 1040 971 discesserit
1062 940 1114 971 ille
1136 940 1218 971 inter
1231 940 1368 972 numina

33 997 52 1013 α
65 985 190 1017 dicatus
205 989 377 1026 Augustus,
393 987 444 1018 ille
461 986 606 1019 delectus
620 987 781 1026 Tiberius,
798 996 837 1018 ne
851 987 1038 1028 imperitum
1049 987 1324 1019 adolescentulum
1338 987 1366 1027 ⁸,

32 1045 49 1061 «
65 1041 105 1065 ne
121 1033 311 1065 seditiosum
325 1034 502 1066 exercitum
522 1037 739 1076 pavescerent.
759 1034 785 1066 si
801 1035 950 1075 patriam,
967 1038 1127 1075 parentes,
1144 1035 1276 1075 antiqua
1290 1036 1368 1066 mal-

34 1092 49 1107 «
65 1080 132 1112 lent
145 1089 243 1121 quam
260 1081 409 1112 dominos
423 1085 454 1113 et
468 1082 613 1113 colonias
627 1091 727 1114 novas
743 1084 754 1099 ‘³
773 1106 781 1121 ,
802 1081 984 1113 Arminium
1003 1081 1131 1123 potius,
1147 1082 1255 1122 gloriae
1268 1091 1306 1114 ac
1328 1083 1370 1114 li·

32 1140 50 1155 «
64 1126 210 1166 bertatis,
228 1138 324 1168 quam
341 1131 514 1168 Segestem,
531 1129 698 1169 flagitiosae
714 1129 879 1160 servitutis
895 1129 1025 1168 ducem,
1039 1132 1260 1169 sequerentur.
1277 1143 1292 1157 n

74 1178 135 1205 LX.
158 1175 282 1206 Conciti
301 1184 357 1215 per
375 1175 525 1206 liaccmon
549 1176 645 1207 modo
663 1176 815 1207 Cherusci
829 1199 837 1214 ‚
853 1177 906 1207 sed
928 1176 1137 1207 conterminae
1159 1180 1269 1216 gentes
1281 1201 1290 1216 ,
1304 1179 1368 1209 tra-

33 1221 171 1260 ctusque
188 1221 220 1252 in
235 1225 342 1261 partes
362 1222 583 1261 Inguiomerus
598 1223 604 1239 ¹
622 1246 632 1262 ‚
646 1222 782 1253 Arminii
800 1225 952 1263 patruus,
970 1223 1070 1254 veteri
1092 1223 1179 1263 apud
1203 1227 1368 1256 Romanos

33 1268 233 1300 auctoritate.
250 1268 335 1299 unde
351 1268 452 1306 major
466 1269 582 1299 Cavsari
601 1271 727 1300 metus:
745 1271 777 1299 et
796 1277 835 1300 ne
850 1269 967 1300 bellum
990 1269 1073 1301 mole
1097 1278 1161 1300 una
1183 1270 1368 1311 ingrueret,

34 1318 193 1348 Caecinam
217 1323 292 1346 cum
317 1315 530 1355 quadraginta
556 1315 745 1346 cohortibus
771 1316 925 1347 Romanis
953 1316 1163 1347 distrahendo
1194 1317 1280 1348 hosti
1310 1326 1370 1358 per

35 1363 203 1394 Bructeros
217 1361 256 1393 ad
274 1362 393 1393 flumen
406 1362 560 1393 Amisiam
576 1362 685 1393 mittit.
702 1362 844 1402 equitem
860 1362 944 1394 Pedo
959 1363 1130 1402 praefectus
1142 1362 1153 1380 ²
1171 1362 1291 1395 sinibus
1305 1365 1370 1396 Fri-

34 1408 156 1440 siorum
174 1408 273 1440 ducit.
290 1409 357 1450 ipse
387 1409 555 1449 impositas
572 1408 708 1440 navibus
721 1411 861 1449 quatuor
877 1409 1018 1449 legiones
1042 1418 1098 1450 per
1117 1409 1206 1440 lacus
1219 1409 1230 1427 ³
1249 1411 1338 1442 vexit
1358 1421 1366 1441 :

33 1456 194 1496 simulque
211 1457 317 1496 pedes,
332 1465 442 1497 eques,
459 1457 570 1488 classis
585 1456 668 1497 apud
687 1456 878 1496 praedictum
894 1465 1021 1487 amnem
1039 1465 1231 1488 convenere.
1247 1457 1367 1490 Chauci

32 1511 136 1544 quum
157 1503 277 1534 auxilia
299 1503 548 1544 pollicerentur,
574 1504 607 1535 in
633 1504 858 1535 commilitium
875 1504 966 1535 asciti
990 1506 1075 1535 suut.
1094 1506 1285 1545 Bructeros,
1311 1513 1369 1536 sua

34 1552 182 1590 urentes,
197 1551 347 1591 expedita
363 1559 436 1582 cum
455 1560 550 1582 manu
570 1555 603 1583 L.
624 1551 797 1582 Stertinius
812 1551 913 1582 missu
933 1551 1112 1583 Germanici
1136 1551 1219 1582 fudit
1235 1561 1242 1582 ε
1263 1552 1366 1583 inter—

35 1606 98 1638 que
111 1598 233 1629 caedem
257 1601 288 1629 et
305 1598 448 1638 praedam
465 1599 603 1639 repperit
618 1597 866 1629 undevicesimae
881 1598 1014 1639 legionis
1027 1598 1167 1639 aquilam
1186 1608 1260 1630 eum
1281 1602 1366 1630 Varo

35 1644 196 1676 amissam.
214 1648 352 1676 Ductum
366 1645 439 1677 inde
452 1655 564 1686 agmen
583 1645 624 1677 ad
640 1645 774 1676 ultimos
791 1649 1029 1685 Bructerorum,
1044 1649 1267 1686 quantumque
1283 1646 1369 1677 Ami-

34 1690 115 1722 siam
141 1694 173 1724 et
198 1693 355 1733 Luppiam
373 1702 485 1724 amnes
511 1693 633 1733 inter-³,
658 1695 838 1732 vastatum,
857 1692 942 1724 baud
970 1692 1082 1733 procul
1100 1692 1369 1733 Teutoburgiensi

35 1739 118 1770 saltn
134 1762 142 1777 ,
159 1739 191 1770 in
208 1749 273 1780 quo
287 1740 431 1780 reliquiae
447 1740 518 1771 Vari
534 1739 762 1780 legionumque
778 1740 947 1780 insepultae
965 1739 1168 1771 dicebantur.
1279 1737 1282 1741 '

77 1787 157 1817 LXI.
182 1786 283 1826 Igitur
298 1787 415 1827 cupido
433 1791 591 1818 Caesarem
616 1787 741 1818 invadit
757 1786 902 1818 solvendi
929 1795 1080 1827 suprema
1098 1787 1105 1804 ¹
1135 1787 1292 1819 militibus
1309 1787 1371 1818 du-

35 1832 149 1873 cique,
163 1837 310 1873 permoto
325 1834 365 1866 ad
382 1834 622 1866 miserationem
639 1833 748 1872 omni,
770 1833 826 1874 qui
855 1833 983 1874 aderat,
1003 1834 1147 1865 exercitu
1172 1834 1214 1865 ob
1242 1834 1372 1874 propin-

35 1917 138 1941 dudum
153 1918 310 1947 subactam
331 1919 422 1948 paullo
445 1921 506 1949 post
524 1925 547 1943 c.
561 1924 591 1943 aa
609 1920 687 1943 victa
705 1919 774 1949 ripa
790 1919 898 1943 dicitur.
912 1932 940 1936 —
963 1925 984 1943 ⁷.
1007 1920 1070 1949 Quae
1092 1925 1155 1949 pars
1178 1920 1268 1949 operis
1290 1919 1372 1948 hujus

36 1953 127 1982 periit.
144 1953 282 1977 Ludibrio
294 1954 353 1978 scil.
365 1955 478 1978 fortunae
487 1973 493 1983 ,
506 1956 536 1978 ut
548 1954 663 1978 videtur.

66 1988 132 2012 LIX.
151 1993 172 2012 ι.
192 1989 212 2013 l.
226 1995 250 2013 c.
274 1990 356 2013 Prout
372 1991 471 2019 quique
497 1989 595 2013 bellum
615 1990 663 2013 aut
686 1989 818 2014 nolebant
840 1991 887 2014 aut
909 1990 1072 2019 cupiebant,
1102 1995 1256 2019 expressum
1279 1990 1373 2016 dativo

36 2023 185 2052 commodi,
205 2026 234 2048 ut
248 2025 336 2054 Agric.
354 2031 377 2048 c.
396 2031 436 2054 ia,
451 2024 554 2055 quibus
575 2024 679 2049 bellum
699 2024 858 2049 volentibus
874 2026 947 2048 erat.
968 2037 996 2041 —
1016 2029 1038 2048 2.
1057 2024 1226 2049 Abstinebat.
1240 2038 1268 2042 —
1282 2031 1303 2049 5.
1322 2027 1373 2050 Per

37 2061 80 2086 se,
98 2064 113 2083 a
129 2065 159 2083 se
173 2060 290 2089 (victas).
309 2073 335 2076 —
354 2065 376 2084 4.
391 2061 538 2089 efflat-um,
554 2060 623 2090 apud
640 2063 719 2084 Aram
734 2060 877 2089 Ubiorum,
892 2060 925 2084 de
945 2065 998 2090 quo
1013 2065 1036 2083 c.
1054 2064 1091 2083 57.
1111 2071 1138 2076 —
1152 2065 1173 2084 ες.
1192 2060 1243 2084 Per
1254 2061 1373 2090 Segestis

36 2094 145 2123 culpam
168 2096 195 2119 et
217 2095 410 2124 proditionem.
436 2109 464 2112 —
486 2101 510 2120 ε.
533 2097 603 2125 Quas
621 2096 730 2120 lictores
749 2096 955 2125 magistratuum
970 2096 1150 2119 Romanorum
1167 2095 1322 2124 gestabant.
1344 2109 1376 2114 -

37 2134 60 2153 7.
79 2130 187 2154 Passive
201 2136 207 2153 :
222 2131 323 2160 ignota.
348 2130 448 2154 Deinde
470 2131 591 2161 intellige
612 2137 617 2153 1
642 2132 669 2155 et
688 2131 814 2160 quoniam
834 2131 891 2154 haec
906 2131 1045 2159 exuerint,
1068 2130 1110 2154 his
1132 2135 1161 2154 se
1188 2129 1373 2157 liberaverint.

37 2163 161 2194 Irritus,
181 2166 276 2189 trustra
292 2166 363 2196 ipsos
376 2167 486 2190 vincere
500 2168 623 2190 conatus.
636 2179 665 2183 —
677 2172 698 2190 a.
713 2166 901 2189 Germanicum
924 2167 1010 2190 notat.
1030 2179 1057 2182 —
1079 2170 1104 2189 9.
1126 2165 1209 2190 sedes
1229 2166 1255 2190 in
1272 2167 1372 2195 Gallica

37 2200 112 2229 ripa,
125 2201 219 2230 quales
234 2201 307 2225 Ubiis
324 2203 352 2225 et
364 2201 509 2225 sicambris
529 2201 642 2225 dederat
663 2203 810 2231 Augustus,
831 2202 936 2231 segesti
959 2202 1118 2231 promiserat
1137 2202 1323 2226 Germanicus.

69 2235 122 2260 Lx.
145 2241 164 2260 ι.
187 2237 347 2261 Germanice
361 2236 517 2260 Hinkmar.
532 2250 557 2253 —-
572 2242 593 2260 2.
610 2237 707 2266 Hujus.
723 2238 752 2260 ut
769 2236 892 2266 videtur,
906 2237 1020 2261 Pedonis
1039 2237 1234 2266 (Albinovani)
1249 2242 1376 2267 superest

39 2275 152 2296 carmen
165 2271 199 2294 de
212 2272 385 2301 navigatione
398 2272 548 2296 Germanici
563 2277 610 2301 per
624 2273 749 2296 Amisiam
764 2272 790 2295 in
804 2272 953 2296 oceanum.
975 2272 1003 2296 V.
1017 2273 1054 2300 ll,
1066 2277 1095 2296 25
1111 2278 1151 2302 sq.
1164 2271 1281 2296 Finibus
1293 2273 1375 2298 ducit

40 2310 91 2334 pro
102 2311 150 2335 per
162 2306 228 2330 fines
238 2307 401 2336 (ditionem),
417 2307 546 2331 audacius
562 2307 662 2331 dictum
676 2314 755 2337 quani
767 2307 839 2337 alibi,
851 2308 943 2337 sunus
952 2308 1039 2337 porta
1057 2307 1230 2337 triumphali
1242 2308 1374 2335 ducitur.

41 2339 115 2364 infra
126 2345 151 2365 c.
163 2346 199 2369 sc,
212 2341 309 2366 littore
320 2348 378 2372 =per
389 2343 473 2367 littus}
486 2343 592 2366 Oceani
601 2345 696 2372 petere
708 2342 900 2368 Rhenum—5.
917 2343 1041 2372 Bataviae,
1051 2348 1145 2367 omnes
1155 2343 1248 2372 postea
1261 2343 1381 2368 haustos

43 2380 141 2405 magno
150 2375 212 2400 lacu
225 2377 398 2407 Zuyderzee.
413 2379 495 2402 iidem
509 2378 579 2402 inira
592 2379 614 2402 ll
623 2395 629 2404 ‚
640 2384 663 2407 a,
675 2378 910 2408 intelliguntur.—-
920 2384 944 2404 4.
959 2379 1001 2404 Sc.
1014 2380 1063 2407 est,
1077 2378 1232 2408 interjacet.

71 2411 138 2437 th.
156 2415 180 2436 ι.
189 2410 254 2436 scil-
267 2413 337 2442 justa
346 2431 353 2442 ,
367 2414 507 2444 exsequias
517 2414 673 2444 peragendi.

1207 2465 1225 2492 2
