1539 2668
530 159 565 187 A.
590 159 628 187 U.
653 159 688 188 C.
707 160 779 189 785.
804 161 840 189 A.
865 161 899 190 C.
926 161 978 190 32.
1363 161 1423 191 129

92 232 226 265 ultionis
240 232 443 274 aequabatur.
466 237 504 272 Q.
526 236 674 265 Servaeus
698 234 832 273 posthac
853 235 885 266 et
903 232 1066 265 Minucius
1093 233 1253 265 Thermus
1275 233 1422 276 inducti,

93 283 241 312 Servaeus
256 283 396 321 praetura
411 281 542 312 functus
554 282 586 312 et
599 281 764 321 quondam
779 280 958 313 Germanici
971 289 1092 320 comes,
1107 281 1267 312 Minucius
1281 282 1423 322 equestri

94 329 165 361 loco
178 353 186 368 ‚
209 328 352 360 modeste
374 327 483 359 habita
498 328 601 366 sejani
626 328 769 360 amicitia
785 339 791 359 :
810 329 897 360 unde
911 328 973 360 illis
993 327 1095 367 major
1111 327 1288 359 miseratio.
1312 331 1425 361 contra

94 376 242 408 Tiberius
261 377 457 416 proecz'puos
482 375 528 406 ad
548 376 679 407 scelera¹
692 375 860 416 increpans
872 400 880 414 ,
899 375 1067 406 admonuit
1083 378 1117 406 C.
1141 374 1283 406 Cestium
1299 377 1424 416 patrem

97 424 208 456 dicere
220 424 357 454 senatui
371 431 449 463 quoe
466 423 531 453 sibi
557 426 770 463 scripsissem
797 423 1002 464 suscepitque
1022 422 1147 454 Cestius
1168 424 1424 454 accusationem.

95 470 181 511 quod
195 470 336 501 maxime
354 469 519 501 exitiabile
534 470 638 501 tulere
655 470 707 502 illa
722 473 866 510 tempora
879 496 887 510 ‚
904 479 1003 512 quum
1026 470 1185 510 primores
1206 472 1336 501 senatus
1354 469 1427 501 infi-

94 525 164 548 mas
177 517 273 553 etiam
286 517 465 549 delationes
477 519 677 557 exercerent,
692 517 745 548 alii
760 519 936 558 propalam,
947 518 1041 550 multi
1055 526 1111 559 per
1124 517 1289 548 occultum
1301 528 1310 556 ;
1322 526 1428 557 neque

95 564 294 596 discerneres
307 564 428 596 alienos
444 574 463 596 a
476 564 669 604 conjunctis,
684 564 804 596 amicos
822 566 861 596 ab
878 566 997 605 ignotis
1009 589 1017 604 ‚
1032 564 1110 605 quid
1131 572 1246 605 repens
1260 563 1271 582 ²
1299 565 1356 595 aut
1371 572 1425 595 ve-

94 612 218 643 tustate
235 612 429 652 obscurum3
449 612 580 652 perinde
593 612 626 642 in
644 612 726 651 soro,
744 612 774 642 in
791 613 955 652 convivio,
973 620 1102 653 quaque
1115 610 1154 643 de
1171 619 1206 643 re
1225 611 1324 642 locuti
1339 611 1427 642 incu-

94 659 261 699 sabantur,
277 662 313 690 ut
329 659 401 699 quis
415 660 594 700 praevenire
606 661 637 690 et
647 668 738 690 rcum
751 660 910 691 destinare
924 662 1086 700 properat,
1102 667 1176 699 pars
1189 658 1230 690 ad
1243 658 1432 690 subsidium·

93 706 156 746 sui,
174 707 282 747 plures
296 706 409 738 infecti
425 707 519 747 quasi
536 705 722 738 valetudine
735 709 767 738 et
784 708 946 738 contactu.
968 706 1028 738 Sed
1050 705 1211 737 Minucius
1229 708 1263 737 et
1279 708 1427 737 Servaeus

93 753 236 785 damnati
263 754 426 786 indicibus
448 763 611 786 accessere
628 754 652 785 ³.
678 754 839 795 tractique
862 756 939 786 sunt
962 755 995 785 in
1021 762 1134 785 casum
1160 752 1300 785 eundem
1326 753 1428 784 Julius

93 802 262 833 Africanus
276 811 293 834 e
309 802 461 833 Santonis
473 826 482 841 ,
497 802 614 834 Gallica
629 801 761 833 civitate
779 826 788 841 ,
817 801 909 833 Seius
924 800 1109 841 Quadratus
1124 810 1132 831 ε
1151 800 1311 840 originem
1327 799 1338 818 ⁴
1360 808 1427 831 non

95 851 207 889 reperi.
226 853 337 890 Neque
354 859 427 881 sum
441 850 571 889 ignarus
585 858 602 881 a
621 849 783 890 plerisque
802 848 1016 889 scriptoribus
1037 848 1156 879 omissa
1173 848 1350 879 multorum
1375 856 1427 888 pe-

95 897 192 927 ricula
206 899 237 928 et
252 906 381 937 poenas,
396 897 474 928 dum
496 898 587 937 copia
605 897 758 929 fatiscunt
771 899 846 936 aut,
866 895 1028 936 quaeipsis
1053 895 1153 926 nimia
1169 897 1203 927 et
1228 897 1344 926 moesta
1363 895 1427 925 sue-

95 946 177 982 rant,
195 944 250 975 ne⁵
270 945 339 984 pari
357 944 455 976 taedio
472 945 614 976 lecturos
629 945 795 976 allicerent
811 945 971 975 verentur.
988 943 1082 974 nobis
1097 943 1252 983 pleraque
1265 942 1362 983 digna
1377 951 1427 974 co-

93 991 183 1030 gnitu
198 991 372 1030 obvenere,
387 1000 585 1032 quamquam
601 991 642 1022 ab
655 992 726 1023 aliis
739 990 944 1023 incelebrata.

136 1042 219 1070 VIII.
246 1043 325 1070 Nam
343 1048 380 1070 ea
393 1041 604 1079 tempestate,
623 1048 685 1080 qua
699 1039 803 1079 SeJani
824 1038 1003 1070 amicitiam
1021 1038 1119 1070 ceteri
1139 1037 1221 1069 falso
1246 1039 1427 1078 exuerant,

94 1094 191 1117 ausus
205 1088 254 1117 est
272 1095 369 1127 eques
391 1091 556 1119 Romanus
579 1091 620 1118 M.
645 1087 836 1126 Terentius,
859 1086 902 1118 ob
925 1085 957 1117 id
975 1094 1049 1118 reus
1064 1109 1073 1125 ,
1102 1085 1255 1125 amplecti
1278 1085 1318 1116 ad
1342 1086 1428 1116 1111110

94 1133 227 1165 modum
241 1134 327 1173 apud
340 1136 490 1165 senatum
503 1134 658 1165 ordiendo
674 1144 681 1165 :
700 1147 714 1162 κ
732 1136 881 1165 Fortunae
900 1133 1033 1174 quidem
1055 1141 1137 1164 meae
1158 1134 1295 1164 sortasse
1318 1133 1427 1163 minus

98 1193 113 1207 κ
130 1179 280 1220 expediat
295 1189 469 1221 agnoscere
484 1182 606 1213 crimen
623 1191 720 1221 quam
738 1181 888 1213 abnuere.
905 1180 961 1211 sed
976 1182 1142 1221 utcunque
1159 1189 1274 1212 casura
1291 1189 1341 1212 res
1366 1180 1427 1219 est,

95 1239 109 1253 «
126 1227 249 1258 fatebor
262 1229 294 1259 et
311 1228 411 1259 fuisse
428 1237 478 1260 me
492 1229 603 1268 sejano
617 1228 769 1268 amicum,
786 1230 818 1259 et
835 1229 871 1259 ut
885 1235 988 1258 essem
1003 1227 1177 1267 expetisse,
1195 1228 1238 1267 et,
1256 1231 1428 1268 postquam

99 1287 113 1301 x
131 1274 266 1315 adeptus
281 1285 381 1315 eram,
398 1276 555 1307 laetatum.
575 1277 718 1307 videram
742 1275 896 1314 collegam
912 1275 1011 1315 patris
1029 1274 1177 1315 regendis
1198 1275 1356 1315 praetoriis
1373 1282 1428 1306 co-

97 1333 111 1348 «
130 1322 287 1362 hortibus,
305 1332 382 1354 mox
406 1324 502 1356 Urbis
519 1327 550 1356 et
567 1324 691 1355 militiae
705 1324 816 1354 munia
833 1323 930 1353 simul
945 1323 1130 1354 obeuntem.
1149 1322 1237 1353 illius
1255 1322 1429 1363 propinqui

96 1380 111 1395 «1
129 1371 160 1400 et
173 1369 284 1400 aflines
303 1370 479 1401 honoribus
502 1371 721 1411 augebantur3
743 1373 777 1401 ut
794 1370 933 1410 quisque
946 1370 1060 1408 SeJ'ano
1076 1369 1227 1408 intimus,
1244 1369 1289 1399 ita
1305 1369 1344 1400 ad
1359 1373 1429 1401 Cae-

98 1426 113 1440 α
129 1416 211 1446 saris
225 1417 398 1449 amicitiani
416 1418 562 1457 validum
583 1421 713 1457 contra,
731 1417 850 1458 quibus
868 1418 1013 1447 1310113113
1039 1417 1140 1454 esset,
1158 1417 1248 1446 metu
1266 1425 1304 1447 ac
1325 1416 1431 1448 sordi-

98 1475 112 1489 «
130 1462 190 1494 bus
209 1463 216 1480 ¹
233 1464 513 1496 conflictabantur.
538 1474 599 1496 nec
624 1474 820 1505 quemquam
846 1463 995 1504 exemplo
1017 1471 1146 1494 assumo
1167 1472 1175 1494 :
1193 1465 1330 1494 cunctos
1346 1488 1355 1503 ‚
1373 1471 1430 1504 qul

97 1524 110 1537 «
129 1511 298 1543 novissimi
315 1513 437 1543 consilii
453 1512 464 1529 ²
485 1514 634 1552 expertes
651 1513 774 1544 l'uinius
786 1536 795 1552 ,
823 1520 896 1542 mco
913 1511 1010 1541 unius
1036 1509 1224 1541 discrimine
1247 1510 1428 1542 defendam.

97 1570 110 1584 κ
129 1566 192 1589 11011
209 1559 296 1590 0111111
311 1560 461 1599 sejanum
475 1559 712 1591 Vulsiniensem
731 1559 756 1599 ³,
771 1558 824 1590 sed
842 1558 987 1591 Claudiae
1001 1558 1032 1589 et
1047 1557 1140 1589 Julioe
1156 1556 1273 1588 domus
1291 1561 1429 1599 partem,

96 1617 110 1631 «
129 1614 208 1645 quas
229 1606 383 1638 affinitate
399 1607 408 1625 ⁴
428 1609 663 1647 occupaverat,
688 1609 784 1639 tuum
797 1631 806 1646 ,
828 1609 957 1645 Cirf-ar,
972 1611 1124 1645 generum
1138 1628 1148 1644 ,
1169 1604 1218 1635 tui
1240 1605 1430 1638 consulatus

98 1663 113 1678 «
129 1653 254 1684 socium
269 1653 280 1672 ⁵
294 1678 303 1693 ‚
320 1656 375 1686 tua
392 1654 501 1685 officia
517 1653 549 1684 111
566 1654 733 1694 republica
759 1655 978 1694 capessentem
995 1652 1195 1683 colebamus.
1215 1660 1280 1683 non
1304 1655 1352 1683 est
1375 1662 1431 1685 no-

99 1712 113 1726 «
130 1700 235 1731 strum
252 1701 414 1733 aestimare
434 1711 532 1742 quem
555 1711 654 1742 supra
681 1703 804 1733 ceteros
821 1704 853 1733 et
880 1700 1000 1742 quibus
1016 1699 1057 1731 de
1073 1700 1179 1730 causis
1194 1700 1340 1731 extollas.
1370 1701 1429 1733 tibi

98 1760 111 1775 α
129 1757 294 1781 summum
309 1759 418 1782 rerum
432 1750 592 1790 judicium
610 1750 654 1781 dii
673 1749 789 1781 dedere
808 1759 815 1780 :
835 1748 926 1779 nobis
943 1747 1090 1788 obsequii
1114 1747 1213 1788 gloria
1237 1747 1349 1778 relicta
1366 1750 1429 1781 est.

98 1808 112 1822 α
132 1800 315 1836 spectamus
335 1807 431 1838 porro
448 1806 522 1838 quae
539 1806 647 1828 coram
668 1796 848 1835 habentur,
867 1795 918 1826 0111
933 1804 973 1826 ex
995 1797 1028 1826 te
1047 1803 1125 1835 opes
1138 1818 1148 1834 ‚
1172 1794 1330 1835 honores,
1358 1797 1430 1835 quis

98 1855 112 1868 «
131 1843 270 1882 plurima
283 1844 419 1883 juvandi
437 1844 616 1875 nocendive
633 1844 777 1884 potentia
794 1853 801 1873 :
818 1852 890 1882 quae
917 1843 1028 1883 SeJano
1056 1842 1154 1872 fuisse
1177 1849 1272 1872 nemo
1295 1850 1432 1881 negave-

99 1900 114 1915 «
132 1889 185 1920 rit.
203 1890 329 1922 abditos
345 1892 502 1931 Principis
519 1900 633 1922 sensus
645 1915 653 1930 ,
671 1894 703 1921 et
722 1891 749 1921 si
765 1890 843 1930 quid
866 1890 1026 1921 occultius
1043 1890 1159 1929 parat,
1178 1888 1347 1928 exquirere
1372 1889 1432 1921 illi·

99 1949 113 1962 «
135 1937 254 1977 citum,
278 1947 397 1979 anceps
416 1948 423 1968 :
440 1938 585 1969 necideo
609 1946 796 1978 assequare.
821 1941 886 1976 Ne,
912 1938 1023 1968 Patres
1050 1935 1250 1974 conscripti,
1278 1934 1433 1967 ultimum

99 1997 113 2011 «
132 1985 236 2024 Sejaui
261 1985 364 2024 diem,
391 1986 448 2017 sed
469 1985 609 2017 sedecim
635 1994 737 2016 annos
763 1983 994 2024 cogitaveritis.
1014 1983 1112 2014 etiam
1137 1982 1276 2013 Satrium
1293 1983 1304 2000 a
1333 1985 1431 2022 atque

98 2044 111 2060 <t
132 2033 369 2073 Pomponium⁷
397 2033 651 2072 venerabamur3
676 2032 802 2064 libertis
826 2040 956 2072 quoque
975 2040 1012 2062 ac
1031 2030 1224 2070 janitoribus
1247 2030 1317 2070 ejus
1340 2033 1443 2061 note·-

100 2092 114 2106 «
133 2088 221 2111 scere
237 2089 295 2121 pro
310 2081 479 2121 magnifico
493 2081 725 2121 accipiebatur.
744 2079 829 2119 Quid
846 2078 1142 2119 ergo?indistincta
1152 2077 1224 2108 haec
1239 2076 1383 2108 defensio
1400 2080 1434 2110 et

99 2140 114 2154 (ι
135 2128 317 2167 promiscua
334 2128 485 2160 dabitur?
503 2130 569 2160 imo
586 2128 684 2168 justis
701 2127 851 2159 terminis
865 2126 1040 2158 dividatur.
1061 2125 1186 2156 insidiae
1201 2124 1234 2155 in
1257 2125 1431 2164 rempubli-

98 2185 113 2200 «
131 2182 223 2214 cam,
248 2175 380 2207 consilia
404 2175 500 2208 caedis
513 2176 686 2207 adversum
710 2174 940 2215 Imperatorem
963 2173 1138 2213 puniantur
1155 2181 1162 2203 ε
1183 2171 1224 2203 de
1242 2171 1382 2203 amicitia
1399 2172 1432 2203 et

99 2232 114 2247 α
136 2221 250 2254 officiis
263 2223 349 2254 idem
364 2223 436 2254 finis
452 2225 485 2255 et
499 2225 531 2255 te
544 2247 553 2264 ,
572 2227 678 2255 Caesar
688 2247 696 2262 ,
711 2225 744 2254 et
760 2231 820 2253 nos
835 2221 1020 2252 absolverit.
1040 2233 1056 2248 n

96 2285 147 2303 --2
162 2281 356 2311 Repentinum,
373 2282 464 2306 subito
481 2283 508 2306 et
522 2288 608 2311 nuper
621 2283 721 2306 ortum.
733 2292 761 2297 -—
771 2286 792 2304 a.
808 2279 980 2304 Delatoribus
993 2279 1195 2309 sejunxerunt,
1210 2283 1298 2308 eoque
1310 2277 1429 2307 servati,

97 2317 128 2339 ut
141 2316 309 2340 Paconianus
323 2323 347 2341 0.
366 2323 388 2341 5.
402 2330 432 2334 —-
445 2322 469 2342 ⁴.
484 2318 525 2342 Sc.
543 2317 680 2346 Quadrati.
696 2330 723 2333 —
740 2322 761 2340 ὅ.
775 2317 817 2340 Se.
832 2316 872 2339 his
885 2315 1047 2339 referendis.

126 2351 194 2374 VIII.
213 2356 232 2375 i.
251 2352 316 2376 Vide
330 2353 364 2377 ad
380 2354 439 2382 XII,
457 2358 558 2377 :sa—2.
577 2353 667 2382 sejani
680 2351 911 2376 deinterticiendo
924 2350 1042 2380 Tiberio,
1055 2350 1170 2374 revelati
1187 2350 1220 2374 ab
1232 2349 1358 2376 Antonia,
1368 2348 1432 2371 Ger-

97 2387 196 2410 manici
209 2388 305 2411 matre.
319 2402 343 2405 -
354 2394 377 2413 5.
391 2389 419 2412 V.
434 2389 475 2413 IV.
491 2394 512 2413 1.
525 2401 554 2406 -
565 2395 587 2413 ⁴.
601 2388 650 2412 Sed
661 2387 791 2417 promissa
805 2388 910 2411 tantum
920 2386 987 2410 :filia
1000 2387 1090 2415 Seiani
1102 2386 1237 2410 destinata
1250 2384 1352 2409 Claudii
1366 2381 1430 2410 filio.

97 2421 197 2446 Tiberii
213 2423 301 2452 neptis
312 2424 383 2448 Julia
396 2425 502 2454 sejano.
518 2424 619 2448 Deinde
633 2429 719 2454 qenei·
736 2425 776 2447 est
790 2427 932 2452 progener.
947 2435 975 2438 —
989 2429 1012 2446 s.
1025 2424 1056 2445 A.
1070 2422 1100 2446 U.
1114 2426 1165 2445 ⁷³⁴.
1181 2420 1329 2446 Absentem
1353 2417 1434 2442 TIbe-

85 2458 151 2487 tium
162 2458 319 2490 alloquitur.
334 2471 363 2477 -
376 2464 401 2485 6.
418 2460 457 2484 De
474 2465 527 2489 quo
540 2459 582 2487 Iv.
597 2465 634 2484 5⁴.
650 2461 746 2484 Postea
763 2459 890 2489 sejanum
903 2458 1020 2483 amicum
1034 2457 1175 2482 detulit.-
1190 2461 1213 2481 ⁷.
1228 2456 1267 2480 De
1282 2459 1334 2483 (1ῦο
1349 2459 1371 2478 c·
1388 2458 1429 2477 ¹³›

1262 2493 1297 2526 6.
