<?xml version="1.0" encoding="UTF-8"?>
<!DOCTYPE html PUBLIC "-//W3C//DTD XHTML 1.0 Transitional//EN"
    "http://www.w3.org/TR/xhtml1/DTD/xhtml1-transitional.dtd">
<html xmlns="http://www.w3.org/1999/xhtml" xml:lang="en" lang="en">
 <head>
  <title>
</title>
<meta http-equiv="Content-Type" content="text/html;charset=utf-8" />
  <meta name='ocr-system' content='tesseract 3.04.00' />
  <meta name='ocr-capabilities' content='ocr_page ocr_carea ocr_par ocr_line ocrx_word'/>
</head>
<body>
  <div class='ocr_page' id='page_1' title='image "./operaquaesupersu00taciuoft/operaquaesupersu00taciuoft_0527.png"; bbox 0 0 1539 2668; ppageno 0'>
   <div class='ocr_carea' id='block_1_1' title="bbox 405 145 1033 174">
    <p class='ocr_par' dir='ltr' id='par_1_1' title="bbox 405 145 1033 174">
     <span class='ocr_line' id='line_1_1' title="bbox 405 145 1033 174; baseline -0.002 0"><span class='ocrx_word' id='word_1_1' title='bbox 405 145 701 174; x_wconf 81' lang='lat' dir='ltr'>NOMENCLATOR</span> <span class='ocrx_word' id='word_1_2' title='bbox 723 145 1033 174; x_wconf 84' lang='lat' dir='ltr'>GEOGRAPHICUS.</span> 
     </span>
    </p>
   </div>
   <div class='ocr_carea' id='block_1_2' title="bbox 103 218 693 300">
    <p class='ocr_par' dir='ltr' id='par_1_2' title="bbox 103 218 693 300">
     <span class='ocr_line' id='line_1_2' title="bbox 103 218 693 260; baseline -0.005 -8"><span class='ocrx_word' id='word_1_3' title='bbox 103 220 158 253; x_wconf 82' lang='lat' dir='ltr'>tali</span> <span class='ocrx_word' id='word_1_4' title='bbox 185 220 254 260; x_wconf 87' lang='lat' dir='ltr'>ripa</span> <span class='ocrx_word' id='word_1_5' title='bbox 269 219 377 250; x_wconf 84' lang='lat' dir='ltr'>Viadri</span> <span class='ocrx_word' id='word_1_6' title='bbox 403 218 553 258; x_wconf 81' lang='lat' dir='ltr'>(oder),</span> <span class='ocrx_word' id='word_1_7' title='bbox 579 218 635 249; x_wconf 89' lang='lat' dir='ltr'>ubi</span> <span class='ocrx_word' id='word_1_8' title='bbox 660 219 693 249; x_wconf 90' lang='lat' dir='ltr'>h.</span> 
     </span>
     <span class='ocr_line' id='line_1_3' title="bbox 107 259 592 300; baseline -0.006 -8"><span class='ocrx_word' id='word_1_9' title='bbox 107 262 178 293; x_wconf 83' lang='lat' dir='ltr'>OEls</span> <span class='ocrx_word' id='word_1_10' title='bbox 195 264 227 292; x_wconf 84' lang='lat' dir='ltr'>et</span> <span class='ocrx_word' id='word_1_11' title='bbox 243 260 274 291; x_wconf 89' lang='lat' dir='ltr'>ss.</span> <span class='ocrx_word' id='word_1_12' title='bbox 297 260 405 300; x_wconf 63' lang='lat' dir='ltr'>owse,</span> <span class='ocrx_word' id='word_1_13' title='bbox 422 260 454 290; x_wconf 91' lang='lat' dir='ltr'>in</span> <span class='ocrx_word' id='word_1_14' title='bbox 471 259 592 290; x_wconf 83' lang='lat' dir='ltr'>Silesia.</span> 
     </span>
    </p>
   </div>
   <div class='ocr_carea' id='block_1_3' title="bbox 1316 149 1376 178">
    <p class='ocr_par' dir='ltr' id='par_1_3' title="bbox 1316 149 1376 178">
     <span class='ocr_line' id='line_1_4' title="bbox 1316 149 1376 178; baseline 0.017 -1"><span class='ocrx_word' id='word_1_15' title='bbox 1316 149 1376 178; x_wconf 72' lang='lat'>495</span> 
     </span>
    </p>
   </div>
   <div class='ocr_carea' id='block_1_4' title="bbox 738 218 1377 290">
    <p class='ocr_par' dir='ltr' id='par_1_4' title="bbox 738 218 1377 290">
     <span class='ocr_line' id='line_1_5' title="bbox 738 218 1377 259; baseline 0.008 -10"><span class='ocrx_word' id='word_1_16' title='bbox 738 218 918 257; x_wconf 83' lang='lat' dir='ltr'>Intemelii,</span> <span class='ocrx_word' id='word_1_17' title='bbox 948 219 1087 259; x_wconf 86' lang='lat' dir='ltr'>populus</span> <span class='ocrx_word' id='word_1_18' title='bbox 1121 219 1268 258; x_wconf 75' lang='lat' dir='ltr'>Liguriae.</span> <span class='ocrx_word' id='word_1_19' title='bbox 1298 222 1377 254; x_wconf 71' lang='lat' dir='ltr'>Vide</span> 
     </span>
     <span class='ocr_line' id='line_1_6' title="bbox 781 259 918 290; baseline -0.007 0"><span class='ocrx_word' id='word_1_20' title='bbox 781 259 918 290; x_wconf 87' lang='lat' dir='ltr'>Albium.</span> 
     </span>
    </p>
   </div>
   <div class='ocr_carea' id='block_1_5' title="bbox 64 300 1374 342">
    <p class='ocr_par' dir='ltr' id='par_1_5' title="bbox 64 300 1374 342">
     <span class='ocr_line' id='line_1_7' title="bbox 64 300 1374 342; baseline 0.001 -9"><span class='ocrx_word' id='word_1_21' title='bbox 64 304 252 336; x_wconf 78' lang='lat' dir='ltr'>Helveconae</span> <span class='ocrx_word' id='word_1_22' title='bbox 265 325 272 339; x_wconf 99' lang='lat'>,</span> <span class='ocrx_word' id='word_1_23' title='bbox 291 301 428 342; x_wconf 87' lang='lat' dir='ltr'>populus</span> <span class='ocrx_word' id='word_1_24' title='bbox 453 300 646 338; x_wconf 74' lang='lat' dir='ltr'>Germaniae,</span> <span class='ocrx_word' id='word_1_25' title='bbox 666 301 697 331; x_wconf 91' lang='lat' dir='ltr'>in</span> <span class='ocrx_word' id='word_1_26' title='bbox 739 302 931 338; x_wconf 77' lang='lat' dir='ltr'><strong>Interamna,</strong></span> <span class='ocrx_word' id='word_1_27' title='bbox 945 300 1154 340; x_wconf 81' lang='lat' dir='ltr'>municipium</span> <span class='ocrx_word' id='word_1_28' title='bbox 1172 302 1325 341; x_wconf 85' lang='lat' dir='ltr'>Umbriae,</span> <span class='ocrx_word' id='word_1_29' title='bbox 1340 303 1374 334; x_wconf 92' lang='lat' dir='ltr'>h.</span> 
     </span>
    </p>
   </div>
   <div class='ocr_carea' id='block_1_6' title="bbox 104 341 722 385">
    <p class='ocr_par' dir='ltr' id='par_1_6' title="bbox 104 341 722 385">
     <span class='ocr_line' id='line_1_8' title="bbox 104 341 722 385; baseline -0.005 -10"><span class='ocrx_word' id='word_1_30' title='bbox 104 343 293 375; x_wconf 81' lang='lat' dir='ltr'>occidentali</span> <span class='ocrx_word' id='word_1_31' title='bbox 332 343 400 382; x_wconf 85' lang='lat' dir='ltr'>ripa</span> <span class='ocrx_word' id='word_1_32' title='bbox 431 341 584 379; x_wconf 80' lang='lat' dir='ltr'>vistulae,</span> <span class='ocrx_word' id='word_1_33' title='bbox 615 342 722 385; x_wconf 68' lang='lat' dir='ltr'>circa}</span> 
     </span>
    </p>
   </div>
   <div class='ocr_carea' id='block_1_7' title="bbox 62 384 706 2430">
    <p class='ocr_par' dir='ltr' id='par_1_7' title="bbox 104 384 288 422">
     <span class='ocr_line' id='line_1_9' title="bbox 104 384 288 422; baseline 0 -8"><span class='ocrx_word' id='word_1_34' title='bbox 104 384 288 422; x_wconf 69' lang='lat' dir='ltr'>Starqarcl.</span> 
     </span>
    </p>

    <p class='ocr_par' dir='ltr' id='par_1_8' title="bbox 65 423 671 464">
     <span class='ocr_line' id='line_1_10' title="bbox 65 423 671 464; baseline -0.005 -6"><span class='ocrx_word' id='word_1_35' title='bbox 65 426 219 463; x_wconf 74' lang='lat' dir='ltr'>Helvetii,</span> <span class='ocrx_word' id='word_1_36' title='bbox 233 433 310 464; x_wconf 79' lang='lat' dir='ltr'>gens</span> <span class='ocrx_word' id='word_1_37' title='bbox 326 424 452 462; x_wconf 81' lang='lat' dir='ltr'>Gallica,</span> <span class='ocrx_word' id='word_1_38' title='bbox 469 423 517 454; x_wconf 78' lang='lat' dir='ltr'>les</span> <span class='ocrx_word' id='word_1_39' title='bbox 533 425 671 455; x_wconf 74' lang='lat' dir='ltr'>SzcisseS.</span> 
     </span>
    </p>

    <p class='ocr_par' dir='ltr' id='par_1_9' title="bbox 64 464 699 538">
     <span class='ocr_line' id='line_1_11' title="bbox 64 464 699 505; baseline -0.008 -7"><span class='ocrx_word' id='word_1_40' title='bbox 64 466 238 504; x_wconf 83' lang='lat' dir='ltr'>Heniochi,</span> <span class='ocrx_word' id='word_1_41' title='bbox 256 465 392 505; x_wconf 88' lang='lat' dir='ltr'>populus</span> <span class='ocrx_word' id='word_1_42' title='bbox 415 468 631 504; x_wconf 75' lang='lat' dir='ltr'>Bosporanus,</span> <span class='ocrx_word' id='word_1_43' title='bbox 652 464 699 494; x_wconf 93' lang='lat' dir='ltr'>in-</span> 
     </span>
     <span class='ocr_line' id='line_1_12' title="bbox 104 505 696 538; baseline -0.003 0"><span class='ocrx_word' id='word_1_44' title='bbox 104 510 296 538; x_wconf 84' lang='lat' dir='ltr'>ter.P0ntum</span> <span class='ocrx_word' id='word_1_45' title='bbox 304 505 461 537; x_wconf 80' lang='lat' dir='ltr'>Euxinum</span> <span class='ocrx_word' id='word_1_46' title='bbox 469 507 499 536; x_wconf 85' lang='lat' dir='ltr'>et</span> <span class='ocrx_word' id='word_1_47' title='bbox 507 509 696 536; x_wconf 79' lang='lat' dir='ltr'>Caucasum.</span> 
     </span>
    </p>

    <p class='ocr_par' dir='ltr' id='par_1_10' title="bbox 64 546 699 670">
     <span class='ocr_line' id='line_1_13' title="bbox 64 546 699 587; baseline -0.005 -7"><span class='ocrx_word' id='word_1_48' title='bbox 64 548 220 587; x_wconf 78' lang='lat' dir='ltr'>Hercynia</span> <span class='ocrx_word' id='word_1_49' title='bbox 238 547 341 584; x_wconf 82' lang='lat' dir='ltr'>silva,</span> <span class='ocrx_word' id='word_1_50' title='bbox 365 546 521 577; x_wconf 85' lang='lat' dir='ltr'>latissima</span> <span class='ocrx_word' id='word_1_51' title='bbox 545 546 699 586; x_wconf 77' lang='lat' dir='ltr'>significa-</span> 
     </span>
     <span class='ocr_line' id='line_1_14' title="bbox 104 587 698 627; baseline -0.005 -7"><span class='ocrx_word' id='word_1_52' title='bbox 104 589 193 620; x_wconf 89' lang='lat' dir='ltr'>tione</span> <span class='ocrx_word' id='word_1_53' title='bbox 203 613 211 627; x_wconf 91' lang='lat'>,</span> <span class='ocrx_word' id='word_1_54' title='bbox 226 591 352 620; x_wconf 80' lang='lat' dir='ltr'>montes</span> <span class='ocrx_word' id='word_1_55' title='bbox 365 587 405 618; x_wconf 89' lang='lat' dir='ltr'>ab</span> <span class='ocrx_word' id='word_1_56' title='bbox 420 588 530 618; x_wconf 80' lang='lat' dir='ltr'>Rheno</span> <span class='ocrx_word' id='word_1_57' title='bbox 544 596 645 627; x_wconf 81' lang='lat' dir='ltr'>usque</span> <span class='ocrx_word' id='word_1_58' title='bbox 658 587 698 618; x_wconf 87' lang='lat' dir='ltr'>ad</span> 
     </span>
     <span class='ocr_line' id='line_1_15' title="bbox 103 628 694 670; baseline -0.003 -10"><span class='ocrx_word' id='word_1_59' title='bbox 103 630 277 670; x_wconf 84' lang='lat' dir='ltr'>Carpathas</span> <span class='ocrx_word' id='word_1_60' title='bbox 291 629 490 660; x_wconf 77' lang='lat' dir='ltr'>Germaniam</span> <span class='ocrx_word' id='word_1_61' title='bbox 505 628 694 659; x_wconf 69' lang='lat' dir='ltr'>dividentes.</span> 
     </span>
    </p>

    <p class='ocr_par' dir='ltr' id='par_1_11' title="bbox 62 669 698 744">
     <span class='ocr_line' id='line_1_16' title="bbox 62 669 698 709; baseline -0.003 -7"><span class='ocrx_word' id='word_1_62' title='bbox 62 671 271 702; x_wconf 80' lang='lat' dir='ltr'>Herminones</span> <span class='ocrx_word' id='word_1_63' title='bbox 281 694 288 708; x_wconf 92' lang='lat'>,</span> <span class='ocrx_word' id='word_1_64' title='bbox 302 679 418 701; x_wconf 86' lang='lat' dir='ltr'>nomen</span> <span class='ocrx_word' id='word_1_65' title='bbox 438 669 580 709; x_wconf 84' lang='lat' dir='ltr'>generale</span> <span class='ocrx_word' id='word_1_66' title='bbox 596 678 698 709; x_wconf 86' lang='lat' dir='ltr'>popu-</span> 
     </span>
     <span class='ocr_line' id='line_1_17' title="bbox 104 711 547 744; baseline -0.005 -1"><span class='ocrx_word' id='word_1_67' title='bbox 104 713 208 743; x_wconf 90' lang='lat' dir='ltr'>lorum</span> <span class='ocrx_word' id='word_1_68' title='bbox 228 711 341 744; x_wconf 62' lang='lat' dir='ltr'>media:</span> <span class='ocrx_word' id='word_1_69' title='bbox 355 711 547 742; x_wconf 77' lang='lat' dir='ltr'>Germaniae.</span> 
     </span>
    </p>

    <p class='ocr_par' dir='ltr' id='par_1_12' title="bbox 63 751 699 874">
     <span class='ocr_line' id='line_1_18' title="bbox 63 751 697 792; baseline -0.006 -6"><span class='ocrx_word' id='word_1_70' title='bbox 63 752 306 791; x_wconf 68' lang='lat' dir='ltr'>Hermunduri,</span> <span class='ocrx_word' id='word_1_71' title='bbox 335 753 471 792; x_wconf 88' lang='lat' dir='ltr'>populus</span> <span class='ocrx_word' id='word_1_72' title='bbox 498 751 674 783; x_wconf 80' lang='lat' dir='ltr'>Germaniae</span> <span class='ocrx_word' id='word_1_73' title='bbox 688 776 697 789; x_wconf 93' lang='lat'>‚</span> 
     </span>
     <span class='ocr_line' id='line_1_19' title="bbox 103 793 699 825; baseline -0.003 0"><span class='ocrx_word' id='word_1_74' title='bbox 103 802 214 825; x_wconf 87' lang='lat' dir='ltr'>omnes</span> <span class='ocrx_word' id='word_1_75' title='bbox 244 793 389 824; x_wconf 83' lang='lat' dir='ltr'>saxoniae</span> <span class='ocrx_word' id='word_1_76' title='bbox 412 795 514 823; x_wconf 81' lang='lat' dir='ltr'>terras</span> <span class='ocrx_word' id='word_1_77' title='bbox 540 793 623 823; x_wconf 85' lang='lat' dir='ltr'>inter</span> <span class='ocrx_word' id='word_1_78' title='bbox 647 795 699 823; x_wconf 91' lang='lat' dir='ltr'>Sa-</span> 
     </span>
     <span class='ocr_line' id='line_1_20' title="bbox 104 833 696 874; baseline -0.003 -8"><span class='ocrx_word' id='word_1_79' title='bbox 104 835 168 866; x_wconf 85' lang='lat' dir='ltr'>lam</span> <span class='ocrx_word' id='word_1_80' title='bbox 180 834 399 874; x_wconf 83' lang='lat' dir='ltr'>(Thuringiae)</span> <span class='ocrx_word' id='word_1_81' title='bbox 414 835 447 864; x_wconf 89' lang='lat' dir='ltr'>et</span> <span class='ocrx_word' id='word_1_82' title='bbox 461 833 565 864; x_wconf 84' lang='lat' dir='ltr'>Albim</span> <span class='ocrx_word' id='word_1_83' title='bbox 575 836 696 865; x_wconf 90' lang='lat' dir='ltr'>tenens.</span> 
     </span>
    </p>

    <p class='ocr_par' dir='ltr' id='par_1_13' title="bbox 65 874 554 913">
     <span class='ocr_line' id='line_1_21' title="bbox 65 874 554 913; baseline -0.004 -7"><span class='ocrx_word' id='word_1_84' title='bbox 65 876 215 907; x_wconf 83' lang='lat' dir='ltr'>Hibernia</span> <span class='ocrx_word' id='word_1_85' title='bbox 231 876 351 913; x_wconf 82' lang='lat' dir='ltr'>insula,</span> <span class='ocrx_word' id='word_1_86' title='bbox 372 874 554 906; x_wconf 75' lang='lat' dir='ltr'>l&#39;Irlamle.</span> 
     </span>
    </p>

    <p class='ocr_par' dir='ltr' id='par_1_14' title="bbox 64 915 697 1029">
     <span class='ocr_line' id='line_1_22' title="bbox 64 915 697 955; baseline -0.003 -8"><span class='ocrx_word' id='word_1_87' title='bbox 64 917 309 953; x_wconf 71' lang='lat' dir='ltr'>Hierocaesarea,</span> <span class='ocrx_word' id='word_1_88' title='bbox 324 916 478 955; x_wconf 83' lang='lat' dir='ltr'>oppidum</span> <span class='ocrx_word' id='word_1_89' title='bbox 494 915 612 954; x_wconf 78' lang='lat' dir='ltr'>Lydiae,</span> <span class='ocrx_word' id='word_1_90' title='bbox 631 924 697 945; x_wconf 89' lang='lat' dir='ltr'>non</span> 
     </span>
     <span class='ocr_line' id='line_1_23' title="bbox 106 955 697 996; baseline -0.002 -8"><span class='ocrx_word' id='word_1_91' title='bbox 106 958 197 996; x_wconf 79' lang='lat' dir='ltr'>longe</span> <span class='ocrx_word' id='word_1_92' title='bbox 220 966 237 987; x_wconf 84' lang='lat' dir='ltr'>a</span> <span class='ocrx_word' id='word_1_93' title='bbox 262 957 381 987; x_wconf 82' lang='lat' dir='ltr'>linibus</span> <span class='ocrx_word' id='word_1_94' title='bbox 406 955 550 995; x_wconf 73' lang='lat' dir='ltr'>AEolidis,</span> <span class='ocrx_word' id='word_1_95' title='bbox 569 957 641 986; x_wconf 79' lang='lat' dir='ltr'>fort.</span> <span class='ocrx_word' id='word_1_96' title='bbox 666 957 697 987; x_wconf 86' lang='lat' dir='ltr'>h.</span> 
     </span>
     <span class='ocr_line' id='line_1_24' title="bbox 107 998 235 1029; baseline -0.008 0"><span class='ocrx_word' id='word_1_97' title='bbox 107 998 235 1029; x_wconf 56' lang='lat' dir='ltr'>Semela.</span> 
     </span>
    </p>

    <p class='ocr_par' dir='ltr' id='par_1_15' title="bbox 66 1038 526 1078">
     <span class='ocr_line' id='line_1_25' title="bbox 66 1038 526 1078; baseline -0.004 -8"><span class='ocrx_word' id='word_1_98' title='bbox 66 1039 285 1078; x_wconf 77' lang='lat' dir='ltr'>Hierosolyma</span> <span class='ocrx_word' id='word_1_99' title='bbox 297 1062 305 1077; x_wconf 97' lang='lat'>,</span> <span class='ocrx_word' id='word_1_100' title='bbox 321 1038 526 1069; x_wconf 61' lang='lat' dir='ltr'>Jerusalem.</span> 
     </span>
    </p>

    <p class='ocr_par' dir='ltr' id='par_1_16' title="bbox 67 1078 698 1160">
     <span class='ocr_line' id='line_1_26' title="bbox 67 1078 698 1120; baseline -0.003 -9"><span class='ocrx_word' id='word_1_101' title='bbox 67 1080 283 1120; x_wconf 84' lang='lat' dir='ltr'>Hispalienses</span> <span class='ocrx_word' id='word_1_102' title='bbox 294 1103 302 1117; x_wconf 90' lang='lat'>,</span> <span class='ocrx_word' id='word_1_103' title='bbox 317 1079 350 1109; x_wconf 89' lang='lat' dir='ltr'>in</span> <span class='ocrx_word' id='word_1_104' title='bbox 367 1079 444 1109; x_wconf 86' lang='lat' dir='ltr'>urbe</span> <span class='ocrx_word' id='word_1_105' title='bbox 458 1078 617 1118; x_wconf 80' lang='lat' dir='ltr'>Hispaniae</span> <span class='ocrx_word' id='word_1_106' title='bbox 633 1083 698 1109; x_wconf 71' lang='lat' dir='ltr'>Bee-</span> 
     </span>
     <span class='ocr_line' id='line_1_27' title="bbox 107 1119 487 1160; baseline -0.005 -8"><span class='ocrx_word' id='word_1_107' title='bbox 107 1122 196 1158; x_wconf 70' lang='lat' dir='ltr'>neae,</span> <span class='ocrx_word' id='word_1_108' title='bbox 211 1129 285 1160; x_wconf 83' lang='lat' dir='ltr'>quae</span> <span class='ocrx_word' id='word_1_109' title='bbox 302 1120 333 1150; x_wconf 93' lang='lat' dir='ltr'>h.</span> <span class='ocrx_word' id='word_1_110' title='bbox 350 1119 487 1150; x_wconf 56' lang='lat' dir='ltr'>saville,</span> 
     </span>
    </p>

    <p class='ocr_par' dir='ltr' id='par_1_17' title="bbox 65 1160 701 1282">
     <span class='ocr_line' id='line_1_28' title="bbox 65 1160 701 1200; baseline -0.005 -7"><span class='ocrx_word' id='word_1_111' title='bbox 65 1161 199 1200; x_wconf 81' lang='lat' dir='ltr'>Histria,</span> <span class='ocrx_word' id='word_1_112' title='bbox 223 1163 346 1192; x_wconf 79' lang='lat' dir='ltr'>tractus</span> <span class='ocrx_word' id='word_1_113' title='bbox 374 1160 507 1200; x_wconf 74' lang='lat' dir='ltr'>Illyrici,</span> <span class='ocrx_word' id='word_1_114' title='bbox 527 1161 565 1191; x_wconf 87' lang='lat' dir='ltr'>ad</span> <span class='ocrx_word' id='word_1_115' title='bbox 594 1161 701 1191; x_wconf 87' lang='lat' dir='ltr'>sinum</span> 
     </span>
     <span class='ocr_line' id='line_1_29' title="bbox 107 1201 670 1241; baseline -0.002 -8"><span class='ocrx_word' id='word_1_116' title='bbox 107 1203 327 1241; x_wconf 82' lang='lat' dir='ltr'>Tergestinum</span> <span class='ocrx_word' id='word_1_117' title='bbox 346 1201 450 1241; x_wconf 71' lang='lat' dir='ltr'>(qolfe</span> <span class='ocrx_word' id='word_1_118' title='bbox 463 1201 504 1232; x_wconf 84' lang='lat' dir='ltr'>(le</span> <span class='ocrx_word' id='word_1_119' title='bbox 522 1203 670 1240; x_wconf 67' lang='lat' dir='ltr'>TriesteJi.</span> 
     </span>
     <span class='ocr_line' id='line_1_30' title="bbox 67 1242 701 1282; baseline -0.003 -7"><span class='ocrx_word' id='word_1_120' title='bbox 67 1244 339 1281; x_wconf 84' lang='lat' dir='ltr'>Homonadenses,</span> <span class='ocrx_word' id='word_1_121' title='bbox 355 1243 491 1282; x_wconf 86' lang='lat' dir='ltr'>populus</span> <span class='ocrx_word' id='word_1_122' title='bbox 506 1243 634 1282; x_wconf 76' lang='lat' dir='ltr'>Ciliciae,</span> <span class='ocrx_word' id='word_1_123' title='bbox 645 1242 701 1273; x_wconf 89' lang='lat' dir='ltr'>ubi</span> 
     </span>
    </p>

    <p class='ocr_par' dir='ltr' id='par_1_18' title="bbox 108 1283 364 1316">
     <span class='ocr_line' id='line_1_31' title="bbox 108 1283 364 1316; baseline -0.004 0"><span class='ocrx_word' id='word_1_124' title='bbox 108 1285 140 1316; x_wconf 84' lang='lat' dir='ltr'>h.</span> <span class='ocrx_word' id='word_1_125' title='bbox 155 1283 364 1316; x_wconf 71' lang='lat' dir='ltr'>Hermenalr.</span> 
     </span>
    </p>

    <p class='ocr_par' dir='ltr' id='par_1_19' title="bbox 67 1324 702 1488">
     <span class='ocr_line' id='line_1_32' title="bbox 67 1324 699 1366; baseline 0 -10"><span class='ocrx_word' id='word_1_126' title='bbox 67 1326 259 1366; x_wconf 82' lang='lat' dir='ltr'>Hypaepeni,</span> <span class='ocrx_word' id='word_1_127' title='bbox 288 1325 402 1356; x_wconf 81' lang='lat' dir='ltr'>incolae</span> <span class='ocrx_word' id='word_1_128' title='bbox 431 1324 539 1364; x_wconf 84' lang='lat' dir='ltr'>oppidi</span> <span class='ocrx_word' id='word_1_129' title='bbox 572 1325 679 1364; x_wconf 80' lang='lat' dir='ltr'>Lydiae</span> <span class='ocrx_word' id='word_1_130' title='bbox 692 1349 699 1363; x_wconf 96' lang='lat'>,</span> 
     </span>
     <span class='ocr_line' id='line_1_33' title="bbox 108 1366 700 1406; baseline -0.005 -8"><span class='ocrx_word' id='word_1_131' title='bbox 108 1375 206 1406; x_wconf 85' lang='lat' dir='ltr'>prope</span> <span class='ocrx_word' id='word_1_132' title='bbox 248 1368 418 1405; x_wconf 82' lang='lat' dir='ltr'>Caystrum</span> <span class='ocrx_word' id='word_1_133' title='bbox 451 1366 489 1396; x_wconf 87' lang='lat' dir='ltr'>ad</span> <span class='ocrx_word' id='word_1_134' title='bbox 534 1366 700 1397; x_wconf 85' lang='lat' dir='ltr'>meridiem</span> 
     </span>
     <span class='ocr_line' id='line_1_34' title="bbox 109 1406 702 1445; baseline -0.002 -7"><span class='ocrx_word' id='word_1_135' title='bbox 109 1408 211 1438; x_wconf 89' lang='lat' dir='ltr'>Tmoli</span> <span class='ocrx_word' id='word_1_136' title='bbox 241 1407 378 1445; x_wconf 79' lang='lat' dir='ltr'>montis,</span> <span class='ocrx_word' id='word_1_137' title='bbox 405 1406 461 1437; x_wconf 89' lang='lat' dir='ltr'>ubi</span> <span class='ocrx_word' id='word_1_138' title='bbox 485 1407 517 1437; x_wconf 91' lang='lat' dir='ltr'>h.</span> <span class='ocrx_word' id='word_1_139' title='bbox 550 1406 650 1438; x_wconf 53' lang='grc' dir='ltr'>ΒΗΑ]</span> <span class='ocrx_word' id='word_1_140' title='bbox 671 1410 702 1437; x_wconf 76' lang='lat' dir='ltr'>ct</span> 
     </span>
     <span class='ocr_line' id='line_1_35' title="bbox 113 1450 225 1488; baseline -0.018 -9"><span class='ocrx_word' id='word_1_141' title='bbox 113 1450 225 1488; x_wconf 52' lang='lat' dir='ltr'>Topos.</span> 
     </span>
    </p>

    <p class='ocr_par' dir='ltr' id='par_1_20' title="bbox 67 1488 701 1602">
     <span class='ocr_line' id='line_1_36' title="bbox 67 1488 701 1528; baseline -0.002 -8"><span class='ocrx_word' id='word_1_142' title='bbox 67 1490 203 1528; x_wconf 78' lang='lat' dir='ltr'>Hyrcani</span> <span class='ocrx_word' id='word_1_143' title='bbox 217 1489 249 1519; x_wconf 92' lang='lat' dir='ltr'>in</span> <span class='ocrx_word' id='word_1_144' title='bbox 262 1489 333 1519; x_wconf 78' lang='lat' dir='ltr'>Asia</span> <span class='ocrx_word' id='word_1_145' title='bbox 348 1488 509 1519; x_wconf 82' lang='lat' dir='ltr'>habebant</span> <span class='ocrx_word' id='word_1_146' title='bbox 524 1489 554 1519; x_wconf 81' lang='lat' dir='ltr'>le</span> <span class='ocrx_word' id='word_1_147' title='bbox 565 1490 701 1519; x_wconf 68' lang='lat' dir='ltr'>Mazan-</span> 
     </span>
     <span class='ocr_line' id='line_1_37' title="bbox 108 1530 701 1569; baseline -0.002 -8"><span class='ocrx_word' id='word_1_148' title='bbox 108 1530 217 1561; x_wconf 62' lang='grc' dir='ltr'><em>(ἰόφ-(ιη,</em></span> <span class='ocrx_word' id='word_1_149' title='bbox 253 1530 404 1567; x_wconf 76' lang='lat' dir='ltr'>(PerSiae)</span> <span class='ocrx_word' id='word_1_150' title='bbox 435 1532 467 1560; x_wconf 87' lang='lat' dir='ltr'>et</span> <span class='ocrx_word' id='word_1_151' title='bbox 501 1531 606 1569; x_wconf 82' lang='lat' dir='ltr'>partes</span> <span class='ocrx_word' id='word_1_152' title='bbox 634 1532 701 1560; x_wconf 89' lang='lat' dir='ltr'>tra-</span> 
     </span>
     <span class='ocr_line' id='line_1_38' title="bbox 108 1570 699 1602; baseline -0.002 -1"><span class='ocrx_word' id='word_1_153' title='bbox 108 1575 218 1602; x_wconf 82' lang='lat' dir='ltr'>ctuum</span> <span class='ocrx_word' id='word_1_154' title='bbox 236 1570 424 1602; x_wconf 67' lang='lat' dir='ltr'>Tzcrlseslan</span> <span class='ocrx_word' id='word_1_155' title='bbox 438 1572 470 1601; x_wconf 83' lang='lat' dir='ltr'>et</span> <span class='ocrx_word' id='word_1_156' title='bbox 484 1571 699 1602; x_wconf 74' lang='lat' dir='ltr'>Klzorassrm.</span> 
     </span>
    </p>

    <p class='ocr_par' dir='ltr' id='par_1_21' title="bbox 67 1692 702 1773">
     <span class='ocr_line' id='line_1_39' title="bbox 67 1692 702 1731; baseline 0 -7"><span class='ocrx_word' id='word_1_157' title='bbox 67 1692 242 1731; x_wconf 64' lang='lat' dir='ltr'>amiculus,</span> <span class='ocrx_word' id='word_1_158' title='bbox 259 1693 348 1724; x_wconf 88' lang='lat' dir='ltr'>collis</span> <span class='ocrx_word' id='word_1_159' title='bbox 363 1693 451 1724; x_wconf 81' lang='lat' dir='ltr'>trans</span> <span class='ocrx_word' id='word_1_160' title='bbox 463 1693 616 1731; x_wconf 82' lang='lat' dir='ltr'>Tiberim,</span> <span class='ocrx_word' id='word_1_161' title='bbox 628 1702 702 1724; x_wconf 84' lang='lat' dir='ltr'>cum</span> 
     </span>
     <span class='ocr_line' id='line_1_40' title="bbox 109 1733 614 1773; baseline 0.002 -10"><span class='ocrx_word' id='word_1_162' title='bbox 109 1733 193 1764; x_wconf 87' lang='lat' dir='ltr'>Urbe</span> <span class='ocrx_word' id='word_1_163' title='bbox 208 1735 339 1771; x_wconf 72' lang='lat' dir='ltr'>junctus</span> <span class='ocrx_word' id='word_1_164' title='bbox 354 1736 451 1773; x_wconf 88' lang='lat' dir='ltr'>ponte</span> <span class='ocrx_word' id='word_1_165' title='bbox 469 1734 614 1765; x_wconf 80' lang='lat' dir='ltr'>sublicio.</span> 
     </span>
    </p>

    <p class='ocr_par' dir='ltr' id='par_1_22' title="bbox 69 1774 703 1896">
     <span class='ocr_line' id='line_1_41' title="bbox 69 1774 702 1814; baseline -0.003 -8"><span class='ocrx_word' id='word_1_166' title='bbox 69 1778 208 1814; x_wconf 71' lang='lat' dir='ltr'>lazygeS,</span> <span class='ocrx_word' id='word_1_167' title='bbox 223 1776 375 1806; x_wconf 84' lang='lat' dir='ltr'>Sarmatae</span> <span class='ocrx_word' id='word_1_168' title='bbox 392 1774 432 1805; x_wconf 86' lang='lat' dir='ltr'>ad</span> <span class='ocrx_word' id='word_1_169' title='bbox 452 1777 589 1805; x_wconf 85' lang='lat' dir='ltr'>Pontum</span> <span class='ocrx_word' id='word_1_170' title='bbox 607 1774 702 1805; x_wconf 85' lang='lat' dir='ltr'>Euxi-</span> 
     </span>
     <span class='ocr_line' id='line_1_42' title="bbox 110 1815 703 1853; baseline -0.003 -5"><span class='ocrx_word' id='word_1_171' title='bbox 110 1824 201 1853; x_wconf 89' lang='lat' dir='ltr'>num,</span> <span class='ocrx_word' id='word_1_172' title='bbox 220 1815 253 1845; x_wconf 91' lang='lat' dir='ltr'>in</span> <span class='ocrx_word' id='word_1_173' title='bbox 269 1816 411 1846; x_wconf 85' lang='lat' dir='ltr'>terminis</span> <span class='ocrx_word' id='word_1_174' title='bbox 427 1815 547 1846; x_wconf 81' lang='lat' dir='ltr'>Russiae</span> <span class='ocrx_word' id='word_1_175' title='bbox 565 1817 598 1846; x_wconf 86' lang='lat' dir='ltr'>et</span> <span class='ocrx_word' id='word_1_176' title='bbox 618 1819 703 1846; x_wconf 91' lang='lat' dir='ltr'>Hun-</span> 
     </span>
     <span class='ocr_line' id='line_1_43' title="bbox 110 1857 215 1896; baseline -0.01 -9"><span class='ocrx_word' id='word_1_177' title='bbox 110 1857 215 1896; x_wconf 79' lang='lat' dir='ltr'>gariae,</span> 
     </span>
    </p>

    <p class='ocr_par' dir='ltr' id='par_1_23' title="bbox 71 1897 658 1937">
     <span class='ocr_line' id='line_1_44' title="bbox 71 1897 658 1937; baseline -0.002 -8"><span class='ocrx_word' id='word_1_178' title='bbox 71 1897 170 1937; x_wconf 83' lang='lat' dir='ltr'>Iberi,</span> <span class='ocrx_word' id='word_1_179' title='bbox 188 1897 221 1927; x_wconf 90' lang='lat' dir='ltr'>in</span> <span class='ocrx_word' id='word_1_180' title='bbox 241 1898 330 1936; x_wconf 84' lang='lat' dir='ltr'>Asia,</span> <span class='ocrx_word' id='word_1_181' title='bbox 348 1897 382 1928; x_wconf 87' lang='lat' dir='ltr'>h.</span> <span class='ocrx_word' id='word_1_182' title='bbox 400 1897 448 1927; x_wconf 83' lang='lat' dir='ltr'>les</span> <span class='ocrx_word' id='word_1_183' title='bbox 470 1897 658 1936; x_wconf 70' lang='lat' dir='ltr'>Ge&#39;orqz&#39;ens.</span> 
     </span>
    </p>

    <p class='ocr_par' dir='ltr' id='par_1_24' title="bbox 70 1938 702 2018">
     <span class='ocr_line' id='line_1_45' title="bbox 70 1938 702 1978; baseline -0.002 -8"><span class='ocrx_word' id='word_1_184' title='bbox 70 1938 174 1977; x_wconf 86' lang='lat' dir='ltr'>Iceni,</span> <span class='ocrx_word' id='word_1_185' title='bbox 201 1939 337 1978; x_wconf 85' lang='lat' dir='ltr'>populus</span> <span class='ocrx_word' id='word_1_186' title='bbox 358 1938 546 1976; x_wconf 81' lang='lat' dir='ltr'>Britanniae,</span> <span class='ocrx_word' id='word_1_187' title='bbox 570 1938 603 1968; x_wconf 88' lang='lat' dir='ltr'>in</span> <span class='ocrx_word' id='word_1_188' title='bbox 626 1938 702 1969; x_wconf 91' lang='lat' dir='ltr'>hod.</span> 
     </span>
     <span class='ocr_line' id='line_1_46' title="bbox 110 1978 470 2018; baseline -0.003 -8"><span class='ocrx_word' id='word_1_189' title='bbox 110 1978 249 2018; x_wconf 69' lang='lat' dir='ltr'>suffollz</span> <span class='ocrx_word' id='word_1_190' title='bbox 265 1980 297 2011; x_wconf 82' lang='lat' dir='ltr'>et</span> <span class='ocrx_word' id='word_1_191' title='bbox 313 1978 470 2018; x_wconf 62' lang='lat' dir='ltr'>Norfollss.</span> 
     </span>
    </p>

    <p class='ocr_par' dir='ltr' id='par_1_25' title="bbox 70 2019 704 2100">
     <span class='ocr_line' id='line_1_47' title="bbox 70 2019 704 2060; baseline 0.002 -9"><span class='ocrx_word' id='word_1_192' title='bbox 70 2020 124 2052; x_wconf 85' lang='lat' dir='ltr'>Ida</span> <span class='ocrx_word' id='word_1_193' title='bbox 135 2045 143 2059; x_wconf 88' lang='lat'>,</span> <span class='ocrx_word' id='word_1_194' title='bbox 159 2029 253 2051; x_wconf 90' lang='lat' dir='ltr'>mons</span> <span class='ocrx_word' id='word_1_195' title='bbox 270 2023 372 2051; x_wconf 80' lang='lat' dir='ltr'>Cretae</span> <span class='ocrx_word' id='word_1_196' title='bbox 386 2020 514 2060; x_wconf 84' lang='lat' dir='ltr'>insulae,</span> <span class='ocrx_word' id='word_1_197' title='bbox 531 2019 564 2051; x_wconf 93' lang='lat' dir='ltr'>h.</span> <span class='ocrx_word' id='word_1_198' title='bbox 587 2021 704 2052; x_wconf 78' lang='lat' dir='ltr'>Monte</span> 
     </span>
     <span class='ocr_line' id='line_1_48' title="bbox 114 2061 480 2100; baseline 0 -8"><span class='ocrx_word' id='word_1_199' title='bbox 114 2063 233 2100; x_wconf 65' lang='grc' dir='ltr'>θέοι-ε,</span> <span class='ocrx_word' id='word_1_200' title='bbox 251 2061 292 2092; x_wconf 90' lang='lat' dir='ltr'>al.</span> <span class='ocrx_word' id='word_1_201' title='bbox 310 2062 480 2092; x_wconf 75' lang='lat' dir='ltr'>Psiloritz&#39;.</span> 
     </span>
    </p>

    <p class='ocr_par' dir='ltr' id='par_1_26' title="bbox 70 2102 705 2215">
     <span class='ocr_line' id='line_1_49' title="bbox 70 2102 705 2143; baseline -0.002 -9"><span class='ocrx_word' id='word_1_202' title='bbox 70 2106 274 2142; x_wconf 78' lang='lat' dir='ltr'>Ingaevones,</span> <span class='ocrx_word' id='word_1_203' title='bbox 293 2102 437 2141; x_wconf 81' lang='lat' dir='ltr'>generale</span> <span class='ocrx_word' id='word_1_204' title='bbox 462 2111 579 2134; x_wconf 88' lang='lat' dir='ltr'>nomen</span> <span class='ocrx_word' id='word_1_205' title='bbox 604 2111 705 2143; x_wconf 93' lang='lat' dir='ltr'>popu-</span> 
     </span>
     <span class='ocr_line' id='line_1_50' title="bbox 109 2143 703 2189; baseline 0 -15"><span class='ocrx_word' id='word_1_206' title='bbox 109 2144 214 2189; x_wconf 76' lang='lat' dir='ltr'>lorum</span> <span class='ocrx_word' id='word_1_207' title='bbox 240 2143 539 2183; x_wconf 84' lang='lat' dir='ltr'>septentrionalium</span> <span class='ocrx_word' id='word_1_208' title='bbox 573 2147 703 2175; x_wconf 85' lang='lat' dir='ltr'>Germa-</span> 
     </span>
     <span class='ocr_line' id='line_1_51' title="bbox 110 2193 183 2215; baseline 0 -1"><span class='ocrx_word' id='word_1_209' title='bbox 110 2193 183 2215; x_wconf 83' lang='lat' dir='ltr'>mae.</span> 
     </span>
    </p>

    <p class='ocr_par' dir='ltr' id='par_1_27' title="bbox 71 2225 704 2306">
     <span class='ocr_line' id='line_1_52' title="bbox 71 2225 704 2265; baseline 0.003 -11"><span class='ocrx_word' id='word_1_210' title='bbox 71 2225 210 2263; x_wconf 83' lang='lat' dir='ltr'>lnsecbi,</span> <span class='ocrx_word' id='word_1_211' title='bbox 235 2226 371 2265; x_wconf 89' lang='lat' dir='ltr'>populus</span> <span class='ocrx_word' id='word_1_212' title='bbox 396 2225 568 2264; x_wconf 83' lang='lat' dir='ltr'>Armeniae,</span> <span class='ocrx_word' id='word_1_213' title='bbox 591 2225 663 2257; x_wconf 84' lang='lat' dir='ltr'>sort.</span> <span class='ocrx_word' id='word_1_214' title='bbox 686 2235 704 2256; x_wconf 87' lang='lat' dir='ltr'>a</span> 
     </span>
     <span class='ocr_line' id='line_1_53' title="bbox 112 2264 624 2306; baseline 0.006 -11"><span class='ocrx_word' id='word_1_215' title='bbox 112 2264 209 2295; x_wconf 86' lang='lat' dir='ltr'>ssuvio</span> <span class='ocrx_word' id='word_1_216' title='bbox 221 2266 262 2296; x_wconf 87' lang='lat' dir='ltr'>Isi</span> <span class='ocrx_word' id='word_1_217' title='bbox 272 2290 281 2305; x_wconf 84' lang='lat'>,</span> <span class='ocrx_word' id='word_1_218' title='bbox 295 2267 350 2306; x_wconf 88' lang='lat' dir='ltr'>qui</span> <span class='ocrx_word' id='word_1_219' title='bbox 362 2275 449 2297; x_wconf 85' lang='lat' dir='ltr'>nunc</span> <span class='ocrx_word' id='word_1_220' title='bbox 467 2266 624 2298; x_wconf 67' lang='lat' dir='ltr'>Tclzorols.</span> 
     </span>
    </p>

    <p class='ocr_par' dir='ltr' id='par_1_28' title="bbox 73 2305 706 2430">
     <span class='ocr_line' id='line_1_54' title="bbox 73 2305 705 2347; baseline 0.003 -11"><span class='ocrx_word' id='word_1_221' title='bbox 73 2305 222 2337; x_wconf 79' lang='lat' dir='ltr'>insubres</span> <span class='ocrx_word' id='word_1_222' title='bbox 235 2330 243 2345; x_wconf 97' lang='lat'>,</span> <span class='ocrx_word' id='word_1_223' title='bbox 264 2308 400 2347; x_wconf 86' lang='lat' dir='ltr'>populus</span> <span class='ocrx_word' id='word_1_224' title='bbox 422 2308 529 2339; x_wconf 90' lang='lat' dir='ltr'>Galliae</span> <span class='ocrx_word' id='word_1_225' title='bbox 551 2311 705 2347; x_wconf 79' lang='lat' dir='ltr'>Transpa-</span> 
     </span>
     <span class='ocr_line' id='line_1_55' title="bbox 114 2345 706 2387; baseline 0.007 -11"><span class='ocrx_word' id='word_1_226' title='bbox 114 2345 217 2385; x_wconf 86' lang='lat' dir='ltr'>danae,</span> <span class='ocrx_word' id='word_1_227' title='bbox 236 2347 269 2378; x_wconf 89' lang='lat' dir='ltr'>in</span> <span class='ocrx_word' id='word_1_228' title='bbox 285 2348 360 2387; x_wconf 87' lang='lat' dir='ltr'>ripis</span> <span class='ocrx_word' id='word_1_229' title='bbox 384 2349 524 2387; x_wconf 87' lang='lat' dir='ltr'>Adduae‚</span> <span class='ocrx_word' id='word_1_230' title='bbox 545 2348 628 2379; x_wconf 82' lang='lat' dir='ltr'>circa</span> <span class='ocrx_word' id='word_1_231' title='bbox 645 2353 706 2380; x_wconf 86' lang='lat' dir='ltr'>Me-</span> 
     </span>
     <span class='ocr_line' id='line_1_56' title="bbox 115 2387 463 2430; baseline 0.011 -12"><span class='ocrx_word' id='word_1_232' title='bbox 115 2387 281 2419; x_wconf 87' lang='lat' dir='ltr'>diolanum</span> <span class='ocrx_word' id='word_1_233' title='bbox 297 2389 307 2410; x_wconf 84' lang='lat'><strong><em>¹</em></strong></span> <span class='ocrx_word' id='word_1_234' title='bbox 317 2390 463 2430; x_wconf 80' lang='lat' dir='ltr'>Milan).</span> 
     </span>
    </p>
   </div>
   <div class='ocr_carea' id='block_1_8' title="bbox 784 341 1254 381">
    <p class='ocr_par' dir='ltr' id='par_1_29' title="bbox 784 341 1254 381">
     <span class='ocr_line' id='line_1_57' title="bbox 784 341 1254 381; baseline -0.004 -8"><span class='ocrx_word' id='word_1_235' title='bbox 784 343 897 379; x_wconf 74' lang='lat' dir='ltr'>Tarni,</span> <span class='ocrx_word' id='word_1_236' title='bbox 916 341 947 372; x_wconf 90' lang='lat' dir='ltr'>in</span> <span class='ocrx_word' id='word_1_237' title='bbox 965 341 1092 380; x_wconf 84' lang='lat' dir='ltr'>regione</span> <span class='ocrx_word' id='word_1_238' title='bbox 1110 342 1254 381; x_wconf 78' lang='lat' dir='ltr'>Spolelo.</span> 
     </span>
    </p>
   </div>
   <div class='ocr_carea' id='block_1_9' title="bbox 719 383 1374 423">
    <p class='ocr_par' dir='ltr' id='par_1_30' title="bbox 719 383 1374 423">
     <span class='ocr_line' id='line_1_58' title="bbox 719 383 1374 423; baseline 0.005 -10"><span class='ocrx_word' id='word_1_239' title='bbox 719 389 722 423; x_wconf 82' lang='grc' dir='ltr'>Ι</span> <span class='ocrx_word' id='word_1_240' title='bbox 738 383 864 413; x_wconf 89' lang='lat' dir='ltr'>Ionium</span> <span class='ocrx_word' id='word_1_241' title='bbox 883 391 988 422; x_wconf 77' lang='lat' dir='ltr'>mare,</span> <span class='ocrx_word' id='word_1_242' title='bbox 1004 383 1086 413; x_wconf 87' lang='lat' dir='ltr'>inter</span> <span class='ocrx_word' id='word_1_243' title='bbox 1103 384 1225 414; x_wconf 82' lang='lat' dir='ltr'>Italiam</span> <span class='ocrx_word' id='word_1_244' title='bbox 1245 386 1276 415; x_wconf 86' lang='lat' dir='ltr'>et</span> <span class='ocrx_word' id='word_1_245' title='bbox 1292 388 1374 416; x_wconf 84' lang='lat' dir='ltr'>Grae-</span> 
     </span>
    </p>
   </div>
   <div class='ocr_carea' id='block_1_10' title="bbox 736 432 1377 832">
    <p class='ocr_par' dir='ltr' id='par_1_31' title="bbox 780 432 873 454">
     <span class='ocr_line' id='line_1_59' title="bbox 780 432 873 454; baseline 0 -1"><span class='ocrx_word' id='word_1_246' title='bbox 780 432 873 454; x_wconf 82' lang='lat' dir='ltr'>cram.</span> 
     </span>
    </p>

    <p class='ocr_par' dir='ltr' id='par_1_32' title="bbox 737 463 1375 536">
     <span class='ocr_line' id='line_1_60' title="bbox 737 463 1375 536; baseline 0.002 -40"><span class='ocrx_word' id='word_1_247' title='bbox 737 465 907 536; x_wconf 43' lang='lat' dir='ltr'>Jozlanes,</span> <span class='ocrx_word' id='word_1_248' title='bbox 933 463 1050 495; x_wconf 85' lang='lat' dir='ltr'>fluvius</span> <span class='ocrx_word' id='word_1_249' title='bbox 1065 464 1187 495; x_wconf 87' lang='lat' dir='ltr'>Judaeae</span> <span class='ocrx_word' id='word_1_250' title='bbox 1201 488 1209 502; x_wconf 88' lang='lat'>‚</span> <span class='ocrx_word' id='word_1_251' title='bbox 1229 465 1259 496; x_wconf 76' lang='lat' dir='ltr'>{e</span> <span class='ocrx_word' id='word_1_252' title='bbox 1271 466 1375 497; x_wconf 61' lang='lat' dir='ltr'>Jeme</span> 
     </span>
    </p>

    <p class='ocr_par' dir='ltr' id='par_1_33' title="bbox 806 514 879 536">
     <span class='ocr_line' id='line_1_61' title="bbox 806 514 879 536; baseline -0.014 -1"><span class='ocrx_word' id='word_1_253' title='bbox 806 514 879 536; x_wconf 70' lang='lat' dir='ltr'>ain.</span> 
     </span>
    </p>

    <p class='ocr_par' dir='ltr' id='par_1_34' title="bbox 737 548 1377 701">
     <span class='ocr_line' id='line_1_62' title="bbox 737 548 1375 585; baseline 0.003 -8"><span class='ocrx_word' id='word_1_254' title='bbox 737 548 927 583; x_wconf 80' lang='lat' dir='ltr'>Istaevones,</span> <span class='ocrx_word' id='word_1_255' title='bbox 957 554 1029 585; x_wconf 88' lang='lat' dir='ltr'>pars</span> <span class='ocrx_word' id='word_1_256' title='bbox 1060 555 1173 585; x_wconf 85' lang='lat' dir='ltr'>magna</span> <span class='ocrx_word' id='word_1_257' title='bbox 1203 550 1375 579; x_wconf 84' lang='lat' dir='ltr'>Germano-</span> 
     </span>
     <span class='ocr_line' id='line_1_63' title="bbox 778 587 1374 627; baseline 0.005 -9"><span class='ocrx_word' id='word_1_258' title='bbox 778 597 850 618; x_wconf 87' lang='lat' dir='ltr'>rum</span> <span class='ocrx_word' id='word_1_259' title='bbox 866 598 872 617; x_wconf 90' lang='lat'>:</span> <span class='ocrx_word' id='word_1_260' title='bbox 891 595 1006 617; x_wconf 88' lang='lat' dir='ltr'>nomen</span> <span class='ocrx_word' id='word_1_261' title='bbox 1022 587 1210 627; x_wconf 79' lang='lat' dir='ltr'>explicatur,</span> <span class='ocrx_word' id='word_1_262' title='bbox 1229 589 1273 618; x_wconf 82' lang='lat' dir='ltr'>Ad</span> <span class='ocrx_word' id='word_1_263' title='bbox 1293 590 1374 620; x_wconf 85' lang='lat' dir='ltr'>occi-</span> 
     </span>
     <span class='ocr_line' id='line_1_64' title="bbox 778 628 1377 668; baseline 0.003 -9"><span class='ocrx_word' id='word_1_264' title='bbox 778 629 905 659; x_wconf 82' lang='lat' dir='ltr'>dentem</span> <span class='ocrx_word' id='word_1_265' title='bbox 932 628 1125 667; x_wconf 82' lang='lat' dir='ltr'>habitantes,</span> <span class='ocrx_word' id='word_1_266' title='bbox 1153 628 1193 658; x_wconf 87' lang='lat' dir='ltr'>ab</span> <span class='ocrx_word' id='word_1_267' title='bbox 1216 630 1298 668; x_wconf 83' lang='lat' dir='ltr'>aliis,</span> <span class='ocrx_word' id='word_1_268' title='bbox 1328 634 1377 661; x_wconf 89' lang='lat' dir='ltr'>In-</span> 
     </span>
     <span class='ocr_line' id='line_1_65' title="bbox 778 669 1106 701; baseline -0.009 0"><span class='ocrx_word' id='word_1_269' title='bbox 778 670 895 701; x_wconf 81' lang='lat' dir='ltr'>seriora</span> <span class='ocrx_word' id='word_1_270' title='bbox 913 669 1106 700; x_wconf 85' lang='lat' dir='ltr'>habitantes.</span> 
     </span>
    </p>

    <p class='ocr_par' dir='ltr' id='par_1_35' title="bbox 736 710 1376 790">
     <span class='ocr_line' id='line_1_66' title="bbox 736 710 1374 750; baseline 0.003 -9"><span class='ocrx_word' id='word_1_271' title='bbox 736 711 858 749; x_wconf 79' lang='lat' dir='ltr'>Ituraei,</span> <span class='ocrx_word' id='word_1_272' title='bbox 871 719 947 749; x_wconf 82' lang='lat' dir='ltr'>gens</span> <span class='ocrx_word' id='word_1_273' title='bbox 961 710 1139 748; x_wconf 81' lang='lat' dir='ltr'>Palaestina,</span> <span class='ocrx_word' id='word_1_274' title='bbox 1154 710 1238 741; x_wconf 89' lang='lat' dir='ltr'>inter</span> <span class='ocrx_word' id='word_1_275' title='bbox 1249 712 1374 750; x_wconf 80' lang='lat' dir='ltr'>Syriam</span> 
     </span>
     <span class='ocr_line' id='line_1_67' title="bbox 778 751 1376 790; baseline 0.003 -7"><span class='ocrx_word' id='word_1_276' title='bbox 778 755 809 783; x_wconf 89' lang='lat' dir='ltr'>et</span> <span class='ocrx_word' id='word_1_277' title='bbox 820 751 967 782; x_wconf 83' lang='lat' dir='ltr'>Arabiam</span> <span class='ocrx_word' id='word_1_278' title='bbox 976 754 1151 790; x_wconf 86' lang='lat' dir='ltr'>Desertam,</span> <span class='ocrx_word' id='word_1_279' title='bbox 1159 752 1189 782; x_wconf 90' lang='lat' dir='ltr'>h.</span> <span class='ocrx_word' id='word_1_280' title='bbox 1202 752 1376 785; x_wconf 63' lang='lat' dir='ltr'>Dclccclztr.</span> 
     </span>
    </p>

    <p class='ocr_par' dir='ltr' id='par_1_36' title="bbox 737 791 1354 832">
     <span class='ocr_line' id='line_1_68' title="bbox 737 791 1354 832; baseline 0.003 -9"><span class='ocrx_word' id='word_1_281' title='bbox 737 797 752 824; x_wconf 90' lang='lat' dir='ltr'><strong>J</strong></span> <span class='ocrx_word' id='word_1_282' title='bbox 757 793 857 823; x_wconf 92' lang='lat' dir='ltr'>ulium</span> <span class='ocrx_word' id='word_1_283' title='bbox 870 796 999 823; x_wconf 86' lang='lat' dir='ltr'>Forum.</span> <span class='ocrx_word' id='word_1_284' title='bbox 1021 791 1100 824; x_wconf 78' lang='lat' dir='ltr'>Vide</span> <span class='ocrx_word' id='word_1_285' title='bbox 1114 793 1354 832; x_wconf 81' lang='lat' dir='ltr'>Forojulieuses.</span> 
     </span>
    </p>
   </div>
   <div class='ocr_carea' id='block_1_11' title="bbox 1035 877 1086 920">
    <p class='ocr_par' dir='ltr' id='par_1_37' title="bbox 1035 877 1086 920">
     <span class='ocr_line' id='line_1_69' title="bbox 1035 877 1086 920; baseline 0 0"><span class='ocrx_word' id='word_1_286' title='bbox 1035 877 1086 920; x_wconf 92' lang='lat' dir='ltr'>L.</span> 
     </span>
    </p>
   </div>
   <div class='ocr_carea' id='block_1_12' title="bbox 739 955 1380 2429">
    <p class='ocr_par' dir='ltr' id='par_1_38' title="bbox 739 955 1378 1117">
     <span class='ocr_line' id='line_1_70' title="bbox 739 955 1378 994; baseline 0.006 -8"><span class='ocrx_word' id='word_1_287' title='bbox 739 955 954 993; x_wconf 62' lang='lat' dir='ltr'>Langobardi,</span> <span class='ocrx_word' id='word_1_288' title='bbox 973 956 1112 994; x_wconf 86' lang='lat' dir='ltr'>populus</span> <span class='ocrx_word' id='word_1_289' title='bbox 1138 957 1315 988; x_wconf 63' lang='lat' dir='ltr'>Germanice</span> <span class='ocrx_word' id='word_1_290' title='bbox 1337 959 1378 990; x_wconf 88' lang='lat' dir='ltr'>ad</span> 
     </span>
     <span class='ocr_line' id='line_1_71' title="bbox 779 996 1378 1036; baseline 0.01 -11"><span class='ocrx_word' id='word_1_291' title='bbox 779 996 1008 1026; x_wconf 63' lang='lat' dir='ltr'>occidentalem</span> <span class='ocrx_word' id='word_1_292' title='bbox 1037 997 1137 1036; x_wconf 87' lang='lat' dir='ltr'>ripam</span> <span class='ocrx_word' id='word_1_293' title='bbox 1169 997 1273 1036; x_wconf 78' lang='lat' dir='ltr'>Albis,</span> <span class='ocrx_word' id='word_1_294' title='bbox 1294 999 1378 1031; x_wconf 86' lang='lat' dir='ltr'>inter</span> 
     </span>
     <span class='ocr_line' id='line_1_72' title="bbox 782 1037 1378 1078; baseline 0.008 -11"><span class='ocrx_word' id='word_1_295' title='bbox 782 1037 1045 1076; x_wconf 45' lang='lat' dir='ltr'>iraeneum-gum,</span> <span class='ocrx_word' id='word_1_296' title='bbox 1085 1037 1312 1078; x_wconf 83' lang='lat' dir='ltr'>Luneburgum</span> <span class='ocrx_word' id='word_1_297' title='bbox 1345 1042 1378 1073; x_wconf 83' lang='lat' dir='ltr'>et</span> 
     </span>
     <span class='ocr_line' id='line_1_73' title="bbox 781 1079 1011 1117; baseline 0 -10"><span class='ocrx_word' id='word_1_298' title='bbox 781 1082 857 1108; x_wconf 78' lang='lat' dir='ltr'>Ham</span> <span class='ocrx_word' id='word_1_299' title='bbox 864 1079 997 1117; x_wconf 72' lang='lat' dir='ltr'>burgum</span> <span class='ocrx_word' id='word_1_300' title='bbox 1005 1102 1011 1108; x_wconf 92' lang='lat'><strong>.</strong></span> 
     </span>
    </p>

    <p class='ocr_par' dir='ltr' id='par_1_39' title="bbox 742 1119 1378 1199">
     <span class='ocr_line' id='line_1_74' title="bbox 742 1119 1378 1159; baseline 0.005 -9"><span class='ocrx_word' id='word_1_301' title='bbox 742 1119 1148 1159; x_wconf 67' lang='lat' dir='ltr'>Lanuvium,municipium</span> <span class='ocrx_word' id='word_1_302' title='bbox 1166 1121 1261 1159; x_wconf 88' lang='lat' dir='ltr'>Latii,</span> <span class='ocrx_word' id='word_1_303' title='bbox 1278 1121 1311 1152; x_wconf 85' lang='lat' dir='ltr'>iu</span> <span class='ocrx_word' id='word_1_304' title='bbox 1326 1122 1378 1153; x_wconf 87' lang='lat' dir='ltr'>via</span> 
     </span>
     <span class='ocr_line' id='line_1_75' title="bbox 781 1159 1261 1199; baseline 0.006 -10"><span class='ocrx_word' id='word_1_305' title='bbox 781 1159 880 1199; x_wconf 88' lang='lat' dir='ltr'>Appia</span> <span class='ocrx_word' id='word_1_306' title='bbox 893 1183 901 1198; x_wconf 91' lang='lat'>,</span> <span class='ocrx_word' id='word_1_307' title='bbox 920 1160 951 1189; x_wconf 87' lang='lat' dir='ltr'>h.</span> <span class='ocrx_word' id='word_1_308' title='bbox 975 1160 1088 1190; x_wconf 70' lang='lat' dir='ltr'>Civits‘c.</span> <span class='ocrx_word' id='word_1_309' title='bbox 1102 1162 1261 1192; x_wconf 71' lang='lat' dir='ltr'>Lavinia.</span> 
     </span>
    </p>

    <p class='ocr_par' dir='ltr' id='par_1_40' title="bbox 740 1200 1375 1239">
     <span class='ocr_line' id='line_1_76' title="bbox 740 1200 1375 1239; baseline 0.006 -8"><span class='ocrx_word' id='word_1_310' title='bbox 740 1201 906 1239; x_wconf 77' lang='lat' dir='ltr'>Laodicea,</span> <span class='ocrx_word' id='word_1_311' title='bbox 921 1200 997 1231; x_wconf 85' lang='lat' dir='ltr'>urbs</span> <span class='ocrx_word' id='word_1_312' title='bbox 1014 1201 1129 1239; x_wconf 86' lang='lat' dir='ltr'>Syriae,</span> <span class='ocrx_word' id='word_1_313' title='bbox 1147 1201 1178 1232; x_wconf 93' lang='lat' dir='ltr'>h.</span> <span class='ocrx_word' id='word_1_314' title='bbox 1198 1202 1375 1236; x_wconf 73' lang='lat' dir='ltr'>Ladilrielt.</span> 
     </span>
    </p>

    <p class='ocr_par' dir='ltr' id='par_1_41' title="bbox 741 1242 1380 1321">
     <span class='ocr_line' id='line_1_77' title="bbox 741 1242 1380 1282; baseline 0.006 -9"><span class='ocrx_word' id='word_1_315' title='bbox 741 1242 896 1279; x_wconf 84' lang='lat' dir='ltr'>Lemovii,</span> <span class='ocrx_word' id='word_1_316' title='bbox 922 1242 1056 1281; x_wconf 90' lang='lat' dir='ltr'>populus</span> <span class='ocrx_word' id='word_1_317' title='bbox 1081 1243 1275 1282; x_wconf 88' lang='lat' dir='ltr'>Germaniae,</span> <span class='ocrx_word' id='word_1_318' title='bbox 1294 1245 1380 1277; x_wconf 83' lang='lat' dir='ltr'>inter</span> 
     </span>
     <span class='ocr_line' id='line_1_78' title="bbox 783 1282 1291 1321; baseline 0.002 -8"><span class='ocrx_word' id='word_1_319' title='bbox 783 1282 933 1313; x_wconf 77' lang='lat' dir='ltr'>viadrum</span> <span class='ocrx_word' id='word_1_320' title='bbox 949 1282 1064 1321; x_wconf 74' lang='lat' dir='ltr'>(Ocler)</span> <span class='ocrx_word' id='word_1_321' title='bbox 1078 1284 1110 1313; x_wconf 84' lang='lat' dir='ltr'>et</span> <span class='ocrx_word' id='word_1_322' title='bbox 1121 1283 1291 1314; x_wconf 79' lang='lat' dir='ltr'>vistulam.</span> 
     </span>
    </p>

    <p class='ocr_par' dir='ltr' id='par_1_42' title="bbox 741 1323 1379 1436">
     <span class='ocr_line' id='line_1_79' title="bbox 741 1323 1379 1365; baseline 0.008 -12"><span class='ocrx_word' id='word_1_323' title='bbox 741 1323 864 1363; x_wconf 81' lang='lat' dir='ltr'>Leptini</span> <span class='ocrx_word' id='word_1_324' title='bbox 879 1324 945 1354; x_wconf 68' lang='lat' dir='ltr'>sive</span> <span class='ocrx_word' id='word_1_325' title='bbox 960 1323 1117 1362; x_wconf 79' lang='lat' dir='ltr'>Leptitani</span> <span class='ocrx_word' id='word_1_326' title='bbox 1139 1324 1170 1354; x_wconf 90' lang='lat' dir='ltr'>in</span> <span class='ocrx_word' id='word_1_327' title='bbox 1186 1325 1290 1356; x_wconf 85' lang='lat' dir='ltr'>Africa</span> <span class='ocrx_word' id='word_1_328' title='bbox 1301 1350 1310 1365; x_wconf 92' lang='lat'>,</span> <span class='ocrx_word' id='word_1_329' title='bbox 1324 1327 1379 1358; x_wconf 89' lang='lat' dir='ltr'>ha-</span> 
     </span>
     <span class='ocr_line' id='line_1_80' title="bbox 781 1365 1378 1405; baseline 0.008 -10"><span class='ocrx_word' id='word_1_330' title='bbox 781 1365 920 1395; x_wconf 77' lang='lat' dir='ltr'>bitantes</span> <span class='ocrx_word' id='word_1_331' title='bbox 940 1365 1033 1395; x_wconf 87' lang='lat' dir='ltr'>litora</span> <span class='ocrx_word' id='word_1_332' title='bbox 1058 1365 1140 1396; x_wconf 86' lang='lat' dir='ltr'>inter</span> <span class='ocrx_word' id='word_1_333' title='bbox 1156 1366 1263 1405; x_wconf 68' lang='lat' dir='ltr'>Syrtin</span> <span class='ocrx_word' id='word_1_334' title='bbox 1283 1370 1314 1398; x_wconf 86' lang='lat' dir='ltr'>et</span> <span class='ocrx_word' id='word_1_335' title='bbox 1334 1368 1378 1399; x_wconf 87' lang='lat' dir='ltr'>si-</span> 
     </span>
     <span class='ocr_line' id='line_1_81' title="bbox 781 1405 1026 1436; baseline -0.004 -1"><span class='ocrx_word' id='word_1_336' title='bbox 781 1405 905 1436; x_wconf 81' lang='lat' dir='ltr'>munde</span> <span class='ocrx_word' id='word_1_337' title='bbox 916 1405 1026 1436; x_wconf 61' lang='lat' dir='ltr'>cartes.</span> 
     </span>
    </p>

    <p class='ocr_par' dir='ltr' id='par_1_43' title="bbox 741 1446 1379 1518">
     <span class='ocr_line' id='line_1_82' title="bbox 741 1446 1379 1486; baseline 0.009 -13"><span class='ocrx_word' id='word_1_338' title='bbox 741 1447 877 1483; x_wconf 40' lang='grc' dir='ltr'>[μὴμὴ</span> <span class='ocrx_word' id='word_1_339' title='bbox 894 1446 995 1477; x_wconf 82' lang='lat' dir='ltr'>insula</span> <span class='ocrx_word' id='word_1_340' title='bbox 1018 1446 1234 1486; x_wconf 83' lang='lat' dir='ltr'>Archipelagi,</span> <span class='ocrx_word' id='word_1_341' title='bbox 1255 1448 1287 1478; x_wconf 91' lang='lat' dir='ltr'>h.</span> <span class='ocrx_word' id='word_1_342' title='bbox 1311 1452 1379 1482; x_wconf 85' lang='lat' dir='ltr'>Me-</span> 
     </span>
     <span class='ocr_line' id='line_1_83' title="bbox 784 1489 898 1518; baseline 0.009 -1"><span class='ocrx_word' id='word_1_343' title='bbox 784 1489 898 1518; x_wconf 68' lang='lat' dir='ltr'>[cliuo.</span> 
     </span>
    </p>

    <p class='ocr_par' dir='ltr' id='par_1_44' title="bbox 742 1528 1377 1649">
     <span class='ocr_line' id='line_1_84' title="bbox 742 1528 1377 1570; baseline 0.006 -11"><span class='ocrx_word' id='word_1_344' title='bbox 742 1529 849 1565; x_wconf 64' lang='lat' dir='ltr'>Leuci,</span> <span class='ocrx_word' id='word_1_345' title='bbox 872 1529 1008 1568; x_wconf 85' lang='lat' dir='ltr'>populus</span> <span class='ocrx_word' id='word_1_346' title='bbox 1035 1528 1143 1559; x_wconf 66' lang='lat' dir='ltr'>Galliae</span> <span class='ocrx_word' id='word_1_347' title='bbox 1168 1529 1313 1570; x_wconf 73' lang='lat' dir='ltr'>Belgicae,</span> <span class='ocrx_word' id='word_1_348' title='bbox 1332 1532 1377 1563; x_wconf 90' lang='lat' dir='ltr'>in-</span> 
     </span>
     <span class='ocr_line' id='line_1_85' title="bbox 782 1571 1377 1609; baseline 0.008 -10"><span class='ocrx_word' id='word_1_349' title='bbox 782 1572 831 1600; x_wconf 64' lang='lat' dir='ltr'>ter</span> <span class='ocrx_word' id='word_1_350' title='bbox 849 1572 1024 1599; x_wconf 63' lang='lat' dir='ltr'>matronam</span> <span class='ocrx_word' id='word_1_351' title='bbox 1047 1571 1196 1609; x_wconf 76' lang='lat' dir='ltr'>(Marne)</span> <span class='ocrx_word' id='word_1_352' title='bbox 1214 1573 1245 1601; x_wconf 88' lang='lat' dir='ltr'>et</span> <span class='ocrx_word' id='word_1_353' title='bbox 1262 1574 1377 1604; x_wconf 88' lang='lat' dir='ltr'>Mosel-</span> 
     </span>
     <span class='ocr_line' id='line_1_86' title="bbox 783 1611 1082 1649; baseline 0.003 -9"><span class='ocrx_word' id='word_1_354' title='bbox 783 1611 844 1641; x_wconf 84' lang='lat' dir='ltr'>lam</span> <span class='ocrx_word' id='word_1_355' title='bbox 856 1635 864 1649; x_wconf 91' lang='lat'>,</span> <span class='ocrx_word' id='word_1_356' title='bbox 881 1612 965 1641; x_wconf 82' lang='lat' dir='ltr'>circa</span> <span class='ocrx_word' id='word_1_357' title='bbox 986 1611 1082 1641; x_wconf 77' lang='lat' dir='ltr'>Toul.</span> 
     </span>
    </p>

    <p class='ocr_par' dir='ltr' id='par_1_45' title="bbox 741 1651 1378 1723">
     <span class='ocr_line' id='line_1_87' title="bbox 741 1651 1378 1690; baseline 0.011 -9"><span class='ocrx_word' id='word_1_358' title='bbox 741 1651 899 1688; x_wconf 81' lang='lat' dir='ltr'>Libanus,</span> <span class='ocrx_word' id='word_1_359' title='bbox 918 1660 1011 1681; x_wconf 88' lang='lat' dir='ltr'>mons</span> <span class='ocrx_word' id='word_1_360' title='bbox 1029 1651 1161 1690; x_wconf 85' lang='lat' dir='ltr'>Judaeae,</span> <span class='ocrx_word' id='word_1_361' title='bbox 1179 1652 1211 1682; x_wconf 92' lang='lat' dir='ltr'>h.</span> <span class='ocrx_word' id='word_1_362' title='bbox 1229 1653 1378 1688; x_wconf 74' lang='lat' dir='ltr'>Dchehel</span> 
     </span>
     <span class='ocr_line' id='line_1_88' title="bbox 782 1692 952 1723; baseline 0 0"><span class='ocrx_word' id='word_1_363' title='bbox 782 1693 814 1723; x_wconf 80' lang='lat' dir='ltr'>el</span> <span class='ocrx_word' id='word_1_364' title='bbox 830 1692 952 1723; x_wconf 75' lang='lat' dir='ltr'>Lilmn.</span> 
     </span>
    </p>

    <p class='ocr_par' dir='ltr' id='par_1_46' title="bbox 741 1733 1378 1813">
     <span class='ocr_line' id='line_1_89' title="bbox 741 1733 1378 1774; baseline 0.008 -11"><span class='ocrx_word' id='word_1_365' title='bbox 741 1733 857 1772; x_wconf 71' lang='lat' dir='ltr'>Libya,</span> <span class='ocrx_word' id='word_1_366' title='bbox 880 1741 997 1764; x_wconf 89' lang='lat' dir='ltr'>nomen</span> <span class='ocrx_word' id='word_1_367' title='bbox 1010 1735 1105 1765; x_wconf 88' lang='lat' dir='ltr'>vetus</span> <span class='ocrx_word' id='word_1_368' title='bbox 1118 1733 1233 1765; x_wconf 85' lang='lat' dir='ltr'>Africae</span> <span class='ocrx_word' id='word_1_369' title='bbox 1257 1738 1378 1774; x_wconf 90' lang='lat' dir='ltr'>quanta</span> 
     </span>
     <span class='ocr_line' id='line_1_90' title="bbox 782 1775 1016 1813; baseline 0 -9"><span class='ocrx_word' id='word_1_370' title='bbox 782 1775 858 1804; x_wconf 92' lang='lat' dir='ltr'>olim</span> <span class='ocrx_word' id='word_1_371' title='bbox 876 1775 1016 1813; x_wconf 80' lang='lat' dir='ltr'>cognita.</span> 
     </span>
    </p>

    <p class='ocr_par' dir='ltr' id='par_1_47' title="bbox 742 1814 1043 1854">
     <span class='ocr_line' id='line_1_91' title="bbox 742 1814 1043 1854; baseline 0 -10"><span class='ocrx_word' id='word_1_372' title='bbox 742 1815 830 1853; x_wconf 81' lang='lat' dir='ltr'>Ligii.</span> <span class='ocrx_word' id='word_1_373' title='bbox 852 1814 931 1846; x_wconf 77' lang='lat' dir='ltr'>Vide</span> <span class='ocrx_word' id='word_1_374' title='bbox 945 1814 1043 1854; x_wconf 83' lang='lat' dir='ltr'>Lygii.</span> 
     </span>
    </p>

    <p class='ocr_par' dir='ltr' id='par_1_48' title="bbox 742 1855 1378 2010">
     <span class='ocr_line' id='line_1_92' title="bbox 742 1855 1378 1896; baseline 0.006 -10"><span class='ocrx_word' id='word_1_375' title='bbox 742 1855 881 1895; x_wconf 84' lang='lat' dir='ltr'>Ligures,</span> <span class='ocrx_word' id='word_1_376' title='bbox 892 1864 965 1895; x_wconf 87' lang='lat' dir='ltr'>pars</span> <span class='ocrx_word' id='word_1_377' title='bbox 976 1855 1085 1886; x_wconf 85' lang='lat' dir='ltr'>Galliae</span> <span class='ocrx_word' id='word_1_378' title='bbox 1098 1855 1280 1896; x_wconf 85' lang='lat' dir='ltr'>Cisalpinae,</span> <span class='ocrx_word' id='word_1_379' title='bbox 1294 1867 1378 1890; x_wconf 88' lang='lat' dir='ltr'>com-</span> 
     </span>
     <span class='ocr_line' id='line_1_93' title="bbox 784 1896 1376 1940; baseline 0.008 -14"><span class='ocrx_word' id='word_1_380' title='bbox 784 1896 983 1935; x_wconf 86' lang='lat' dir='ltr'>prehendens</span> <span class='ocrx_word' id='word_1_381' title='bbox 1020 1900 1158 1928; x_wconf 86' lang='lat' dir='ltr'>Luccam</span> <span class='ocrx_word' id='word_1_382' title='bbox 1172 1921 1180 1936; x_wconf 91' lang='lat'>,</span> <span class='ocrx_word' id='word_1_383' title='bbox 1213 1902 1376 1940; x_wconf 89' lang='lat' dir='ltr'>Genuam,</span> 
     </span>
     <span class='ocr_line' id='line_1_94' title="bbox 784 1937 1378 1976; baseline 0.012 -9"><span class='ocrx_word' id='word_1_384' title='bbox 784 1937 948 1968; x_wconf 87' lang='lat' dir='ltr'>meridiem</span> <span class='ocrx_word' id='word_1_385' title='bbox 973 1937 1139 1976; x_wconf 82' lang='lat' dir='ltr'>regionum</span> <span class='ocrx_word' id='word_1_386' title='bbox 1165 1939 1323 1972; x_wconf 66' lang='lat' dir='ltr'>Pie‘mont</span> <span class='ocrx_word' id='word_1_387' title='bbox 1345 1945 1378 1974; x_wconf 88' lang='lat' dir='ltr'>et</span> 
     </span>
     <span class='ocr_line' id='line_1_95' title="bbox 783 1980 1035 2010; baseline 0.004 -1"><span class='ocrx_word' id='word_1_388' title='bbox 783 1980 892 2010; x_wconf 67' lang='lat' dir='ltr'>Nizza</span> <span class='ocrx_word' id='word_1_389' title='bbox 902 1987 928 2009; x_wconf 90' lang='lat' dir='ltr'>s.</span> <span class='ocrx_word' id='word_1_390' title='bbox 942 1980 1035 2010; x_wconf 74' lang='lat' dir='ltr'>Nice.</span> 
     </span>
    </p>

    <p class='ocr_par' dir='ltr' id='par_1_49' title="bbox 742 2019 1378 2141">
     <span class='ocr_line' id='line_1_96' title="bbox 742 2019 1378 2066; baseline 0.008 -16"><span class='ocrx_word' id='word_1_391' title='bbox 742 2019 898 2066; x_wconf 82' lang='lat' dir='ltr'>Lingones</span> <span class='ocrx_word' id='word_1_392' title='bbox 910 2044 926 2066; x_wconf 32' lang='lat'>,⁶</span> <span class='ocrx_word' id='word_1_393' title='bbox 947 2019 1086 2066; x_wconf 75' lang='lat' dir='ltr'>populus</span> <span class='ocrx_word' id='word_1_394' title='bbox 1118 2020 1226 2052; x_wconf 83' lang='lat' dir='ltr'>Galliae</span> <span class='ocrx_word' id='word_1_395' title='bbox 1255 2023 1378 2062; x_wconf 85' lang='lat' dir='ltr'>Lugdu-</span> 
     </span>
     <span class='ocr_line' id='line_1_97' title="bbox 782 2065 1378 2101; baseline 0.008 -10"><span class='ocrx_word' id='word_1_396' title='bbox 782 2070 902 2099; x_wconf 82' lang='lat' dir='ltr'>nensis,</span> <span class='ocrx_word' id='word_1_397' title='bbox 917 2069 950 2091; x_wconf 90' lang='lat' dir='ltr'>m</span> <span class='ocrx_word' id='word_1_398' title='bbox 967 2069 1043 2100; x_wconf 80' lang='lat' dir='ltr'>ripls</span> <span class='ocrx_word' id='word_1_399' title='bbox 1059 2065 1225 2101; x_wconf 87' lang='lat' dir='ltr'>Sequanae,</span> <span class='ocrx_word' id='word_1_400' title='bbox 1242 2071 1316 2094; x_wconf 88' lang='lat' dir='ltr'>cum</span> <span class='ocrx_word' id='word_1_401' title='bbox 1331 2074 1378 2096; x_wconf 89' lang='lat' dir='ltr'>ca-</span> 
     </span>
     <span class='ocr_line' id='line_1_98' title="bbox 783 2103 1030 2141; baseline -0.004 -8"><span class='ocrx_word' id='word_1_402' title='bbox 783 2103 847 2141; x_wconf 89' lang='lat' dir='ltr'>pite</span> <span class='ocrx_word' id='word_1_403' title='bbox 866 2104 1030 2141; x_wconf 77' lang='lat' dir='ltr'>Lanqres.</span> 
     </span>
    </p>

    <p class='ocr_par' dir='ltr' id='par_1_50' title="bbox 742 2142 1375 2224">
     <span class='ocr_line' id='line_1_99' title="bbox 742 2142 1375 2186; baseline 0.008 -13"><span class='ocrx_word' id='word_1_404' title='bbox 742 2143 830 2183; x_wconf 85' lang='lat' dir='ltr'>Liris,</span> <span class='ocrx_word' id='word_1_405' title='bbox 848 2143 949 2174; x_wconf 88' lang='lat' dir='ltr'>amnis</span> <span class='ocrx_word' id='word_1_406' title='bbox 967 2142 1047 2174; x_wconf 85' lang='lat' dir='ltr'>Latii</span> <span class='ocrx_word' id='word_1_407' title='bbox 1062 2142 1096 2173; x_wconf 92' lang='lat' dir='ltr'>in</span> <span class='ocrx_word' id='word_1_408' title='bbox 1112 2143 1227 2175; x_wconf 86' lang='lat' dir='ltr'>finibus</span> <span class='ocrx_word' id='word_1_409' title='bbox 1244 2149 1375 2186; x_wconf 91' lang='lat' dir='ltr'>Campa·</span> 
     </span>
     <span class='ocr_line' id='line_1_100' title="bbox 784 2184 1150 2224; baseline 0.003 -10"><span class='ocrx_word' id='word_1_410' title='bbox 784 2185 845 2215; x_wconf 90' lang='lat' dir='ltr'>niae</span> <span class='ocrx_word' id='word_1_411' title='bbox 858 2207 866 2222; x_wconf 91' lang='lat'>,</span> <span class='ocrx_word' id='word_1_412' title='bbox 884 2184 916 2215; x_wconf 88' lang='lat' dir='ltr'>h.</span> <span class='ocrx_word' id='word_1_413' title='bbox 937 2184 1150 2224; x_wconf 72' lang='lat' dir='ltr'>Gariqlicmo.</span> 
     </span>
    </p>

    <p class='ocr_par' dir='ltr' id='par_1_51' title="bbox 742 2225 1375 2297">
     <span class='ocr_line' id='line_1_101' title="bbox 742 2225 1375 2267; baseline 0.005 -11"><span class='ocrx_word' id='word_1_414' title='bbox 742 2225 933 2257; x_wconf 90' lang='lat' dir='ltr'>Londinium</span> <span class='ocrx_word' id='word_1_415' title='bbox 945 2249 954 2264; x_wconf 92' lang='lat'>‚</span> <span class='ocrx_word' id='word_1_416' title='bbox 981 2225 1105 2256; x_wconf 88' lang='lat' dir='ltr'>colonia</span> <span class='ocrx_word' id='word_1_417' title='bbox 1133 2225 1165 2256; x_wconf 91' lang='lat' dir='ltr'>in</span> <span class='ocrx_word' id='word_1_418' title='bbox 1193 2227 1354 2259; x_wconf 86' lang='lat' dir='ltr'>Britannia</span> <span class='ocrx_word' id='word_1_419' title='bbox 1365 2251 1375 2267; x_wconf 87' lang='lat'>‚</span> 
     </span>
     <span class='ocr_line' id='line_1_102' title="bbox 784 2266 942 2297; baseline 0 0"><span class='ocrx_word' id='word_1_420' title='bbox 784 2266 942 2297; x_wconf 81' lang='lat' dir='ltr'>Londres.</span> 
     </span>
    </p>

    <p class='ocr_par' dir='ltr' id='par_1_52' title="bbox 743 2306 1376 2429">
     <span class='ocr_line' id='line_1_103' title="bbox 743 2306 1375 2347; baseline 0.003 -9"><span class='ocrx_word' id='word_1_421' title='bbox 743 2308 878 2338; x_wconf 79' lang='lat' dir='ltr'>Lucania</span> <span class='ocrx_word' id='word_1_422' title='bbox 891 2331 899 2346; x_wconf 96' lang='lat'>,</span> <span class='ocrx_word' id='word_1_423' title='bbox 917 2307 1000 2338; x_wconf 90' lang='lat' dir='ltr'>inter</span> <span class='ocrx_word' id='word_1_424' title='bbox 1019 2306 1184 2347; x_wconf 81' lang='lat' dir='ltr'>Apuliam,</span> <span class='ocrx_word' id='word_1_425' title='bbox 1204 2309 1326 2340; x_wconf 88' lang='lat' dir='ltr'>Brutios</span> <span class='ocrx_word' id='word_1_426' title='bbox 1343 2310 1375 2340; x_wconf 86' lang='lat' dir='ltr'>et</span> 
     </span>
     <span class='ocr_line' id='line_1_104' title="bbox 782 2348 1376 2387; baseline 0.005 -8"><span class='ocrx_word' id='word_1_427' title='bbox 782 2349 888 2379; x_wconf 88' lang='lat' dir='ltr'>sinum</span> <span class='ocrx_word' id='word_1_428' title='bbox 924 2348 1128 2379; x_wconf 87' lang='lat' dir='ltr'>Tarentinum</span> <span class='ocrx_word' id='word_1_429' title='bbox 1143 2371 1152 2387; x_wconf 92' lang='lat'>,</span> <span class='ocrx_word' id='word_1_430' title='bbox 1190 2348 1223 2380; x_wconf 88' lang='lat' dir='ltr'>h.</span> <span class='ocrx_word' id='word_1_431' title='bbox 1255 2350 1376 2382; x_wconf 76' lang='lat' dir='ltr'>Basili-</span> 
     </span>
     <span class='ocr_line' id='line_1_105' title="bbox 783 2390 1253 2429; baseline 0.002 -8"><span class='ocrx_word' id='word_1_432' title='bbox 783 2392 863 2421; x_wconf 82' lang='lat' dir='ltr'>cata</span> <span class='ocrx_word' id='word_1_433' title='bbox 876 2390 908 2421; x_wconf 87' lang='lat' dir='ltr'>et</span> <span class='ocrx_word' id='word_1_434' title='bbox 923 2391 1123 2429; x_wconf 81' lang='lat' dir='ltr'>Principato</span> <span class='ocrx_word' id='word_1_435' title='bbox 1140 2390 1253 2422; x_wconf 81' lang='lat' dir='ltr'>oltra.</span> 
     </span>
    </p>
   </div>
  </div>
 </body>
</html>
