1539 2668
81 119 121 148 90
469 120 601 149 TACITI
625 119 835 149 ANNALIUM
858 121 931 148 LIB.
957 120 1008 149 Ill.

83 205 99 219 a
116 199 258 222 sororem
276 199 403 230 quoque
417 190 513 222 Silani
536 191 732 230 Torquatam
744 214 753 229 ‚
771 189 1127 230 priscae‘sanctimoniae
1154 189 1328 229 virginem,
1353 199 1408 222 ex·

83 252 99 266 a
118 242 224 279 petere
241 250 267 267 υ.
285 237 317 267 in
338 237 419 267 hanc
437 237 627 268 sententiam
644 238 726 268 facta
739 236 904 267 discessio.

122 289 212 317 LXX.
237 286 312 315 Post
338 284 439 315 auditi
465 288 663 324 Cyrenenses
682 285 705 324 ¹,
720 285 752 316 et
777 286 946 315 accusante
970 284 1130 315 Anchario
1158 284 1264 315 Prisco
1288 284 1408 316 Caesius

81 332 203 365 Cordus
218 331 471 371 repetundarum
489 331 671 362 damnatur.
696 335 730 363 L.
749 331 908 371 Ennium,
926 331 1066 371 equitem
1085 332 1285 371 Romanum,
1311 333 1407 371 maje-

80 379 173 412 statis
191 379 408 419 postulatum,
425 378 516 418 quod
535 377 685 418 etjiqz‘em
709 380 879 418 Principis
890 380 1128 419 promiscuum
1154 377 1201 409 ad
1222 386 1323 409 usum
1346 386 1406 409 ar-

79 429 174 469 qemi
192 427 348 457 vertisset
364 425 390 464 ²,
407 425 503 465 recipi
524 429 630 456 Caesar
645 425 728 457 inter
744 434 815 457 reos
832 425 935 457 vetuit
948 450 956 464 ,
978 425 1081 465 palam
1111 427 1302 465 aspernante
1318 423 1407 455 Ateio

79 475 237 515 Capitone
249 497 258 512 ,
276 472 368 512 quasi
395 481 450 512 per
477 472 658 503 libertatem
676 482 683 503 :
700 481 765 504 non
790 474 880 504 enim
906 472 1025 503 (labere
1042 474 1130 512 eripi
1149 472 1314 503 Patribus
1337 473 1408 502 vim

76 520 278 559 statuendi,
297 527 403 560 neque
420 521 559 551 tantum
581 519 789 560 maleficium
804 522 944 559 impune
961 519 1168 550 habendum.
1195 527 1279 550 sanc
1294 519 1409 549 [emus

79 572 117 601 in
140 576 202 600 suo
218 566 334 598 dolore
351 568 434 597 esset
452 576 463 597 .-
483 566 683 606 reipublz‘cae
705 567 855 607 injurias
878 574 917 597 ne
941 566 1144 605 larqiretur.
1159 566 1317 597 intellexit
1338 565 1410 596 liaec

79 615 247 653 Tiberius,
265 617 299 644 ut
326 614 418 645 erant
443 614 544 653 magis
571 623 668 654 quam
687 617 723 645 ut
745 614 948 651 dicebantur,
968 613 1171 652 perstititque
1199 613 1405 644 intercedere.

77 663 191 702 Capito
207 661 390 700 insignitior
407 661 538 692 infamia
553 661 632 700 suit,
657 662 742 701 quod
760 661 891 692 humani
905 660 1072 700 divinique
1092 660 1173 700 juris
1197 661 1303 691 sciens
1323 669 1408 699 egre—

76 711 165 749 gium
181 707 346 748 publicum
361 709 392 738 et
407 707 507 739 bonas
523 708 608 739 domi
625 710 710 740 artes
723 709 734 725 ³
753 707 1043 740 delionestavisset.

121 759 224 787 LXXI.
250 754 382 785 Incessit
395 754 470 786 dein
485 755 593 795 religio
611 756 635 794 ¹,
651 764 790 795 quonam
809 755 840 785 in
856 755 974 794 templo
994 753 1164 784 locandum
1179 753 1260 784 soret
1273 753 1408 791 donum,

78 803 165 844 quod
182 811 238 842 pro
252 801 434 833 valetudine
447 805 596 842 Augustae
610 802 738 842 Equites
752 801 886 833 Romani
899 802 1053 832 voverant
1061 802 1208 841 equestri
1222 802 1411 832 Forlunoe:

79 859 154 882 nam
173 849 232 880 etsi
249 848 383 879 delubra
399 849 468 888 ejus
484 849 552 880 deae
567 849 668 880 multa
685 849 717 880 in
732 849 835 888 Urbe,
862 848 987 879 nullum
1003 850 1110 878 tamen
1126 848 1180 878 tali
1195 847 1410 887 cognomento

78 900 147 929 erat
163 896 187 927 ².
210 897 373 936 repertum
400 897 452 927 est
474 896 575 928 aedem
603 905 670 927 esse
695 896 780 937 apud
806 896 958 933 Antium,
983 904 1056 935 quae
1083 895 1129 926 sic
1157 901 1410 934 nuncuparetur,

79 946 289 984 cunctasque
314 944 534 974 coerimonias
560 943 695 975 Italicis
724 945 760 975 in
785 942 919 983 oppidis
943 943 1141 982 templaque
1167 943 1201 973 el
1227 944 1411 973 numinum

77 992 211 1032 efjliqz'es
221 990 316 1029 juris
330 991 435 1030 acque
450 992 584 1030 imperil
602 993 746 1022 Romam
760 999 838 1021 esse.
866 990 910 1021 ita
934 990 1054 1020 donum
1080 989 1164 1029 apud
1192 989 1324 1020 Antium
1346 990 1410 1019 sta-

77 1039 193 1071 tuitur.
220 1038 256 1069 Et
269 1036 399 1077 quando
412 1037 451 1068 de
468 1037 675 1076 religionibus
692 1037 902 1076 tractabatur,
917 1036 1053 1067 dilatum
1068 1045 1170 1075 nuper
1186 1035 1196 1053 ³
1219 1044 1409 1076 responsum

73 1085 232 1116 adversus
245 1086 310 1114 Ser.
327 1084 576 1123 Maluginensem
591 1107 600 1123 ,
625 1083 788 1115 flaminem
806 1084 927 1114 Dialem
941 1108 950 1122 ‚
970 1083 1126 1123 prompsit
1142 1086 1259 1121 Caesar,
1286 1083 1408 1114 recita-

77 1132 190 1172 vitque
208 1131 374 1162 decretum
393 1131 581 1170 pontificum
594 1154 602 1169 ,
621 1131 774 1170 «quoties
793 1131 945 1161 valetudo
960 1130 1094 1160 adversa
1109 1129 1270 1160 llaminem
1287 1130 1409 1161 Dialem

79 1192 94 1205 ε(
114 1179 307 1215 incessisset,
319 1179 376 1208 aut
392 1177 556 1217 pontilicis
572 1177 706 1207 maximi
720 1177 866 1216 arbitrio,
880 1177 950 1216 plus
965 1185 1062 1216 quam
1081 1176 1259 1207 binoctium
1273 1177 1409 1217 abesset,

81 1240 95 1251 a
114 1226 190 1257 «lum
203 1235 241 1257 ne
250 1225 363 1256 diebus
375 1224 495 1264 publici
510 1223 668 1262 sacrificii,
678 1232 739 1254 neu
754 1223 872 1263 saepius
887 1232 984 1263 quam
996 1223 1044 1254 bis
1059 1223 1197 1254 eundem
1209 1223 1241 1253 in
1256 1232 1410 1255 annum.»

77 1281 154 1313 quae
172 1272 319 1311 Principe
335 1272 479 1310 Augusto
493 1270 669 1301 constituta
686 1271 764 1301 satis
786 1269 1003 1302 ostendebant
1022 1279 1163 1301 annuam
1181 1270 1358 1301 absentiam
1378 1273 1411 1301 et

78 1319 316 1360 {provinciarum
330 1318 641 1349 administrationem
660 1317 802 1348 Dialibus
816 1325 880 1347 non
893 1317 1037 1348 concedi.
1055 1317 1358 1357 memorabaturque
1373 1319 1408 1348 L.

78 1367 196 1398 Metelli
210 1390 218 1404 ,
237 1365 397 1405 pontificis
417 1364 571 1404 maximi,
585 1364 789 1404 exemplum,
806 1363 861 1403 qui
876 1367 912 1394 A.
930 1364 1133 1395 Postumium
1157 1364 1319 1396 flaminem
1333 1365 1408 1396 atti-

78 1415 206 1446 nuisset
222 1413 245 1444 ⁴.
270 1414 319 1444 lta
333 1420 403 1443 sors
425 1411 508 1443 Asia:
535 1411 569 1442 in
594 1419 668 1442 eum
683 1435 693 1451 ,
710 1412 765 1451 qui
780 1410 996 1442 consularium
1014 1410 1227 1451 Maluginensi
1242 1412 1410 1452 proximus

75 1465 167 1501 erat,
185 1460 314 1492 collata.

122 1511 240 1541 LXXII.
259 1505 379 1538 lisdem
394 1504 510 1537 diebus
526 1504 665 1545 Lepidus
681 1505 723 1536 ab
739 1506 852 1536 senatu
868 1504 1000 1545 petivit,
1016 1507 1057 1536 ut
1077 1505 1258 1537 basilicam
1272 1507 1408 1546 Paulli,

79 1555 228 1590 sEmllz'a
241 1554 463 1585 monumenta
477 1552 500 1590 ¹,
512 1554 656 1592 propria
664 1554 814 1592 pecunia
827 1552 987 1588 firmaret
998 1555 1219 1593 ornarelque.
1230 1555 1298 1584 erat
1312 1555 1410 1586 etiam

76 1605 151 1636 tum
166 1603 199 1633 in
213 1610 302 1632 more
316 1600 444 1640 publica
461 1599 681 1630 munificentia
694 1610 702 1638 ;
717 1608 776 1630 nec
790 1602 950 1638 Augustus
963 1602 1110 1630 arcuerat
1121 1603 1263 1631 Taurum
1273 1625 1282 1639 ,
1298 1601 1412 1642 Philip-

79 1659 170 1692 pum,
182 1649 315 1680 Balbum
329 1647 354 1686 ²,
373 1646 505 1678 hostiles
518 1646 651 1677 exuvias
665 1648 722 1677 aut
738 1647 940 1677 exundantes
956 1655 1034 1686 opes
1047 1648 1198 1677 ornatum
1214 1648 1254 1679 ad
1272 1648 1365 1680 Urbis
1379 1650 1412 1680 et

78 1699 244 1738 posterum
263 1694 398 1735 gloriam
420 1694 575 1725 conferre.
597 1701 662 1733 quo
676 1694 747 1725 tum
761 1694 908 1733 exemplo
923 1694 1076 1733 Lepidus,
1096 1702 1294 1734 quamquam
1316 1705 1413 1735 pecu-

79 1748 144 1776 niae
161 1743 325 1780 modicus,
343 1741 466 1772 avitum
480 1740 579 1771 decus
598 1740 743 1771 recoluit.
755 1743 794 1771 At
809 1742 960 1780 Pompeii
975 1740 1175 1771 [Ιιεαίνιινη3
1190 1742 1263 1780 igne
1278 1742 1411 1772 fortuito

80 1793 234 1823 baustum
258 1793 363 1821 Caesar
379 1790 647 1819 exse-acturum
669 1787 833 1827 pollicitus
858 1789 928 1826 est,
947 1796 983 1818 eo
1006 1787 1098 1828 quod
1121 1797 1219 1819 nemo
1230 1789 1410 1829 elsamilia

81 1837 315 1870 restaurando
328 1835 504 1876 safficerel
514 1859 522 1873 ,
537 1837 700 1866 manenle
715 1837 831 1866 lartzen
845 1836 981 1866 nomme
995 1837 1160 1874 Pompeii.
1186 1836 1284 1867 simul
1309 1836 1411 1867 laudi-

81 1886 140 1917 bus
166 1886 317 1925 SeJanum
343 1883 478 1923 extulit,
509 1885 680 1923 tanquam
703 1882 820 1914 labore
846 1882 1101 1923 vlqllantiaque
1123 1883 1196 1922 ejus
1231 1885 1334 1916 tanta
1359 1886 1411 1916 vis

112 1962 188 1987 LXX.
205 1967 224 1984 ι.
243 1962 347 1989 Cyrene
364 1960 449 1983 Cretae
463 1958 611 1988 provinciae
628 1958 754 1987 adjuncta
767 1959 836 1981 erat.
855 1957 931 1981 Cont.
950 1962 972 1981 e.
990 1963 1025 1981 58.
1037 1961 1097 1980 -2.
1118 1957 1244 1982 Fortasse
1266 1958 1411 1983 creditori-

81 1996 130 2020 bus
145 1997 270 2020 dederat-
285 2008 314 2012 —
330 2001 354 2019 5.
373 1996 436 2024 Qua}
450 1994 558 2023 publice
571 1994 676 2018 fecerat
688 1994 798 2023 egregia
812 1995 838 2017 et
851 1994 966 2017 virtutes
979 1993 1108 2022 privatas.

115 2032 204 2056 Lxxl.
215 2037 236 2055 ι.
251 2031 397 2060 scrupulus
409 2030 435 2053 in
449 2035 479 2053 re
496 2030 595 2053 divina.
610 2042 636 2046 -
650 2034 672 2053 2.
691 2030 761 2058 Ergo
774 2030 829 2052 tum
844 2029 962 2058 perierat
975 2028 1103 2057 templum
1114 2027 1262 2057 Equestris
1274 2029 1410 2052 Fortunoe

83 2068 155 2098 quod
169 2072 193 2090 a.
207 2066 238 2090 U.
257 2071 300 2089 5719
318 2067 349 2095 Q.
370 2066 478 2089 Fulvius
490 2065 603 2088 Flaccus
617 2064 802 2088 dedicaverat.
823 2063 881 2087 Nisi
900 2064 992 2087 tamen
1012 2065 1134 2092 tempore
1151 2063 1251 2087 Tiberii
1276 2064 1409 2087 mutatum

82 2103 142 2128 erat
157 2106 254 2125 nomen
273 2101 344 2128 ejus,
359 2107 439 2129 quum
455 2100 549 2129 quinto
563 2100 660 2124 saeculo
675 2106 698 2129 p.
712 2100 776 2124 Chr.
791 2099 925 2123 exstitisse
946 2098 1012 2122 illud
1030 2097 1159 2127 templum
1180 2098 1364 2127 perhibeatur.
1380 2109 1409 2114 —

82 2145 105 2162 r,-
121 2139 183 2166 Cap.
198 2142 226 2159 53
238 2142 292 2164 seq.
302 2148 330 2152 —
340 2140 361 2159 4.
377 2137 540 2159 Retiuuisset
553 2137 579 2159 in
591 2136 708 2160 Siciliam
723 2135 918 2165 protecturum,
933 2140 1016 2163 quum
1031 2133 1125 2157 consul
1137 2135 1207 2157 esset
1221 2133 1291 2157 bello
1306 2134 1407 2158 Punico

94 2174 181 2198 urimo.
197 2177 221 2194 a.
236 2171 265 2194 U.
282 2176 332 2194 τηε.

84 2180 94 2204 l
115 2207 220 2232 Lxxu.
235 2212 257 2230 ι.
277 2208 302 2230 L.
317 2206 439 2230 AEmilius
454 2206 561 2230 Paullus
574 2208 635 2236 post
652 2212 676 2230 a.
689 2205 719 2230 U.
740 2211 783 2230 700
796 2204 1090 2235 magnificentissimam
1110 2203 1251 2228 basilicam
1271 2205 1297 2228 in
1317 2203 1407 2228 medio

83 2244 143 2268 soro
157 2245 262 2266 struere
277 2242 370 2270 coepit:
383 2242 417 2264 ob
431 2241 518 2264 civilia
539 2242 609 2266 bella
623 2243 806 2266 intermissum
825 2247 891 2270 opus
908 2240 1024 2270 perfecit
1038 2239 1144 2263 Paullus
1162 2239 1280 2263 AEtnilius
1293 2238 1407 2269 Lepidus

83 2279 134 2303 sub
149 2279 275 2307 Augusto.
295 2277 412 2300 Eandem
425 2276 549 2300 inccndio
564 2278 732 2306 absumptam
747 2277 843 2301 reiecit
858 2275 953 2305 viginti
970 2276 1047 2298 annis
1064 2276 1125 2304 post
1137 2275 1204 2299 alius
1219 2275 1348 2299 AEmiliuS.
1367 2275 1406 2298 ita

84 2314 193 2338 basilica
206 2313 252 2336 illa
269 2312 365 2342 plurali
380 2311 431 2335 dici
445 2313 554 2341 poterat
572 2315 755 2337 monumenta
771 2312 902 2338 AEtm'lia.
916 2316 977 2335 —2.
991 2312 1154 2335 struxerant
1169 2310 1288 2334 Statilius
1301 2312 1407 2334 Taurus

81 2348 312 2379 amphitheatrum
327 2348 352 2371 in
368 2348 467 2376 campo
481 2347 590 2377 Martio,
606 2349 721 2373 Marcius
733 2349 870 2377 Philippus
882 2346 1014 2376 templum
1028 2346 1150 2370 Herculis
1172 2347 1325 2376 Musagetae,
1343 2345 1407 2369 Cor-

84 2385 170 2408 nelius
188 2383 284 2407 Balbus
299 2383 444 2407 theatrum.
459 2394 486 2400 -
501 2388 525 2406 ³.
549 2384 694 2408 conditum
709 2391 732 2408 a.
747 2385 776 2408 U.
800 2389 852 2411 (399,
873 2384 948 2412 cujus
969 2383 1116 2405 etiamnum
1131 2381 1231 2406 rudera
1253 2381 1372 2409 manent,
1389 2385 1406 2404 a
