1539 2668
97 151 138 183 88
497 146 633 178 TACITI
653 147 861 177 ANNALIUM
882 148 953 177 LIB.
979 148 1034 176 111.

139 227 244 256 LXIV.
269 222 334 254 Sub
350 222 435 254 idem
459 224 587 263 tempus
601 221 695 253 Juliae
711 222 859 261 Augustae
872 220 1022 252 valetudo
1043 222 1135 250 atrox
1148 221 1413 254 necessitudinem

97 270 238 311 Principi
264 270 339 301 fecit
363 270 505 301 festinati
533 270 567 300 in
592 268 710 300 Urbem
740 268 879 307 reditus,
896 269 1021 299 sincera
1046 266 1150 298 adime
1178 267 1261 298 inter
1276 270 1412 300 matrem

98 318 262 357 filiumque
281 316 451 347 concordia
463 341 471 356 ‚
489 316 555 347 sive
569 315 703 346 occultis
724 314 816 346 odiis.
834 323 939 354 neque
960 313 1045 344 enim
1066 313 1167 344 multo
1193 316 1265 345 ante
1278 338 1287 353 ‚
1311 324 1413 354 quum

100 363 183 395 haud
200 363 309 404 procul
324 363 450 394 theatro
464 361 617 393 Mareelli¹
638 360 773 400 effigiem
788 361 863 392 divo
879 363 1021 400 Augusto
1037 364 1051 391 J
1057 360 1120 391 ulia
1137 359 1273 399 dicaret,
1293 361 1414 393 Tiberii

98 419 215 442 nomen
231 418 289 441 suo
315 410 575 450 postscripserat;
603 408 700 448 idque
729 408 782 439 ille
803 407 1003 446 credebatur,
1030 409 1065 438 ut
1090 407 1222 438 inferius
1249 408 1414 446 majestate

95 456 270 496 Principis,
292 456 380 495 gravi
405 457 436 487 et
452 455 653 487 dissimulata
675 454 852 485 offensione
873 453 1043 485 abdidisse.
1070 454 1125 485 sed
1150 455 1219 485 tum
1240 455 1414 494 supplicia

97 502 163 534 das
181 503 322 543 ludique
343 504 459 542 maym'
475 502 486 519 2
502 502 542 533 ab
558 503 669 532 senatu
684 500 912 539 decernuntur,
932 509 1012 540 qaos
1024 500 1204 540 pontifices
1218 503 1251 531 et
1265 509 1414 540 araqures·

97 551 129 580 et
143 549 402 590 quindecimviri
415 550 624 589 septemviris
638 547 741 579 simul
751 547 762 565 ³
777 549 809 579 et
821 547 995 579 sodalibus
1005 547 1250 586 Auyusz'alibzcs
1264 547 1414 580 ederent.

97 596 267 628 censuerat
280 600 314 627 L.
330 595 506 636 Apronius,
534 597 575 627 ut
581 595 729 634 feciales
741 593 752 612 ⁴
772 603 904 635 quoque
922 595 962 624 tis
980 593 1071 624 ludis
1082 593 1324 632 proese'derent.
1343 603 1415 626 con-

96 642 196 674 traxit
213 646 317 674 Caesar
342 642 492 673 distincto
516 641 765 673 sacerdotiorum
789 641 860 680 jure
890 643 920 671 et
944 639 1089 679 repetitis
1111 641 1264 680 exemplis
1284 651 1291 671 z
1309 649 1415 681 neque

97 691 186 721 enim
203 688 555 729 unquamfecialtbus
571 689 633 720 hoc
653 689 845 728 maJestatz's
860 687 984 726 faisse.
1010 686 1082 716 ideo
1097 688 1301 726 Auqastales
1326 688 1416 726 adje-

97 738 186 775 ctos,
203 737 286 776 quia
296 738 481 776 proprium
493 737 567 776 eJ'us
583 735 703 767 domus
718 735 949 766 sacerdotium
964 734 1048 764 esset
1059 754 1069 767 ,
1082 741 1149 773 pro
1163 742 1233 774 qua
1248 736 1326 765 vota
1337 743 1415 774 per—

97 783 323 814 solverentur.

139 833 227 860 LXV.
242 830 380 870 Exsequi
394 830 570 861 sententias
584 829 591 846 ¹
612 828 698 859 baud
714 827 852 866 institui,
868 826 929 857 nisi
942 825 1146 866 insignesjper
1161 826 1342 866 honestum,
1360 832 1415 860 aut

98 876 230 906 notabili
253 876 433 908 dedecore:
451 877 537 916 quod
560 875 757 916 praecipuutn
781 883 899 905 munus
927 873 1089 903 annalium
1116 882 1199 912 reor,
1220 883 1259 905 ne
1281 874 1417 906 virtutes

97 922 261 961 sileantur,
280 925 380 962 utque
398 924 503 963 pravis
522 923 616 954 dictis
630 922 785 961 factisque
801 930 839 952 ex
857 920 1040 961 posteritate
1054 922 1085 950 et
1100 919 1230 951 infamia
1244 923 1349 952 metus
1362 921 1415 952 sit.

99 971 241 1000 ceterum
264 972 407 1010 tempora
426 971 480 1001 illa
505 970 583 1001 adeo
606 970 724 1000 insecta
749 971 780 1000 et
802 969 985 1000 adulatione
1010 967 1138 998 sordida
1162 968 1266 1007 suere,
1295 971 1329 1000 ut
1355 978 1419 1001 non

98 1016 195 1048 modo
210 1016 365 1056 primores
383 1017 522 1048 civitatis
534 1041 542 1057 ,
558 1017 675 1057 quibus
690 1016 847 1047 claritudo
862 1025 919 1046 sua
941 1014 1102 1054 obsequiis
1121 1016 1316 1055 protegenda
1330 1016 1417 1055 erat,

97 1063 152 1095 sed
167 1072 277 1094 omnes
293 1064 477 1095 consulares
490 1088 498 1103 ,
516 1073 630 1103 magna
644 1071 717 1103 pars
740 1071 852 1093 eorum
878 1062 932 1102 qui
958 1065 1098 1102 praetura
1114 1062 1231 1100 functi,
1261 1062 1419 1102 multique

97 1110 343 1149 etiamjpedarii
364 1112 526 1142 senatores
540 1110 551 1127 2
579 1111 725 1142 certatim
753 1110 959 1148 exsurgerent
977 1108 1123 1147 scedaque
1143 1110 1174 1139 et
1191 1108 1290 1139 nimia
1315 1118 1420 1141 cense-

98 1159 179 1187 rent.
189 1158 354 1188 memoriae
368 1158 514 1197 proditur
526 1158 700 1196 Tiberium,
716 1156 841 1196 quoties
854 1155 941 1186 curia
956 1155 1169 1194 egrederetur,
1185 1156 1299 1187 Graecis
1313 1156 1420 1187 verbis

97 1204 131 1234 in
159 1203 244 1234 hunc
265 1204 398 1234 modum
421 1204 528 1243 eloqui
550 1204 702 1242 solitum,
733 1205 757 1233 O
783 1203 934 1234 homines
956 1201 1003 1233 ad
1029 1203 1229 1233 servitutem
1248 1204 1420 1242 paratos!

97 1249 230 1289 scilicet}
242 1250 337 1281 etiam
356 1251 444 1281 illum
458 1274 467 1289 ,
498 1251 552 1290 qui
581 1250 760 1282 libertatem
785 1249 948 1289 publicam
967 1248 1084 1287 nollet,
1102 1251 1166 1278 tani
1182 1248 1332 1288 projectae
1356 1259 1420 1281 ser-

98 1296 255 1327 vientium
275 1297 437 1337 patientiae
455 1298 603 1329 taedebat.

138 1347 241 1374 val.
267 1344 438 1375 Paullatim
461 1344 577 1375 dehinc
593 1343 633 1374 ab
653 1342 811 1374 indecoris
825 1342 865 1373 ad
886 1341 1002 1373 infesta
1026 1342 1351 1380 transgrediebantur.
1381 1346 1415 1373 C.

95 1390 238 1422 Silanum
250 1415 260 1429 ,
281 1391 507 1430 proconsulem
526 1390 622 1429 Asiae,
638 1389 888 1429 repetundarum
907 1397 925 1419 a
938 1388 1032 1419 sociis
1050 1389 1265 1429 postulatum,
1282 1394 1417 1420 Mamer-

97 1447 154 1470 cus
171 1441 308 1469 Scaurus
325 1446 342 1468 e
366 1437 605 1476 consularibus,
623 1436 737 1467 Junius
753 1437 837 1467 Otho
855 1437 983 1476 praetor,
1006 1435 1172 1467 Brutidius
1197 1437 1292 1476 Niger
1319 1436 1419 1467 {edilis

98 1484 193 1516 simul
210 1484 403 1523 corripiunt,
421 1484 645 1523 obiectantque
666 1483 834 1514 violatum
859 1483 1003 1522 Auyustz
1022 1490 1149 1513 numen
1161 1507 1172 1522 ,
1197 1486 1351 1523 spretam
1371 1484 1397 1514 T
1397 1484 1418 1512 ἑ-

100 1532 183 1563 berii
198 1532 431 1570 majestatem,
460 1536 638 1563 Mamercus
655 1530 787 1569 antiqua
803 1530 948 1570 exempla
960 1529 1095 1569 jaciens,
1108 1532 1145 1561 L.
1165 1532 1300 1562 Cottam
1313 1540 1335 1562 a
1351 1531 1418 1562 Sci-

97 1580 194 1617 piene
210 1578 371 1617 Africano
389 1578 413 1617 ¹,
427 1581 498 1610 Ser.
523 1578 669 1609 Galbam
691 1585 712 1607 a
737 1578 866 1608 Catone
881 1578 1033 1608 censorio
1044 1575 1069 1615 ²,
1084 1578 1124 1607 Ρ.
1140 1578 1312 1609 Rutilium
1332 1585 1354 1607 a
1365 1578 1415 1608 M.

99 1628 226 1657 Scauro
250 1625 463 1656 accusatosss.
479 1624 631 1656 videlicet
655 1623 758 1663 Scipio
772 1624 804 1654 et
820 1626 896 1654 Cato
912 1623 988 1654 talia
1016 1623 1264 1664 ulciscebantur,
1290 1627 1346 1655 aut
1366 1621 1418 1653 ille

96 1675 252 1710 Scaurus,
278 1680 373 1711 quem
398 1680 554 1711 proavum
580 1679 676 1702 suum
698 1670 905 1710 opprobrium
929 1670 1086 1709 majorum
1108 1675 1285 1702 Mamercus
1305 1671 1417 1704 infami

98 1727 194 1758 opera
214 1717 453 1749 dehonestabat.
480 1718 576 1749 sunio
600 1717 717 1749 Othoni
738 1717 924 1747 litterarium
952 1716 1064 1747 ludum
1090 1725 1239 1749 exercere
1251 1720 1344 1749 vetus
1366 1728 1416 1751 ars

98 1765 159 1796 suit
177 1775 184 1795 :
208 1774 281 1795 mox
299 1765 403 1804 sejani
421 1765 561 1804 potentia
579 1766 718 1804 senator,
735 1764 870 1795 obseura
882 1763 973 1795 initia
989 1763 1230 1804 impudentibus
1244 1765 1331 1796 ausis
1346 1774 1416 1805 pro-

99 1811 236 1851 pellebat
255 1812 280 1842 ·4.
298 1812 479 1843 Brutidium
496 1811 617 1843 artibus
638 1811 780 1843 honestis
805 1811 972 1851 copiosum
988 1812 1040 1850 et,
1053 1811 1079 1841 si
1103 1812 1227 1842 rectum
1250 1811 1310 1842 iter
1327 1821 1415 1852 pera-

98 1860 184 1897 geret
195 1883 203 1898 ,
218 1858 256 1889 ad
271 1858 447 1889 clarissima
460 1867 596 1898 quaeque
610 1859 732 1889 iturum
749 1858 908 1889 festinatio
924 1856 1162 1897 exstimulabat,
1174 1857 1251 1888 dum
1265 1859 1415 1899 aequales,

98 1905 172 1937 dein
199 1906 398 1946 superiores,
416 1908 578 1946 postremo
594 1906 736 1937 suasmet
757 1906 823 1945 ipse
849 1913 922 1944 spes
945 1905 1047 1936 antire
1061 1906 1175 1945 parat:
1192 1905 1278 1945 quod
1296 1905 1415 1936 multos

128 2019 218 2043 LXIV.
238 2023 257 2041 ¹.
273 2018 313 2041 Ab
336 2018 457 2047 Augusto
477 2019 664 2042 exstructo.-
677 2022 700 2040 α.
723 2017 785 2041 Sive
804 2016 925 2045 Romani,
940 2016 986 2045 qui
1008 2016 1119 2045 maam's
1138 2016 1188 2041 dns
1203 2018 1287 2046 (Jovi,
1303 2019 1413 2050 Junoni,

98 2053 234 2080 Minervae)
253 2058 344 2076 mense
362 2053 514 2082 Septembri
527 2053 747 2081 celebrabantur,
761 2054 818 2076 tum
832 2052 859 2075 in
876 2051 1006 2075 honorem
1023 2052 1138 2081 Augusti
1149 2051 1263 2077 decreti.
1277 2059 1337 2077 —z.
1355 2056 1413 2080 Una

99 2095 160 2113 cum
177 2088 356 2116 septemviris.
380 2088 527 2117 Pontifices,
542 2095 665 2119 augures,
678 2088 882 2119 quindecimviri
895 2088 981 2111 sacris
995 2087 1125 2112 faciundis
1139 2090 1166 2112 et
1181 2091 1337 2118 septemviri
1348 2098 1414 2122 epu-

100 2126 175 2149 lones
185 2123 240 2151 (qui
250 2123 334 2145 sacris
349 2123 433 2151 epuiis
445 2125 472 2146 et
482 2125 579 2152 partim
593 2125 740 2154 disciptinae
751 2124 880 2147 festorum
897 2123 1043 2152 praeerant)
1059 2123 1226 2148 vocabantur
1235 2131 1414 2151 summorum

99 2158 285 2187 colleyz'orum
299 2158 476 2186 sacerdotem
489 2159 587 2187 quibus
609 2160 714 2183 sodales
728 2158 888 2188 Augustales
908 2158 1055 2182 accessisse
1071 2158 1185 2182 vidimus
1204 2161 1221 2187 Ι,
1235 2166 1273 2185 54.
1286 2175 1314 2178 —-
1329 2167 1351 2185 4,
1366 2163 1413 2186 Vi-

100 2195 167 2225 giuti
183 2192 349 2221 sacerdotes„
369 2193 413 2221 qui
435 2198 468 2216 ex
485 2195 678 2224 antiquissimis
699 2194 866 2224 temporibus
882 2193 936 2222 juri
954 2194 982 2217 et
1003 2194 1080 2223 quasi
1098 2195 1257 2219 caerimoniis
1278 2196 1413 2223 bellorum

99 2229 246 2259 praecrant:

130 2264 205 2289 LXV.
221 2268 243 2286 ι.
262 2263 299 2286 De
316 2263 396 2286 rebus
410 2264 436 2287 in
453 2266 549 2288 senatu
565 2266 668 2290 relatis.
687 2278 714 2284 —-
731 2271 754 2290 ε.
774 2268 814 2291 lta
827 2266 918 2290 vocati
934 2271 994 2289 esse
1012 2265 1291 2291 videnturesenatores
1305 2269 1352 2297 illi,
1365 2271 1412 2300 qui

102 2304 214 2323 censere
227 2303 281 2321 non
294 2299 421 2327 poterant
431 2299 483 2322 nisi
494 2301 555 2327 post
566 2303 706 2326 senatores
719 2302 828 2326 functos
838 2300 1038 2330 magistratibus
1054 2301 1206 2326 curulibus:
1219 2303 1259 2326 his
1272 2304 1338 2328 nihil
1350 2305 1410 2334 ple-

98 2339 215 2363 rumque
225 2333 428 2363 relinquebatur
438 2340 518 2363 quam
531 2336 561 2359 ut
571 2337 687 2364 pedibus
701 2338 729 2362 in
741 2338 854 2362 aliorum
867 2338 1030 2361 sententiam
1039 2338 1119 2361 trent.

130 2369 219 2399 LXVI.
238 2374 258 2392 ι.
272 2369 373 2397 Altero,
388 2376 410 2392 a.
425 2370 454 2394 U.
468 2375 552 2393 «m.-
568 2376 590 2393 2.
604 2374 634 2396 Α.
646 2373 674 2397 U.
688 2378 740 2403 60⁴,
754 2372 942 2404 ohgtusitanos
954 2373 1056 2404 perfide
1072 2374 1185 2400 occisos.
1200 2388 1224 2394 —
1239 2380 1261 2400 5.
1273 2375 1408 2404 Ambitus,

101 2412 125 2430 a.
139 2406 168 2431 U.
182 2409 233 2429 ⁶³8.
245 2417 274 2422 —
287 2410 309 2429 ⁴.
323 2405 646 2436 provehebatmoussait.
