<?xml version="1.0" encoding="UTF-8"?>
<!DOCTYPE html PUBLIC "-//W3C//DTD XHTML 1.0 Transitional//EN"
    "http://www.w3.org/TR/xhtml1/DTD/xhtml1-transitional.dtd">
<html xmlns="http://www.w3.org/1999/xhtml" xml:lang="en" lang="en">
 <head>
  <title>
</title>
<meta http-equiv="Content-Type" content="text/html;charset=utf-8" />
  <meta name='ocr-system' content='tesseract 3.04.00' />
  <meta name='ocr-capabilities' content='ocr_page ocr_carea ocr_par ocr_line ocrx_word'/>
</head>
<body>
  <div class='ocr_page' id='page_1' title='image "./operaquaesupersu00taciuoft_0089.png"; bbox 0 0 1539 2668; ppageno 0'>
   <div class='ocr_carea' id='block_1_1' title="bbox 523 171 1403 203">
    <p class='ocr_par' dir='ltr' id='par_1_1' title="bbox 523 171 1403 203">
     <span class='ocr_line' id='line_1_1' title="bbox 523 171 1403 203; baseline 0 0"><span class='ocrx_word' id='word_1_1' title='bbox 523 174 559 203; x_wconf 78' lang='lat' dir='ltr'><strong>A.</strong></span> <span class='ocrx_word' id='word_1_2' title='bbox 584 174 622 203; x_wconf 90' lang='lat' dir='ltr'><strong>U.</strong></span> <span class='ocrx_word' id='word_1_3' title='bbox 646 173 681 202; x_wconf 88' lang='lat' dir='ltr'><strong>C.</strong></span> <span class='ocrx_word' id='word_1_4' title='bbox 706 172 776 201; x_wconf 88' lang='grc'>772.</span> <span class='ocrx_word' id='word_1_5' title='bbox 800 173 835 202; x_wconf 80' lang='grc' dir='ltr'><strong>Α.</strong></span> <span class='ocrx_word' id='word_1_6' title='bbox 859 172 893 202; x_wconf 89' lang='lat' dir='ltr'><strong>C.</strong></span> <span class='ocrx_word' id='word_1_7' title='bbox 920 172 970 202; x_wconf 84' lang='lat'><strong>19.</strong></span> <span class='ocrx_word' id='word_1_8' title='bbox 1366 171 1403 203; x_wconf 86' lang='grc'><strong>57</strong></span> 
     </span>
    </p>
   </div>
   <div class='ocr_carea' id='block_1_2' title="bbox 86 243 1454 2215">
    <p class='ocr_par' dir='ltr' id='par_1_2' title="bbox 90 243 1418 900">
     <span class='ocr_line' id='line_1_2' title="bbox 98 243 1414 291; baseline -0.008 -5"><span class='ocrx_word' id='word_1_9' title='bbox 98 254 197 291; x_wconf 77' lang='lat' dir='ltr'><strong>tum,</strong></span> <span class='ocrx_word' id='word_1_10' title='bbox 213 250 382 282; x_wconf 83' lang='lat' dir='ltr'><strong>decrevere</strong></span> <span class='ocrx_word' id='word_1_11' title='bbox 404 248 531 287; x_wconf 88' lang='lat' dir='ltr'><strong>Patres,</strong></span> <span class='ocrx_word' id='word_1_12' title='bbox 552 249 593 279; x_wconf 78' lang='lat' dir='ltr'><strong>ut</strong></span> <span class='ocrx_word' id='word_1_13' title='bbox 618 247 838 279; x_wconf 78' lang='lat' dir='ltr'><strong>Germanicus</strong></span> <span class='ocrx_word' id='word_1_14' title='bbox 857 247 960 286; x_wconf 81' lang='lat' dir='ltr'><strong>atque</strong></span> <span class='ocrx_word' id='word_1_15' title='bbox 978 246 1115 276; x_wconf 81' lang='lat' dir='ltr'><strong><em>Drusus</em></strong></span> <span class='ocrx_word' id='word_1_16' title='bbox 1132 246 1270 276; x_wconf 69' lang='lat' dir='ltr'><strong>ovantes</strong></span> <span class='ocrx_word' id='word_1_17' title='bbox 1291 243 1414 276; x_wconf 82' lang='lat' dir='ltr'><strong><em>Urbem</em></strong></span> 
     </span>
     <span class='ocr_line' id='line_1_3' title="bbox 95 290 1414 332; baseline -0.007 -1"><span class='ocrx_word' id='word_1_18' title='bbox 95 299 293 332; x_wconf 76' lang='lat' dir='ltr'><strong><em>introirent.</em></strong></span> <span class='ocrx_word' id='word_1_19' title='bbox 317 296 431 328; x_wconf 90' lang='lat' dir='ltr'><strong>structi</strong></span> <span class='ocrx_word' id='word_1_20' title='bbox 452 296 484 326; x_wconf 90' lang='lat' dir='ltr'><strong>et</strong></span> <span class='ocrx_word' id='word_1_21' title='bbox 510 303 602 326; x_wconf 86' lang='lat' dir='ltr'><strong>arcus</strong></span> <span class='ocrx_word' id='word_1_22' title='bbox 626 294 747 325; x_wconf 87' lang='lat' dir='ltr'><strong>circum</strong></span> <span class='ocrx_word' id='word_1_23' title='bbox 772 293 872 324; x_wconf 83' lang='lat' dir='ltr'><strong>latera</strong></span> <span class='ocrx_word' id='word_1_24' title='bbox 898 291 1009 331; x_wconf 91' lang='lat' dir='ltr'><strong>templi</strong></span> <span class='ocrx_word' id='word_1_25' title='bbox 1030 290 1139 322; x_wconf 86' lang='lat' dir='ltr'><strong>Martis</strong></span> <span class='ocrx_word' id='word_1_26' title='bbox 1165 291 1309 322; x_wconf 86' lang='lat' dir='ltr'><strong>Ultoris¹</strong></span> <span class='ocrx_word' id='word_1_27' title='bbox 1338 300 1414 323; x_wconf 90' lang='lat' dir='ltr'><strong>cum</strong></span> 
     </span>
     <span class='ocr_line' id='line_1_4' title="bbox 95 337 1414 385; baseline -0.008 -7"><span class='ocrx_word' id='word_1_28' title='bbox 95 346 200 385; x_wconf 84' lang='lat' dir='ltr'><strong>effigie</strong></span> <span class='ocrx_word' id='word_1_29' title='bbox 214 348 392 381; x_wconf 88' lang='lat' dir='ltr'><strong>Caesarum,</strong></span> <span class='ocrx_word' id='word_1_30' title='bbox 417 342 540 373; x_wconf 75' lang='lat' dir='ltr'>laetiore</span> <span class='ocrx_word' id='word_1_31' title='bbox 556 341 686 372; x_wconf 88' lang='lat' dir='ltr'><strong>Tiberio</strong></span> <span class='ocrx_word' id='word_1_32' title='bbox 696 365 704 379; x_wconf 90' lang='lat'>‚</span> <span class='ocrx_word' id='word_1_33' title='bbox 722 340 796 380; x_wconf 85' lang='lat' dir='ltr'><strong>quia</strong></span> <span class='ocrx_word' id='word_1_34' title='bbox 810 348 920 380; x_wconf 86' lang='lat' dir='ltr'><strong>pacem</strong></span> <span class='ocrx_word' id='word_1_35' title='bbox 936 338 1092 379; x_wconf 88' lang='lat' dir='ltr'><strong>sapientia</strong></span> <span class='ocrx_word' id='word_1_36' title='bbox 1105 337 1298 376; x_wconf 83' lang='lat' dir='ltr'><strong>firmaverat,</strong></span> <span class='ocrx_word' id='word_1_37' title='bbox 1316 347 1414 379; x_wconf 84' lang='lat' dir='ltr'><strong>quam</strong></span> 
     </span>
     <span class='ocr_line' id='line_1_5' title="bbox 94 384 1414 431; baseline -0.005 -8"><span class='ocrx_word' id='word_1_38' title='bbox 94 392 123 423; x_wconf 78' lang='lat' dir='ltr'><strong>si</strong></span> <span class='ocrx_word' id='word_1_39' title='bbox 139 392 257 423; x_wconf 89' lang='lat' dir='ltr'><strong>bellum</strong></span> <span class='ocrx_word' id='word_1_40' title='bbox 278 399 334 431; x_wconf 89' lang='lat' dir='ltr'><strong>per</strong></span> <span class='ocrx_word' id='word_1_41' title='bbox 354 389 437 420; x_wconf 84' lang='lat' dir='ltr'><strong>acies</strong></span> <span class='ocrx_word' id='word_1_42' title='bbox 461 388 665 420; x_wconf 81' lang='lat' dir='ltr'>confecisset.</span> <span class='ocrx_word' id='word_1_43' title='bbox 695 387 794 426; x_wconf 80' lang='lat' dir='ltr'>Igitur</span> <span class='ocrx_word' id='word_1_44' title='bbox 813 385 1032 426; x_wconf 82' lang='lat' dir='ltr'><strong>Rhescuporin</strong></span> <span class='ocrx_word' id='word_1_45' title='bbox 1044 393 1172 425; x_wconf 88' lang='lat' dir='ltr'><strong>quoque</strong></span> <span class='ocrx_word' id='word_1_46' title='bbox 1184 408 1193 423; x_wconf 90' lang='lat'><strong><em>‚</em></strong></span> <span class='ocrx_word' id='word_1_47' title='bbox 1210 384 1353 416; x_wconf 71' lang='lat' dir='ltr'><strong>Thraciae</strong></span> <span class='ocrx_word' id='word_1_48' title='bbox 1367 393 1414 416; x_wconf 90' lang='lat' dir='ltr'><strong>re-</strong></span> 
     </span>
     <span class='ocr_line' id='line_1_6' title="bbox 93 432 1415 477; baseline -0.006 -7"><span class='ocrx_word' id='word_1_49' title='bbox 93 445 164 477; x_wconf 87' lang='lat' dir='ltr'><strong>gem</strong></span> <span class='ocrx_word' id='word_1_50' title='bbox 176 461 184 476; x_wconf 97' lang='lat'><strong>,</strong></span> <span class='ocrx_word' id='word_1_51' title='bbox 202 440 274 469; x_wconf 89' lang='lat' dir='ltr'><strong>astu</strong></span> <span class='ocrx_word' id='word_1_52' title='bbox 287 436 480 476; x_wconf 81' lang='lat' dir='ltr'>aggreditur.</span> <span class='ocrx_word' id='word_1_53' title='bbox 497 443 625 466; x_wconf 88' lang='lat' dir='ltr'><strong>omnem</strong></span> <span class='ocrx_word' id='word_1_54' title='bbox 644 443 713 465; x_wconf 88' lang='lat' dir='ltr'><strong>eam</strong></span> <span class='ocrx_word' id='word_1_55' title='bbox 737 433 900 464; x_wconf 90' lang='lat' dir='ltr'><strong>nationem</strong></span> <span class='ocrx_word' id='word_1_56' title='bbox 918 432 1150 464; x_wconf 74' lang='lat' dir='ltr'>Rhoemetalces</span> <span class='ocrx_word' id='word_1_57' title='bbox 1165 432 1312 463; x_wconf 89' lang='lat' dir='ltr'><strong>tenuerat</strong></span> <span class='ocrx_word' id='word_1_58' title='bbox 1327 441 1334 462; x_wconf 91' lang='lat'><strong>:</strong></span> <span class='ocrx_word' id='word_1_59' title='bbox 1349 442 1415 472; x_wconf 89' lang='lat' dir='ltr'><strong>quo</strong></span> 
     </span>
     <span class='ocr_line' id='line_1_7' title="bbox 93 479 1414 524; baseline -0.004 -8"><span class='ocrx_word' id='word_1_60' title='bbox 93 483 246 516; x_wconf 87' lang='lat' dir='ltr'><strong>defuncto</strong></span> <span class='ocrx_word' id='word_1_61' title='bbox 269 484 432 524; x_wconf 83' lang='lat' dir='ltr'><strong>Augustus</strong></span> <span class='ocrx_word' id='word_1_62' title='bbox 458 485 581 522; x_wconf 90' lang='lat' dir='ltr'><strong>partem</strong></span> <span class='ocrx_word' id='word_1_63' title='bbox 605 481 766 512; x_wconf 89' lang='lat' dir='ltr'><strong>Thracum</strong></span> <span class='ocrx_word' id='word_1_64' title='bbox 792 480 1040 521; x_wconf 81' lang='lat' dir='ltr'>Rhescuporidi,</span> <span class='ocrx_word' id='word_1_65' title='bbox 1065 479 1155 510; x_wconf 85' lang='lat' dir='ltr'><strong>fratri</strong></span> <span class='ocrx_word' id='word_1_66' title='bbox 1183 479 1270 518; x_wconf 88' lang='lat' dir='ltr'><strong>ejus,</strong></span> <span class='ocrx_word' id='word_1_67' title='bbox 1292 483 1414 519; x_wconf 86' lang='lat' dir='ltr'><strong>partem</strong></span> 
     </span>
     <span class='ocr_line' id='line_1_8' title="bbox 92 525 1414 571; baseline -0.003 -11"><span class='ocrx_word' id='word_1_68' title='bbox 92 529 157 562; x_wconf 90' lang='lat' dir='ltr'><strong>filio</strong></span> <span class='ocrx_word' id='word_1_69' title='bbox 179 531 271 571; x_wconf 80' lang='lat' dir='ltr'><strong>Cotyi</strong></span> <span class='ocrx_word' id='word_1_70' title='bbox 288 529 446 571; x_wconf 83' lang='lat' dir='ltr'><strong>permisit.</strong></span> <span class='ocrx_word' id='word_1_71' title='bbox 461 529 496 560; x_wconf 90' lang='lat' dir='ltr'><strong>in</strong></span> <span class='ocrx_word' id='word_1_72' title='bbox 509 537 546 561; x_wconf 87' lang='lat' dir='ltr'><strong>ea</strong></span> <span class='ocrx_word' id='word_1_73' title='bbox 567 528 728 559; x_wconf 86' lang='lat' dir='ltr'><strong>divisione</strong></span> <span class='ocrx_word' id='word_1_74' title='bbox 750 536 827 558; x_wconf 89' lang='lat' dir='ltr'><strong>arva</strong></span> <span class='ocrx_word' id='word_1_75' title='bbox 844 529 876 558; x_wconf 88' lang='lat' dir='ltr'><strong>et</strong></span> <span class='ocrx_word' id='word_1_76' title='bbox 890 527 984 558; x_wconf 87' lang='lat' dir='ltr'><strong>urbes</strong></span> <span class='ocrx_word' id='word_1_77' title='bbox 999 529 1032 558; x_wconf 88' lang='lat' dir='ltr'><strong>et</strong></span> <span class='ocrx_word' id='word_1_78' title='bbox 1045 525 1151 557; x_wconf 81' lang='lat' dir='ltr'><strong>vicina</strong></span> <span class='ocrx_word' id='word_1_79' title='bbox 1167 525 1285 557; x_wconf 85' lang='lat' dir='ltr'><strong>Graecis</strong></span> <span class='ocrx_word' id='word_1_80' title='bbox 1304 525 1414 565; x_wconf 74' lang='lat' dir='ltr'><strong>Cotyi,</strong></span> 
     </span>
     <span class='ocr_line' id='line_1_9' title="bbox 91 571 1416 617; baseline -0.005 -8"><span class='ocrx_word' id='word_1_81' title='bbox 91 577 180 616; x_wconf 83' lang='lat' dir='ltr'><strong>quod</strong></span> <span class='ocrx_word' id='word_1_82' title='bbox 201 577 382 617; x_wconf 90' lang='lat' dir='ltr'><strong>incultum,</strong></span> <span class='ocrx_word' id='word_1_83' title='bbox 413 577 521 615; x_wconf 60' lang='lat' dir='ltr'><strong>serm,</strong></span> <span class='ocrx_word' id='word_1_84' title='bbox 551 583 711 606; x_wconf 87' lang='lat' dir='ltr'><strong>annexum</strong></span> <span class='ocrx_word' id='word_1_85' title='bbox 739 573 907 612; x_wconf 78' lang='lat' dir='ltr'><strong>hostibus,</strong></span> <span class='ocrx_word' id='word_1_86' title='bbox 932 572 1163 613; x_wconf 81' lang='lat' dir='ltr'><strong>Rhescuporidi</strong></span> <span class='ocrx_word' id='word_1_87' title='bbox 1191 571 1306 612; x_wconf 88' lang='lat' dir='ltr'><strong>cessit;</strong></span> <span class='ocrx_word' id='word_1_88' title='bbox 1330 573 1416 612; x_wconf 90' lang='lat' dir='ltr'><strong>ipso-</strong></span> 
     </span>
     <span class='ocr_line' id='line_1_10' title="bbox 91 619 1418 665; baseline -0.002 -10"><span class='ocrx_word' id='word_1_89' title='bbox 91 632 230 665; x_wconf 85' lang='lat' dir='ltr'>rumque</span> <span class='ocrx_word' id='word_1_90' title='bbox 252 633 363 664; x_wconf 89' lang='lat' dir='ltr'><strong>regum</strong></span> <span class='ocrx_word' id='word_1_91' title='bbox 386 623 533 664; x_wconf 85' lang='lat' dir='ltr'><strong>ingenia,</strong></span> <span class='ocrx_word' id='word_1_92' title='bbox 553 622 598 653; x_wconf 93' lang='lat' dir='ltr'><strong>illi</strong></span> <span class='ocrx_word' id='word_1_93' title='bbox 621 623 698 652; x_wconf 87' lang='lat' dir='ltr'><strong>mite</strong></span> <span class='ocrx_word' id='word_1_94' title='bbox 726 623 757 652; x_wconf 88' lang='lat' dir='ltr'><strong>et</strong></span> <span class='ocrx_word' id='word_1_95' title='bbox 773 629 935 652; x_wconf 78' lang='lat' dir='ltr'><strong>amoenum</strong></span> <span class='ocrx_word' id='word_1_96' title='bbox 951 620 976 659; x_wconf 82' lang='lat'><strong>²,</strong></span> <span class='ocrx_word' id='word_1_97' title='bbox 994 620 1070 652; x_wconf 92' lang='lat' dir='ltr'><strong>huic</strong></span> <span class='ocrx_word' id='word_1_98' title='bbox 1097 622 1209 659; x_wconf 82' lang='lat' dir='ltr'><strong>atrox,</strong></span> <span class='ocrx_word' id='word_1_99' title='bbox 1233 619 1363 651; x_wconf 78' lang='lat' dir='ltr'><strong>avidum</strong></span> <span class='ocrx_word' id='word_1_100' title='bbox 1383 622 1418 653; x_wconf 81' lang='lat' dir='ltr'><strong>et</strong></span> 
     </span>
     <span class='ocr_line' id='line_1_11' title="bbox 90 667 1417 711; baseline -0.006 -6"><span class='ocrx_word' id='word_1_101' title='bbox 90 672 255 706; x_wconf 84' lang='lat' dir='ltr'><strong>societatis</strong></span> <span class='ocrx_word' id='word_1_102' title='bbox 275 671 448 711; x_wconf 83' lang='lat' dir='ltr'><strong>impatiens</strong></span> <span class='ocrx_word' id='word_1_103' title='bbox 468 672 548 702; x_wconf 91' lang='lat' dir='ltr'><strong>erat.</strong></span> <span class='ocrx_word' id='word_1_104' title='bbox 565 669 622 701; x_wconf 89' lang='lat' dir='ltr'><strong>sed</strong></span> <span class='ocrx_word' id='word_1_105' title='bbox 638 669 743 709; x_wconf 83' lang='lat' dir='ltr'><strong>primo</strong></span> <span class='ocrx_word' id='word_1_106' title='bbox 760 668 895 699; x_wconf 85' lang='lat' dir='ltr'><strong>subdola</strong></span> <span class='ocrx_word' id='word_1_107' title='bbox 909 667 1079 699; x_wconf 86' lang='lat' dir='ltr'><strong>concordia</strong></span> <span class='ocrx_word' id='word_1_108' title='bbox 1093 676 1184 707; x_wconf 83' lang='lat' dir='ltr'><strong>egere</strong></span> <span class='ocrx_word' id='word_1_109' title='bbox 1200 676 1208 697; x_wconf 70' lang='grc' dir='ltr'>ε</span> <span class='ocrx_word' id='word_1_110' title='bbox 1226 675 1303 698; x_wconf 88' lang='lat' dir='ltr'><strong>mox</strong></span> <span class='ocrx_word' id='word_1_111' title='bbox 1319 667 1417 698; x_wconf 86' lang='lat' dir='ltr'><strong>Rhes-</strong></span> 
     </span>
     <span class='ocr_line' id='line_1_12' title="bbox 90 713 1415 760; baseline -0.005 -9"><span class='ocrx_word' id='word_1_112' title='bbox 90 718 220 760; x_wconf 82' lang='lat' dir='ltr'><strong>cuporis</strong></span> <span class='ocrx_word' id='word_1_113' title='bbox 248 718 355 759; x_wconf 85' lang='lat' dir='ltr'><strong>egredi</strong></span> <span class='ocrx_word' id='word_1_114' title='bbox 372 717 470 757; x_wconf 87' lang='lat' dir='ltr'><strong>fines,</strong></span> <span class='ocrx_word' id='word_1_115' title='bbox 489 720 613 749; x_wconf 85' lang='lat' dir='ltr'><strong>vertere</strong></span> <span class='ocrx_word' id='word_1_116' title='bbox 628 716 660 747; x_wconf 91' lang='lat' dir='ltr'><strong>in</strong></span> <span class='ocrx_word' id='word_1_117' title='bbox 687 725 719 747; x_wconf 91' lang='lat' dir='ltr'><strong>se</strong></span> <span class='ocrx_word' id='word_1_118' title='bbox 746 716 838 755; x_wconf 86' lang='lat' dir='ltr'><strong>Cotyi</strong></span> <span class='ocrx_word' id='word_1_119' title='bbox 864 715 957 754; x_wconf 89' lang='lat' dir='ltr'><strong>data,</strong></span> <span class='ocrx_word' id='word_1_120' title='bbox 976 717 1008 746; x_wconf 87' lang='lat' dir='ltr'><strong>et</strong></span> <span class='ocrx_word' id='word_1_121' title='bbox 1028 714 1188 746; x_wconf 84' lang='lat' dir='ltr'><strong>resistenti</strong></span> <span class='ocrx_word' id='word_1_122' title='bbox 1204 713 1271 745; x_wconf 86' lang='lat' dir='ltr'><strong>vim</strong></span> <span class='ocrx_word' id='word_1_123' title='bbox 1290 714 1415 754; x_wconf 85' lang='lat' dir='ltr'><strong>facere,</strong></span> 
     </span>
     <span class='ocr_line' id='line_1_13' title="bbox 91 761 1416 805; baseline -0.005 -7"><span class='ocrx_word' id='word_1_124' title='bbox 91 767 283 800; x_wconf 81' lang='lat' dir='ltr'><strong>cunctanter</strong></span> <span class='ocrx_word' id='word_1_125' title='bbox 299 765 360 797; x_wconf 87' lang='lat' dir='ltr'><strong>sub</strong></span> <span class='ocrx_word' id='word_1_126' title='bbox 376 767 536 805; x_wconf 82' lang='lat' dir='ltr'><strong>Augusto,</strong></span> <span class='ocrx_word' id='word_1_127' title='bbox 551 772 647 804; x_wconf 91' lang='lat' dir='ltr'><strong>quem</strong></span> <span class='ocrx_word' id='word_1_128' title='bbox 666 764 828 794; x_wconf 80' lang='lat' dir='ltr'><strong>auctorem</strong></span> <span class='ocrx_word' id='word_1_129' title='bbox 845 762 1014 802; x_wconf 87' lang='lat' dir='ltr'><strong>utriusque</strong></span> <span class='ocrx_word' id='word_1_130' title='bbox 1030 762 1135 802; x_wconf 86' lang='lat' dir='ltr'><strong>regni,</strong></span> <span class='ocrx_word' id='word_1_131' title='bbox 1155 761 1183 793; x_wconf 90' lang='lat' dir='ltr'><strong>si</strong></span> <span class='ocrx_word' id='word_1_132' title='bbox 1199 762 1416 801; x_wconf 84' lang='lat' dir='ltr'><strong>sperneretur,</strong></span> 
     </span>
     <span class='ocr_line' id='line_1_14' title="bbox 90 808 1418 849; baseline -0.005 -4"><span class='ocrx_word' id='word_1_133' title='bbox 90 813 253 846; x_wconf 86' lang='lat' dir='ltr'><strong>vindicem</strong></span> <span class='ocrx_word' id='word_1_134' title='bbox 271 812 448 844; x_wconf 85' lang='lat' dir='ltr'><strong>metuebat.</strong></span> <span class='ocrx_word' id='word_1_135' title='bbox 476 812 642 843; x_wconf 85' lang='lat' dir='ltr'><strong>enimvero</strong></span> <span class='ocrx_word' id='word_1_136' title='bbox 667 810 778 841; x_wconf 86' lang='lat' dir='ltr'><strong>audita</strong></span> <span class='ocrx_word' id='word_1_137' title='bbox 806 809 985 841; x_wconf 84' lang='lat' dir='ltr'><strong>mutatione</strong></span> <span class='ocrx_word' id='word_1_138' title='bbox 1012 808 1167 849; x_wconf 86' lang='lat' dir='ltr'><strong>Principis</strong></span> <span class='ocrx_word' id='word_1_139' title='bbox 1183 808 1358 840; x_wconf 89' lang='lat' dir='ltr'><strong>immittere</strong></span> <span class='ocrx_word' id='word_1_140' title='bbox 1373 808 1418 838; x_wconf 86' lang='lat' dir='ltr'><strong>la·</strong></span> 
     </span>
     <span class='ocr_line' id='line_1_15' title="bbox 91 855 1008 900; baseline -0.007 -8"><span class='ocrx_word' id='word_1_141' title='bbox 91 864 222 893; x_wconf 87' lang='lat' dir='ltr'><strong>tronum</strong></span> <span class='ocrx_word' id='word_1_142' title='bbox 236 860 347 900; x_wconf 82' lang='lat' dir='ltr'><strong>globos</strong></span> <span class='ocrx_word' id='word_1_143' title='bbox 361 884 369 899; x_wconf 96' lang='lat'><strong>,</strong></span> <span class='ocrx_word' id='word_1_144' title='bbox 387 859 572 890; x_wconf 79' lang='lat' dir='ltr'><strong>exscindere</strong></span> <span class='ocrx_word' id='word_1_145' title='bbox 591 858 719 889; x_wconf 86' lang='lat' dir='ltr'><strong>castella</strong></span> <span class='ocrx_word' id='word_1_146' title='bbox 731 882 739 897; x_wconf 92' lang='lat'><strong>,</strong></span> <span class='ocrx_word' id='word_1_147' title='bbox 757 866 872 888; x_wconf 83' lang='lat' dir='ltr'><strong>causas</strong></span> <span class='ocrx_word' id='word_1_148' title='bbox 886 856 968 888; x_wconf 90' lang='lat' dir='ltr'><strong>bello</strong></span> <span class='ocrx_word' id='word_1_149' title='bbox 984 855 1008 885; x_wconf 79' lang='lat'><strong>³.</strong></span> 
     </span>
    </p>

    <p class='ocr_par' dir='ltr' id='par_1_3' title="bbox 86 903 1430 1508">
     <span class='ocr_line' id='line_1_16' title="bbox 132 903 1421 946; baseline -0.005 -7"><span class='ocrx_word' id='word_1_150' title='bbox 132 912 221 940; x_wconf 79' lang='lat' dir='ltr'>LXV.</span> <span class='ocrx_word' id='word_1_151' title='bbox 245 908 329 938; x_wconf 74' lang='lat' dir='ltr'><strong>Nihil</strong></span> <span class='ocrx_word' id='word_1_152' title='bbox 352 915 444 946; x_wconf 66' lang='lat' dir='ltr'><strong>{eque</strong></span> <span class='ocrx_word' id='word_1_153' title='bbox 466 906 631 937; x_wconf 86' lang='lat' dir='ltr'><strong>Tiberium</strong></span> <span class='ocrx_word' id='word_1_154' title='bbox 649 905 783 936; x_wconf 82' lang='lat' dir='ltr'><strong>anxium</strong></span> <span class='ocrx_word' id='word_1_155' title='bbox 800 904 937 935; x_wconf 86' lang='lat' dir='ltr'><strong>hahebat</strong></span> <span class='ocrx_word' id='word_1_156' title='bbox 954 904 960 920; x_wconf 86' lang='lat'>¹</span> <span class='ocrx_word' id='word_1_157' title='bbox 990 911 1088 942; x_wconf 89' lang='lat' dir='ltr'><strong>quam</strong></span> <span class='ocrx_word' id='word_1_158' title='bbox 1103 911 1144 934; x_wconf 87' lang='lat' dir='ltr'><strong>ne</strong></span> <span class='ocrx_word' id='word_1_159' title='bbox 1157 903 1334 943; x_wconf 85' lang='lat' dir='ltr'><strong>composita</strong></span> <span class='ocrx_word' id='word_1_160' title='bbox 1347 904 1421 933; x_wconf 78' lang='lat' dir='ltr'><strong>tur-</strong></span> 
     </span>
     <span class='ocr_line' id='line_1_17' title="bbox 90 949 1427 993; baseline -0.004 -8"><span class='ocrx_word' id='word_1_161' title='bbox 90 953 256 986; x_wconf 87' lang='lat' dir='ltr'><strong>barentur.</strong></span> <span class='ocrx_word' id='word_1_162' title='bbox 281 953 389 993; x_wconf 82' lang='lat' dir='ltr'><strong>deligit</strong></span> <span class='ocrx_word' id='word_1_163' title='bbox 419 953 661 992; x_wconf 82' lang='lat' dir='ltr'><strong>centurionem,</strong></span> <span class='ocrx_word' id='word_1_164' title='bbox 678 952 733 992; x_wconf 88' lang='lat' dir='ltr'><strong>qui</strong></span> <span class='ocrx_word' id='word_1_165' title='bbox 755 952 920 982; x_wconf 81' lang='lat' dir='ltr'><strong>nuntiaret</strong></span> <span class='ocrx_word' id='word_1_166' title='bbox 937 950 1083 990; x_wconf 82' lang='lat' dir='ltr'><strong>regibus,</strong></span> <span class='ocrx_word' id='word_1_167' title='bbox 1110 958 1152 981; x_wconf 76' lang='lat' dir='ltr'><strong>ne</strong></span> <span class='ocrx_word' id='word_1_168' title='bbox 1176 952 1282 982; x_wconf 73' lang='lat' dir='ltr'><strong>armis</strong></span> <span class='ocrx_word' id='word_1_169' title='bbox 1316 949 1427 981; x_wconf 52' lang='lat' dir='ltr'><strong>disce-2</strong></span> 
     </span>
     <span class='ocr_line' id='line_1_18' title="bbox 86 997 1430 1042; baseline -0.004 -9"><span class='ocrx_word' id='word_1_170' title='bbox 86 1003 233 1042; x_wconf 79' lang='lat' dir='ltr'><strong>ptarent</strong></span> <span class='ocrx_word' id='word_1_171' title='bbox 247 1013 257 1033; x_wconf 88' lang='grc'><strong>.-</strong></span> <span class='ocrx_word' id='word_1_172' title='bbox 275 1001 450 1041; x_wconf 82' lang='lat' dir='ltr'><strong>statimque</strong></span> <span class='ocrx_word' id='word_1_173' title='bbox 464 1010 482 1031; x_wconf 85' lang='lat' dir='ltr'><strong>a</strong></span> <span class='ocrx_word' id='word_1_174' title='bbox 498 1002 598 1040; x_wconf 74' lang='lat' dir='ltr'><strong>Cotye</strong></span> <span class='ocrx_word' id='word_1_175' title='bbox 616 999 748 1030; x_wconf 88' lang='lat' dir='ltr'><strong>dimissa</strong></span> <span class='ocrx_word' id='word_1_176' title='bbox 765 1000 858 1037; x_wconf 89' lang='lat' dir='ltr'><strong>sunt,</strong></span> <span class='ocrx_word' id='word_1_177' title='bbox 876 1007 948 1039; x_wconf 84' lang='lat' dir='ltr'><strong>quae</strong></span> <span class='ocrx_word' id='word_1_178' title='bbox 964 999 1141 1037; x_wconf 77' lang='lat' dir='ltr'><strong>paraverat,</strong></span> <span class='ocrx_word' id='word_1_179' title='bbox 1164 998 1295 1028; x_wconf 78' lang='lat' dir='ltr'><strong>auxilia.</strong></span> <span class='ocrx_word' id='word_1_180' title='bbox 1321 997 1430 1028; x_wconf 72' lang='lat' dir='ltr'><strong>mres--</strong></span> 
     </span>
     <span class='ocr_line' id='line_1_19' title="bbox 91 1043 1417 1089; baseline -0.005 -9"><span class='ocrx_word' id='word_1_181' title='bbox 91 1049 219 1089; x_wconf 84' lang='lat' dir='ltr'><strong>euporis</strong></span> <span class='ocrx_word' id='word_1_182' title='bbox 246 1048 320 1079; x_wconf 87' lang='lat' dir='ltr'><strong>ficta</strong></span> <span class='ocrx_word' id='word_1_183' title='bbox 337 1048 497 1080; x_wconf 85' lang='lat' dir='ltr'><strong>modestia</strong></span> <span class='ocrx_word' id='word_1_184' title='bbox 526 1047 688 1088; x_wconf 89' lang='lat' dir='ltr'><strong>postulat,</strong></span> <span class='ocrx_word' id='word_1_185' title='bbox 715 1046 861 1078; x_wconf 79' lang='lat' dir='ltr'><strong>cundem</strong></span> <span class='ocrx_word' id='word_1_186' title='bbox 885 1047 919 1077; x_wconf 76' lang='lat' dir='ltr'><strong>in</strong></span> <span class='ocrx_word' id='word_1_187' title='bbox 938 1046 1234 1084; x_wconf 51' lang='lat' dir='ltr'><strong>mmmmm-etum</strong></span> <span class='ocrx_word' id='word_1_188' title='bbox 1251 1053 1349 1085; x_wconf 80' lang='lat' dir='ltr'><strong>posse</strong></span> <span class='ocrx_word' id='word_1_189' title='bbox 1376 1043 1417 1074; x_wconf 76' lang='lat' dir='ltr'><strong>(Ic</strong></span> 
     </span>
     <span class='ocr_line' id='line_1_20' title="bbox 91 1091 1416 1135; baseline -0.005 -7"><span class='ocrx_word' id='word_1_190' title='bbox 91 1097 327 1128; x_wconf 79' lang='lat' dir='ltr'><strong>controversiis</strong></span> <span class='ocrx_word' id='word_1_191' title='bbox 352 1095 523 1135; x_wconf 75' lang='lat' dir='ltr'><strong>colloquio</strong></span> <span class='ocrx_word' id='word_1_192' title='bbox 541 1095 698 1133; x_wconf 75' lang='lat' dir='ltr'><strong>transiyi.</strong></span> <span class='ocrx_word' id='word_1_193' title='bbox 722 1102 781 1125; x_wconf 89' lang='lat' dir='ltr'><strong>nec</strong></span> <span class='ocrx_word' id='word_1_194' title='bbox 805 1093 859 1124; x_wconf 85' lang='lat' dir='ltr'><strong>diu</strong></span> <span class='ocrx_word' id='word_1_195' title='bbox 887 1091 1072 1123; x_wconf 86' lang='lat' dir='ltr'><strong>dubitatum</strong></span> <span class='ocrx_word' id='word_1_196' title='bbox 1093 1091 1133 1122; x_wconf 91' lang='lat' dir='ltr'><strong>de</strong></span> <span class='ocrx_word' id='word_1_197' title='bbox 1149 1093 1293 1131; x_wconf 89' lang='lat' dir='ltr'><strong>tempore</strong></span> <span class='ocrx_word' id='word_1_198' title='bbox 1306 1116 1313 1130; x_wconf 89' lang='lat'><strong>,</strong></span> <span class='ocrx_word' id='word_1_199' title='bbox 1333 1091 1416 1131; x_wconf 74' lang='lat' dir='ltr'><strong>loco,</strong></span> 
     </span>
     <span class='ocr_line' id='line_1_21' title="bbox 91 1137 1418 1181; baseline -0.004 -8"><span class='ocrx_word' id='word_1_200' title='bbox 91 1141 167 1174; x_wconf 87' lang='lat' dir='ltr'><strong>dein</strong></span> <span class='ocrx_word' id='word_1_201' title='bbox 192 1142 451 1181; x_wconf 88' lang='lat' dir='ltr'><strong>conditionibus,</strong></span> <span class='ocrx_word' id='word_1_202' title='bbox 479 1149 581 1181; x_wconf 92' lang='lat' dir='ltr'><strong>quum</strong></span> <span class='ocrx_word' id='word_1_203' title='bbox 604 1140 684 1172; x_wconf 83' lang='lat' dir='ltr'><strong>alter</strong></span> <span class='ocrx_word' id='word_1_204' title='bbox 713 1139 883 1178; x_wconf 79' lang='lat' dir='ltr'><strong>facilitate,</strong></span> <span class='ocrx_word' id='word_1_205' title='bbox 908 1139 987 1169; x_wconf 87' lang='lat' dir='ltr'><strong>alter</strong></span> <span class='ocrx_word' id='word_1_206' title='bbox 1012 1137 1122 1169; x_wconf 80' lang='lat' dir='ltr'><strong>fraude</strong></span> <span class='ocrx_word' id='word_1_207' title='bbox 1139 1140 1256 1169; x_wconf 83' lang='lat' dir='ltr'><strong>cuncta</strong></span> <span class='ocrx_word' id='word_1_208' title='bbox 1276 1138 1358 1169; x_wconf 87' lang='lat' dir='ltr'><strong>inter</strong></span> <span class='ocrx_word' id='word_1_209' title='bbox 1385 1146 1418 1169; x_wconf 85' lang='lat' dir='ltr'><strong>se</strong></span> 
     </span>
     <span class='ocr_line' id='line_1_22' title="bbox 91 1184 1418 1228; baseline -0.003 -8"><span class='ocrx_word' id='word_1_210' title='bbox 91 1188 306 1220; x_wconf 84' lang='lat' dir='ltr'><strong>concederent</strong></span> <span class='ocrx_word' id='word_1_211' title='bbox 328 1188 584 1228; x_wconf 84' lang='lat' dir='ltr'><strong>acciperentque.</strong></span> <span class='ocrx_word' id='word_1_212' title='bbox 611 1187 826 1226; x_wconf 84' lang='lat' dir='ltr'><strong>Rhescuporis</strong></span> <span class='ocrx_word' id='word_1_213' title='bbox 844 1185 1017 1217; x_wconf 86' lang='lat' dir='ltr'><strong>sanciendo</strong></span> <span class='ocrx_word' id='word_1_214' title='bbox 1030 1209 1038 1223; x_wconf 94' lang='lat'>‚</span> <span class='ocrx_word' id='word_1_215' title='bbox 1053 1186 1090 1215; x_wconf 89' lang='lat' dir='ltr'><strong>ut</strong></span> <span class='ocrx_word' id='word_1_216' title='bbox 1102 1184 1270 1216; x_wconf 82' lang='lat' dir='ltr'><strong>dictitabat</strong></span> <span class='ocrx_word' id='word_1_217' title='bbox 1282 1209 1290 1224; x_wconf 93' lang='lat'>‚</span> <span class='ocrx_word' id='word_1_218' title='bbox 1306 1185 1418 1217; x_wconf 82' lang='lat' dir='ltr'><strong>foederi</strong></span> 
     </span>
     <span class='ocr_line' id='line_1_23' title="bbox 91 1231 1420 1274; baseline -0.002 -8"><span class='ocrx_word' id='word_1_219' title='bbox 91 1235 279 1267; x_wconf 86' lang='lat' dir='ltr'><strong>convivium</strong></span> <span class='ocrx_word' id='word_1_220' title='bbox 303 1235 434 1274; x_wconf 85' lang='lat' dir='ltr'><strong>adjicit,</strong></span> <span class='ocrx_word' id='word_1_221' title='bbox 460 1236 626 1273; x_wconf 86' lang='lat' dir='ltr'><strong>tractaque</strong></span> <span class='ocrx_word' id='word_1_222' title='bbox 649 1233 681 1263; x_wconf 92' lang='lat' dir='ltr'><strong>in</strong></span> <span class='ocrx_word' id='word_1_223' title='bbox 699 1233 835 1264; x_wconf 84' lang='lat' dir='ltr'><strong>multam</strong></span> <span class='ocrx_word' id='word_1_224' title='bbox 860 1235 987 1263; x_wconf 86' lang='lat' dir='ltr'><strong>noctem</strong></span> <span class='ocrx_word' id='word_1_225' title='bbox 1005 1231 1117 1262; x_wconf 80' lang='lat' dir='ltr'><strong>laetitia</strong></span> <span class='ocrx_word' id='word_1_226' title='bbox 1132 1240 1188 1271; x_wconf 89' lang='lat' dir='ltr'><strong>per</strong></span> <span class='ocrx_word' id='word_1_227' title='bbox 1199 1232 1307 1272; x_wconf 88' lang='lat' dir='ltr'><strong>epulas</strong></span> <span class='ocrx_word' id='word_1_228' title='bbox 1322 1241 1359 1263; x_wconf 88' lang='lat' dir='ltr'><strong>ac</strong></span> <span class='ocrx_word' id='word_1_229' title='bbox 1372 1232 1420 1263; x_wconf 78' lang='lat' dir='ltr'><strong>vi-</strong></span> 
     </span>
     <span class='ocr_line' id='line_1_24' title="bbox 91 1278 1417 1321; baseline -0.003 -7"><span class='ocrx_word' id='word_1_230' title='bbox 91 1282 269 1314; x_wconf 81' lang='lat' dir='ltr'><strong>nolentiam</strong></span> <span class='ocrx_word' id='word_1_231' title='bbox 285 1281 454 1312; x_wconf 86' lang='lat' dir='ltr'><strong>incautum</strong></span> <span class='ocrx_word' id='word_1_232' title='bbox 469 1282 570 1321; x_wconf 76' lang='lat' dir='ltr'><strong>Cotyn</strong></span> <span class='ocrx_word' id='word_1_233' title='bbox 585 1282 618 1312; x_wconf 90' lang='lat' dir='ltr'><strong>et</strong></span> <span class='ocrx_word' id='word_1_234' title='bbox 628 1304 636 1319; x_wconf 90' lang='lat'><strong>,</strong></span> <span class='ocrx_word' id='word_1_235' title='bbox 653 1282 823 1320; x_wconf 83' lang='lat' dir='ltr'><strong>postquam</strong></span> <span class='ocrx_word' id='word_1_236' title='bbox 837 1279 947 1310; x_wconf 88' lang='lat' dir='ltr'><strong>dolum</strong></span> <span class='ocrx_word' id='word_1_237' title='bbox 965 1278 1181 1318; x_wconf 85' lang='lat' dir='ltr'><strong>intellexerat,</strong></span> <span class='ocrx_word' id='word_1_238' title='bbox 1196 1284 1297 1310; x_wconf 81' lang='lat' dir='ltr'><strong>sacra</strong></span> <span class='ocrx_word' id='word_1_239' title='bbox 1311 1280 1417 1319; x_wconf 72' lang='lat' dir='ltr'><strong>requi,</strong></span> 
     </span>
     <span class='ocr_line' id='line_1_25' title="bbox 92 1325 1418 1370; baseline -0.005 -9"><span class='ocrx_word' id='word_1_240' title='bbox 92 1328 406 1370; x_wconf 71' lang='lat' dir='ltr'><strong>ejzcsdemfamiliae</strong></span> <span class='ocrx_word' id='word_1_241' title='bbox 422 1328 501 1359; x_wconf 80' lang='lat' dir='ltr'><strong>deos</strong></span> <span class='ocrx_word' id='word_1_242' title='bbox 518 1329 550 1359; x_wconf 76' lang='lat' dir='ltr'><strong>et</strong></span> <span class='ocrx_word' id='word_1_243' title='bbox 565 1327 750 1367; x_wconf 73' lang='lat' dir='ltr'><strong>Izospilales</strong></span> <span class='ocrx_word' id='word_1_244' title='bbox 767 1335 900 1358; x_wconf 79' lang='lat' dir='ltr'><strong>mensas</strong></span> <span class='ocrx_word' id='word_1_245' title='bbox 913 1325 1124 1356; x_wconf 85' lang='lat' dir='ltr'><strong>obtestantem</strong></span> <span class='ocrx_word' id='word_1_246' title='bbox 1134 1350 1143 1364; x_wconf 93' lang='lat'>‚</span> <span class='ocrx_word' id='word_1_247' title='bbox 1161 1326 1281 1357; x_wconf 85' lang='lat' dir='ltr'><strong>catenis</strong></span> <span class='ocrx_word' id='word_1_248' title='bbox 1295 1327 1418 1357; x_wconf 88' lang='lat' dir='ltr'><strong>onerat.</strong></span> 
     </span>
     <span class='ocr_line' id='line_1_26' title="bbox 92 1372 1419 1415; baseline -0.003 -7"><span class='ocrx_word' id='word_1_249' title='bbox 92 1375 291 1415; x_wconf 87' lang='lat' dir='ltr'><strong>Thraciaque</strong></span> <span class='ocrx_word' id='word_1_250' title='bbox 304 1374 391 1405; x_wconf 90' lang='lat' dir='ltr'><strong>omni</strong></span> <span class='ocrx_word' id='word_1_251' title='bbox 405 1375 525 1414; x_wconf 90' lang='lat' dir='ltr'><strong>potitus</strong></span> <span class='ocrx_word' id='word_1_252' title='bbox 539 1374 664 1413; x_wconf 87' lang='lat' dir='ltr'><strong>scripsit</strong></span> <span class='ocrx_word' id='word_1_253' title='bbox 680 1373 719 1404; x_wconf 86' lang='lat' dir='ltr'><strong>ad</strong></span> <span class='ocrx_word' id='word_1_254' title='bbox 736 1374 916 1411; x_wconf 87' lang='lat' dir='ltr'><strong>Tiberium,</strong></span> <span class='ocrx_word' id='word_1_255' title='bbox 928 1373 1081 1403; x_wconf 65' lang='lat' dir='ltr'><strong>structas</strong></span> <span class='ocrx_word' id='word_1_256' title='bbox 1096 1372 1157 1402; x_wconf 66' lang='lat' dir='ltr'><strong>sibi</strong></span> <span class='ocrx_word' id='word_1_257' title='bbox 1171 1372 1323 1411; x_wconf 63' lang='lat' dir='ltr'><strong>insultas,</strong></span> <span class='ocrx_word' id='word_1_258' title='bbox 1331 1381 1419 1412; x_wconf 74' lang='lat' dir='ltr'><strong>prce-</strong></span> 
     </span>
     <span class='ocr_line' id='line_1_27' title="bbox 90 1419 1419 1460; baseline -0.003 -5"><span class='ocrx_word' id='word_1_259' title='bbox 90 1424 231 1455; x_wconf 78' lang='lat' dir='ltr'><strong>ventum</strong></span> <span class='ocrx_word' id='word_1_260' title='bbox 248 1421 488 1452; x_wconf 78' lang='lat' dir='ltr'><strong>insidiatorem</strong></span> <span class='ocrx_word' id='word_1_261' title='bbox 503 1432 513 1453; x_wconf 89' lang='lat'><strong>.·</strong></span> <span class='ocrx_word' id='word_1_262' title='bbox 533 1421 629 1451; x_wconf 87' lang='lat' dir='ltr'><strong>simul</strong></span> <span class='ocrx_word' id='word_1_263' title='bbox 642 1420 760 1451; x_wconf 86' lang='lat' dir='ltr'><strong>bellum</strong></span> <span class='ocrx_word' id='word_1_264' title='bbox 776 1420 932 1451; x_wconf 74' lang='lat' dir='ltr'><strong>adversus</strong></span> <span class='ocrx_word' id='word_1_265' title='bbox 945 1419 1113 1449; x_wconf 85' lang='lat' dir='ltr'><strong>Bastarnas</strong></span> <span class='ocrx_word' id='word_1_266' title='bbox 1125 1419 1323 1459; x_wconf 73' lang='lat' dir='ltr'><strong>Scythasque</strong></span> <span class='ocrx_word' id='word_1_267' title='bbox 1336 1428 1419 1460; x_wconf 80' lang='lat' dir='ltr'><strong>prae-</strong></span> 
     </span>
     <span class='ocr_line' id='line_1_28' title="bbox 91 1464 1097 1508; baseline -0.006 -7"><span class='ocrx_word' id='word_1_268' title='bbox 91 1469 228 1503; x_wconf 86' lang='lat' dir='ltr'><strong>tendens</strong></span> <span class='ocrx_word' id='word_1_269' title='bbox 241 1468 334 1499; x_wconf 86' lang='lat' dir='ltr'><strong>novis</strong></span> <span class='ocrx_word' id='word_1_270' title='bbox 353 1467 498 1508; x_wconf 88' lang='lat' dir='ltr'><strong>peditum</strong></span> <span class='ocrx_word' id='word_1_271' title='bbox 521 1468 553 1499; x_wconf 91' lang='lat' dir='ltr'><strong>et</strong></span> <span class='ocrx_word' id='word_1_272' title='bbox 569 1467 716 1507; x_wconf 88' lang='lat' dir='ltr'><strong>equitum</strong></span> <span class='ocrx_word' id='word_1_273' title='bbox 738 1467 838 1507; x_wconf 90' lang='lat' dir='ltr'><strong>copiis</strong></span> <span class='ocrx_word' id='word_1_274' title='bbox 855 1475 926 1497; x_wconf 83' lang='lat' dir='ltr'><strong>sese</strong></span> <span class='ocrx_word' id='word_1_275' title='bbox 939 1464 1097 1496; x_wconf 80' lang='lat' dir='ltr'><strong>firmabat.</strong></span> 
     </span>
    </p>

    <p class='ocr_par' dir='ltr' id='par_1_4' title="bbox 89 1513 1454 2027">
     <span class='ocr_line' id='line_1_29' title="bbox 133 1513 1419 1554; baseline -0.001 -7"><span class='ocrx_word' id='word_1_276' title='bbox 133 1519 238 1547; x_wconf 87' lang='lat' dir='ltr'><strong>LXVI.</strong></span> <span class='ocrx_word' id='word_1_277' title='bbox 262 1515 399 1547; x_wconf 87' lang='lat' dir='ltr'><strong>Molliter</strong></span> <span class='ocrx_word' id='word_1_278' title='bbox 422 1514 633 1554; x_wconf 88' lang='lat' dir='ltr'><strong>rescriptum,</strong></span> <span class='ocrx_word' id='word_1_279' title='bbox 658 1526 674 1541; x_wconf 74' lang='grc' dir='ltr'><strong>ιι</strong></span> <span class='ocrx_word' id='word_1_280' title='bbox 692 1513 719 1544; x_wconf 86' lang='lat' dir='ltr'><strong>si</strong></span> <span class='ocrx_word' id='word_1_281' title='bbox 739 1515 826 1545; x_wconf 81' lang='lat' dir='ltr'><strong>fraus</strong></span> <span class='ocrx_word' id='word_1_282' title='bbox 843 1514 995 1550; x_wconf 84' lang='lat' dir='ltr'><strong>abesset,</strong></span> <span class='ocrx_word' id='word_1_283' title='bbox 1014 1520 1110 1552; x_wconf 83' lang='lat' dir='ltr'><strong>posse</strong></span> <span class='ocrx_word' id='word_1_284' title='bbox 1130 1520 1204 1543; x_wconf 90' lang='lat' dir='ltr'><strong>eum</strong></span> <span class='ocrx_word' id='word_1_285' title='bbox 1229 1513 1419 1546; x_wconf 86' lang='lat' dir='ltr'><strong>innocentiae</strong></span> 
     </span>
     <span class='ocr_line' id='line_1_30' title="bbox 94 1558 1432 1602; baseline -0.001 -8"><span class='ocrx_word' id='word_1_286' title='bbox 94 1574 111 1590; x_wconf 73' lang='grc' dir='ltr'><strong>α</strong></span> <span class='ocrx_word' id='word_1_287' title='bbox 125 1562 243 1601; x_wconf 81' lang='lat' dir='ltr'><strong>fidere;</strong></span> <span class='ocrx_word' id='word_1_288' title='bbox 261 1563 404 1594; x_wconf 90' lang='lat' dir='ltr'><strong>ceterum</strong></span> <span class='ocrx_word' id='word_1_289' title='bbox 427 1570 532 1602; x_wconf 90' lang='lat' dir='ltr'><strong>neque</strong></span> <span class='ocrx_word' id='word_1_290' title='bbox 553 1570 586 1592; x_wconf 88' lang='lat' dir='ltr'><strong>se</strong></span> <span class='ocrx_word' id='word_1_291' title='bbox 607 1569 711 1600; x_wconf 86' lang='lat' dir='ltr'><strong>neque</strong></span> <span class='ocrx_word' id='word_1_292' title='bbox 729 1564 876 1592; x_wconf 88' lang='lat' dir='ltr'><strong>senatum</strong></span> <span class='ocrx_word' id='word_1_293' title='bbox 892 1559 954 1591; x_wconf 89' lang='lat' dir='ltr'><strong>nisi</strong></span> <span class='ocrx_word' id='word_1_294' title='bbox 974 1558 1102 1599; x_wconf 79' lang='lat' dir='ltr'><strong>cognita</strong></span> <span class='ocrx_word' id='word_1_295' title='bbox 1116 1568 1210 1590; x_wconf 86' lang='lat' dir='ltr'><strong>causa</strong></span> <span class='ocrx_word' id='word_1_296' title='bbox 1223 1560 1276 1599; x_wconf 88' lang='lat' dir='ltr'><strong>jus</strong></span> <span class='ocrx_word' id='word_1_297' title='bbox 1293 1563 1324 1591; x_wconf 87' lang='lat' dir='ltr'><strong>et</strong></span> <span class='ocrx_word' id='word_1_298' title='bbox 1339 1561 1432 1600; x_wconf 85' lang='lat' dir='ltr'><strong>inju--</strong></span> 
     </span>
     <span class='ocr_line' id='line_1_31' title="bbox 93 1605 1419 1648; baseline -0.002 -8"><span class='ocrx_word' id='word_1_299' title='bbox 93 1620 110 1635; x_wconf 80' lang='grc' dir='ltr'>ι</span> <span class='ocrx_word' id='word_1_300' title='bbox 130 1609 210 1640; x_wconf 85' lang='lat' dir='ltr'><strong>riam</strong></span> <span class='ocrx_word' id='word_1_301' title='bbox 228 1609 424 1640; x_wconf 64' lang='lat' dir='ltr'><strong>discreturus</strong></span> <span class='ocrx_word' id='word_1_302' title='bbox 443 1617 451 1638; x_wconf 91' lang='lat'>:</span> <span class='ocrx_word' id='word_1_303' title='bbox 470 1608 606 1648; x_wconf 89' lang='lat' dir='ltr'><strong>proinde</strong></span> <span class='ocrx_word' id='word_1_304' title='bbox 619 1607 738 1639; x_wconf 89' lang='lat' dir='ltr'><strong>tradito</strong></span> <span class='ocrx_word' id='word_1_305' title='bbox 755 1610 855 1648; x_wconf 69' lang='lat' dir='ltr'><strong>Cotye</strong></span> <span class='ocrx_word' id='word_1_306' title='bbox 869 1632 877 1647; x_wconf 91' lang='lat'><strong>,</strong></span> <span class='ocrx_word' id='word_1_307' title='bbox 895 1607 1019 1638; x_wconf 74' lang='lat' dir='ltr'><strong>veniret</strong></span> <span class='ocrx_word' id='word_1_308' title='bbox 1041 1605 1293 1646; x_wconf 79' lang='lat' dir='ltr'><strong>transferretque</strong></span> <span class='ocrx_word' id='word_1_309' title='bbox 1312 1607 1318 1623; x_wconf 95' lang='lat'>¹</span> <span class='ocrx_word' id='word_1_310' title='bbox 1338 1607 1419 1638; x_wconf 80' lang='lat' dir='ltr'><strong>invi-</strong></span> 
     </span>
     <span class='ocr_line' id='line_1_32' title="bbox 92 1654 1419 1694; baseline -0.002 -7"><span class='ocrx_word' id='word_1_311' title='bbox 92 1667 110 1682; x_wconf 76' lang='lat'>·</span> <span class='ocrx_word' id='word_1_312' title='bbox 127 1655 214 1687; x_wconf 85' lang='lat' dir='ltr'><strong>diam</strong></span> <span class='ocrx_word' id='word_1_313' title='bbox 230 1655 373 1687; x_wconf 87' lang='lat' dir='ltr'><strong>criminis</strong></span> <span class='ocrx_word' id='word_1_314' title='bbox 386 1669 416 1686; x_wconf 72' lang='lat' dir='ltr'><strong>u.</strong></span> <span class='ocrx_word' id='word_1_315' title='bbox 431 1664 484 1686; x_wconf 87' lang='lat' dir='ltr'><strong>eas</strong></span> <span class='ocrx_word' id='word_1_316' title='bbox 496 1655 618 1686; x_wconf 86' lang='lat' dir='ltr'><strong>litteras</strong></span> <span class='ocrx_word' id='word_1_317' title='bbox 635 1655 780 1686; x_wconf 88' lang='lat' dir='ltr'><strong>Latinius</strong></span> <span class='ocrx_word' id='word_1_318' title='bbox 796 1654 941 1693; x_wconf 77' lang='lat' dir='ltr'><strong>pandus,</strong></span> <span class='ocrx_word' id='word_1_319' title='bbox 961 1663 1019 1694; x_wconf 90' lang='lat' dir='ltr'><strong>pro</strong></span> <span class='ocrx_word' id='word_1_320' title='bbox 1035 1654 1170 1693; x_wconf 78' lang='lat' dir='ltr'><strong>praetore</strong></span> <span class='ocrx_word' id='word_1_321' title='bbox 1192 1654 1330 1693; x_wconf 85' lang='lat' dir='ltr'><strong>Moesiae,</strong></span> <span class='ocrx_word' id='word_1_322' title='bbox 1344 1662 1419 1684; x_wconf 87' lang='lat' dir='ltr'><strong>cum</strong></span> 
     </span>
     <span class='ocr_line' id='line_1_33' title="bbox 91 1695 1420 1743; baseline -0.002 -9"><span class='ocrx_word' id='word_1_323' title='bbox 91 1702 269 1742; x_wconf 88' lang='lat' dir='ltr'><strong>militibus,</strong></span> <span class='ocrx_word' id='word_1_324' title='bbox 287 1704 360 1743; x_wconf 87' lang='lat' dir='ltr'><strong>quis</strong></span> <span class='ocrx_word' id='word_1_325' title='bbox 383 1705 480 1742; x_wconf 87' lang='lat' dir='ltr'><strong>Cotys</strong></span> <span class='ocrx_word' id='word_1_326' title='bbox 505 1701 698 1742; x_wconf 87' lang='lat' dir='ltr'><strong>traderetur,</strong></span> <span class='ocrx_word' id='word_1_327' title='bbox 716 1702 749 1732; x_wconf 88' lang='lat' dir='ltr'><strong>in</strong></span> <span class='ocrx_word' id='word_1_328' title='bbox 779 1702 947 1733; x_wconf 84' lang='lat' dir='ltr'><strong>Thraciam</strong></span> <span class='ocrx_word' id='word_1_329' title='bbox 977 1700 1077 1731; x_wconf 89' lang='lat' dir='ltr'><strong>misit.</strong></span> <span class='ocrx_word' id='word_1_330' title='bbox 1100 1700 1314 1740; x_wconf 89' lang='lat' dir='ltr'><strong>Rhescuporis</strong></span> <span class='ocrx_word' id='word_1_331' title='bbox 1336 1695 1420 1732; x_wconf 79' lang='lat' dir='ltr'><strong>inter</strong></span> 
     </span>
     <span class='ocr_line' id='line_1_34' title="bbox 90 1747 1418 1789; baseline -0.002 -8"><span class='ocrx_word' id='word_1_332' title='bbox 90 1751 214 1781; x_wconf 89' lang='lat' dir='ltr'><strong>metum</strong></span> <span class='ocrx_word' id='word_1_333' title='bbox 230 1751 262 1781; x_wconf 90' lang='lat' dir='ltr'><strong>et</strong></span> <span class='ocrx_word' id='word_1_334' title='bbox 280 1750 360 1781; x_wconf 88' lang='lat' dir='ltr'><strong>iram</strong></span> <span class='ocrx_word' id='word_1_335' title='bbox 378 1750 550 1780; x_wconf 87' lang='lat' dir='ltr'><strong>cunctatus</strong></span> <span class='ocrx_word' id='word_1_336' title='bbox 568 1749 682 1780; x_wconf 88' lang='lat' dir='ltr'><strong>maluit</strong></span> <span class='ocrx_word' id='word_1_337' title='bbox 698 1749 815 1789; x_wconf 87' lang='lat' dir='ltr'><strong>patrati</strong></span> <span class='ocrx_word' id='word_1_338' title='bbox 830 1757 927 1789; x_wconf 86' lang='lat' dir='ltr'><strong>quam</strong></span> <span class='ocrx_word' id='word_1_339' title='bbox 944 1748 1063 1788; x_wconf 86' lang='lat' dir='ltr'><strong>incepti</strong></span> <span class='ocrx_word' id='word_1_340' title='bbox 1077 1747 1226 1779; x_wconf 81' lang='lat' dir='ltr'><strong>facinoris</strong></span> <span class='ocrx_word' id='word_1_341' title='bbox 1240 1757 1314 1779; x_wconf 92' lang='lat' dir='ltr'><strong>reus</strong></span> <span class='ocrx_word' id='word_1_342' title='bbox 1327 1756 1418 1779; x_wconf 88' lang='lat' dir='ltr'><strong>esse:</strong></span> 
     </span>
     <span class='ocr_line' id='line_1_35' title="bbox 89 1794 1420 1836; baseline -0.002 -8"><span class='ocrx_word' id='word_1_343' title='bbox 89 1796 197 1828; x_wconf 86' lang='lat' dir='ltr'><strong>occidi</strong></span> <span class='ocrx_word' id='word_1_344' title='bbox 208 1798 313 1836; x_wconf 91' lang='lat' dir='ltr'><strong>Cotyn</strong></span> <span class='ocrx_word' id='word_1_345' title='bbox 326 1796 438 1836; x_wconf 78' lang='lat' dir='ltr'><strong>Jubet‚</strong></span> <span class='ocrx_word' id='word_1_346' title='bbox 460 1798 672 1836; x_wconf 80' lang='lat' dir='ltr'><strong>mortemque</strong></span> <span class='ocrx_word' id='word_1_347' title='bbox 688 1799 807 1835; x_wconf 77' lang='lat' dir='ltr'><strong>sponte</strong></span> <span class='ocrx_word' id='word_1_348' title='bbox 822 1797 998 1836; x_wconf 76' lang='lat' dir='ltr'><strong>sumptam</strong></span> <span class='ocrx_word' id='word_1_349' title='bbox 1018 1794 1201 1826; x_wconf 88' lang='lat' dir='ltr'><strong>ementitur.</strong></span> <span class='ocrx_word' id='word_1_350' title='bbox 1224 1799 1290 1826; x_wconf 85' lang='lat' dir='ltr'><strong>Nec</strong></span> <span class='ocrx_word' id='word_1_351' title='bbox 1310 1797 1420 1827; x_wconf 83' lang='lat' dir='ltr'><strong>tamen</strong></span> 
     </span>
     <span class='ocr_line' id='line_1_36' title="bbox 91 1841 1419 1883; baseline -0.002 -9"><span class='ocrx_word' id='word_1_352' title='bbox 91 1846 199 1874; x_wconf 88' lang='lat' dir='ltr'><strong>Caesar</strong></span> <span class='ocrx_word' id='word_1_353' title='bbox 217 1844 350 1883; x_wconf 86' lang='lat' dir='ltr'><strong>placitas</strong></span> <span class='ocrx_word' id='word_1_354' title='bbox 365 1843 376 1861; x_wconf 90' lang='lat'>²</span> <span class='ocrx_word' id='word_1_355' title='bbox 396 1843 494 1875; x_wconf 90' lang='lat' dir='ltr'><strong>semel</strong></span> <span class='ocrx_word' id='word_1_356' title='bbox 510 1847 593 1874; x_wconf 85' lang='lat' dir='ltr'><strong>artes</strong></span> <span class='ocrx_word' id='word_1_357' title='bbox 610 1843 766 1882; x_wconf 87' lang='lat' dir='ltr'><strong>mutavit,</strong></span> <span class='ocrx_word' id='word_1_358' title='bbox 788 1843 845 1874; x_wconf 89' lang='lat' dir='ltr'><strong>sed</strong></span> <span class='ocrx_word' id='word_1_359' title='bbox 862 1843 1015 1874; x_wconf 86' lang='lat' dir='ltr'><strong>defuncto</strong></span> <span class='ocrx_word' id='word_1_360' title='bbox 1035 1841 1134 1873; x_wconf 85' lang='lat' dir='ltr'><strong>Paulo</strong></span> <span class='ocrx_word' id='word_1_361' title='bbox 1146 1866 1155 1881; x_wconf 84' lang='lat'>‚</span> <span class='ocrx_word' id='word_1_362' title='bbox 1176 1850 1274 1881; x_wconf 89' lang='lat' dir='ltr'><strong>quem</strong></span> <span class='ocrx_word' id='word_1_363' title='bbox 1294 1841 1355 1873; x_wconf 88' lang='lat' dir='ltr'><strong>sihi</strong></span> <span class='ocrx_word' id='word_1_364' title='bbox 1370 1843 1419 1873; x_wconf 88' lang='lat' dir='ltr'><strong>in-</strong></span> 
     </span>
     <span class='ocr_line' id='line_1_37' title="bbox 91 1888 1417 1929; baseline 0.001 -9"><span class='ocrx_word' id='word_1_365' title='bbox 91 1889 218 1920; x_wconf 78' lang='lat' dir='ltr'><strong>sensum</strong></span> <span class='ocrx_word' id='word_1_366' title='bbox 236 1889 452 1929; x_wconf 86' lang='lat' dir='ltr'><strong>Rhescuporis</strong></span> <span class='ocrx_word' id='word_1_367' title='bbox 467 1889 620 1928; x_wconf 76' lang='lat' dir='ltr'><strong>arguebat</strong></span> <span class='ocrx_word' id='word_1_368' title='bbox 634 1913 643 1928; x_wconf 83' lang='lat'>‚</span> <span class='ocrx_word' id='word_1_369' title='bbox 657 1890 869 1929; x_wconf 89' lang='lat' dir='ltr'><strong>Pomponium</strong></span> <span class='ocrx_word' id='word_1_370' title='bbox 883 1889 1030 1920; x_wconf 87' lang='lat' dir='ltr'><strong>Flaccum</strong></span> <span class='ocrx_word' id='word_1_371' title='bbox 1044 1912 1052 1928; x_wconf 91' lang='lat'><strong><em>‚</em></strong></span> <span class='ocrx_word' id='word_1_372' title='bbox 1068 1889 1210 1919; x_wconf 84' lang='lat' dir='ltr'><strong>veterem</strong></span> <span class='ocrx_word' id='word_1_373' title='bbox 1225 1888 1391 1928; x_wconf 89' lang='lat' dir='ltr'><strong>stipendiis</strong></span> <span class='ocrx_word' id='word_1_374' title='bbox 1404 1889 1417 1908; x_wconf 81' lang='lat'>³</span> 
     </span>
     <span class='ocr_line' id='line_1_38' title="bbox 91 1934 1430 1975; baseline 0.001 -9"><span class='ocrx_word' id='word_1_375' title='bbox 91 1937 124 1967; x_wconf 89' lang='lat' dir='ltr'><strong>et</strong></span> <span class='ocrx_word' id='word_1_376' title='bbox 137 1937 226 1966; x_wconf 86' lang='lat' dir='ltr'><strong>arcta</strong></span> <span class='ocrx_word' id='word_1_377' title='bbox 243 1944 318 1966; x_wconf 87' lang='lat' dir='ltr'><strong>cum</strong></span> <span class='ocrx_word' id='word_1_378' title='bbox 331 1944 405 1975; x_wconf 86' lang='lat' dir='ltr'><strong>rege</strong></span> <span class='ocrx_word' id='word_1_379' title='bbox 420 1935 564 1966; x_wconf 82' lang='lat' dir='ltr'><strong>amicitia</strong></span> <span class='ocrx_word' id='word_1_380' title='bbox 577 1959 586 1974; x_wconf 97' lang='lat'><strong>,</strong></span> <span class='ocrx_word' id='word_1_381' title='bbox 607 1943 710 1975; x_wconf 90' lang='lat' dir='ltr'><strong>eoque</strong></span> <span class='ocrx_word' id='word_1_382' title='bbox 726 1935 1052 1968; x_wconf 87' lang='lat' dir='ltr'><strong>accommodatiorem</strong></span> <span class='ocrx_word' id='word_1_383' title='bbox 1067 1934 1110 1966; x_wconf 91' lang='lat' dir='ltr'><strong>ad</strong></span> <span class='ocrx_word' id='word_1_384' title='bbox 1121 1934 1310 1975; x_wconf 85' lang='lat' dir='ltr'><strong>fallendum,</strong></span> <span class='ocrx_word' id='word_1_385' title='bbox 1328 1935 1369 1967; x_wconf 89' lang='lat' dir='ltr'><strong>ob</strong></span> <span class='ocrx_word' id='word_1_386' title='bbox 1385 1935 1430 1967; x_wconf 74' lang='lat' dir='ltr'><strong>id·</strong></span> 
     </span>
     <span class='ocr_line' id='line_1_39' title="bbox 89 1982 1454 2027; baseline -0.003 -14"><span class='ocrx_word' id='word_1_387' title='bbox 89 1982 229 2013; x_wconf 83' lang='lat' dir='ltr'><strong>maxime</strong></span> <span class='ocrx_word' id='word_1_388' title='bbox 244 1982 365 2014; x_wconf 85' lang='lat' dir='ltr'><strong>Moesiae</strong></span> <span class='ocrx_word' id='word_1_389' title='bbox 381 1982 535 2022; x_wconf 71' lang='lat' dir='ltr'><strong>praefecit,</strong></span> <span class='ocrx_word' id='word_1_390' title='bbox 1443 2007 1454 2027; x_wconf 46' lang='grc' dir='ltr'><strong>μ</strong></span> 
     </span>
    </p>

    <p class='ocr_par' dir='ltr' id='par_1_5' title="bbox 87 2029 1418 2215">
     <span class='ocr_line' id='line_1_40' title="bbox 131 2029 1418 2074; baseline 0.005 -15"><span class='ocrx_word' id='word_1_391' title='bbox 131 2033 250 2060; x_wconf 71' lang='lat' dir='ltr'>LXVII.</span> <span class='ocrx_word' id='word_1_392' title='bbox 272 2029 404 2060; x_wconf 85' lang='lat' dir='ltr'><strong>Flaccus</strong></span> <span class='ocrx_word' id='word_1_393' title='bbox 416 2029 449 2060; x_wconf 90' lang='lat' dir='ltr'><strong>in</strong></span> <span class='ocrx_word' id='word_1_394' title='bbox 462 2030 630 2061; x_wconf 73' lang='lat' dir='ltr'><strong>&#39;thraciam</strong></span> <span class='ocrx_word' id='word_1_395' title='bbox 652 2030 886 2069; x_wconf 84' lang='lat' dir='ltr'><strong>transgressus,</strong></span> <span class='ocrx_word' id='word_1_396' title='bbox 910 2038 966 2070; x_wconf 88' lang='lat' dir='ltr'><strong>per</strong></span> <span class='ocrx_word' id='word_1_397' title='bbox 979 2030 1122 2070; x_wconf 86' lang='lat' dir='ltr'><strong>ingentia</strong></span> <span class='ocrx_word' id='word_1_398' title='bbox 1136 2031 1295 2071; x_wconf 85' lang='lat' dir='ltr'><strong>promissa</strong></span> <span class='ocrx_word' id='word_1_399' title='bbox 1309 2038 1418 2074; x_wconf 62' lang='lat' dir='ltr'><strong>qnam}</strong></span> 
     </span>
     <span class='ocr_line' id='line_1_41' title="bbox 88 2075 1416 2118; baseline 0.005 -12"><span class='ocrx_word' id='word_1_400' title='bbox 88 2076 139 2108; x_wconf 85' lang='lat' dir='ltr'><strong>vis</strong></span> <span class='ocrx_word' id='word_1_401' title='bbox 161 2075 348 2115; x_wconf 85' lang='lat' dir='ltr'><strong>ambiguum</strong></span> <span class='ocrx_word' id='word_1_402' title='bbox 367 2080 399 2107; x_wconf 87' lang='lat' dir='ltr'><strong>et</strong></span> <span class='ocrx_word' id='word_1_403' title='bbox 414 2076 532 2107; x_wconf 87' lang='lat' dir='ltr'><strong>scelera</strong></span> <span class='ocrx_word' id='word_1_404' title='bbox 551 2085 610 2107; x_wconf 83' lang='lat' dir='ltr'><strong>sua</strong></span> <span class='ocrx_word' id='word_1_405' title='bbox 628 2079 831 2116; x_wconf 86' lang='lat' dir='ltr'><strong>reputantem</strong></span> <span class='ocrx_word' id='word_1_406' title='bbox 847 2077 1010 2117; x_wconf 87' lang='lat' dir='ltr'><strong>perpulit,</strong></span> <span class='ocrx_word' id='word_1_407' title='bbox 1039 2079 1074 2108; x_wconf 93' lang='lat' dir='ltr'><strong>ut</strong></span> <span class='ocrx_word' id='word_1_408' title='bbox 1098 2078 1248 2118; x_wconf 83' lang='lat' dir='ltr'><strong>praesidia</strong></span> <span class='ocrx_word' id='word_1_409' title='bbox 1272 2084 1416 2113; x_wconf 84' lang='lat' dir='ltr'><strong>Romana</strong></span> 
     </span>
     <span class='ocr_line' id='line_1_42' title="bbox 88 2122 1415 2168; baseline 0.004 -14"><span class='ocrx_word' id='word_1_410' title='bbox 88 2122 232 2156; x_wconf 87' lang='lat' dir='ltr'><strong>intraret.</strong></span> <span class='ocrx_word' id='word_1_411' title='bbox 252 2122 450 2154; x_wconf 86' lang='lat' dir='ltr'><strong>circumdata</strong></span> <span class='ocrx_word' id='word_1_412' title='bbox 471 2123 547 2154; x_wconf 88' lang='lat' dir='ltr'><strong>hinc</strong></span> <span class='ocrx_word' id='word_1_413' title='bbox 569 2123 634 2162; x_wconf 85' lang='lat' dir='ltr'><strong>regi</strong></span> <span class='ocrx_word' id='word_1_414' title='bbox 658 2123 763 2163; x_wconf 87' lang='lat' dir='ltr'><strong>specie</strong></span> <span class='ocrx_word' id='word_1_415' title='bbox 788 2123 920 2155; x_wconf 90' lang='lat' dir='ltr'><strong>honoris</strong></span> <span class='ocrx_word' id='word_1_416' title='bbox 942 2124 1048 2155; x_wconf 86' lang='lat' dir='ltr'><strong>valida</strong></span> <span class='ocrx_word' id='word_1_417' title='bbox 1069 2133 1202 2162; x_wconf 89' lang='lat' dir='ltr'><strong>manus,</strong></span> <span class='ocrx_word' id='word_1_418' title='bbox 1230 2126 1415 2168; x_wconf 87' lang='lat' dir='ltr'><strong>tribunique</strong></span> 
     </span>
     <span class='ocr_line' id='line_1_43' title="bbox 87 2169 1412 2215; baseline 0.005 -15"><span class='ocrx_word' id='word_1_419' title='bbox 87 2170 122 2202; x_wconf 87' lang='lat' dir='ltr'><strong>et</strong></span> <span class='ocrx_word' id='word_1_420' title='bbox 151 2169 352 2202; x_wconf 86' lang='lat' dir='ltr'><strong>centuriones</strong></span> <span class='ocrx_word' id='word_1_421' title='bbox 377 2170 538 2202; x_wconf 87' lang='lat' dir='ltr'><strong>monendo</strong></span> <span class='ocrx_word' id='word_1_422' title='bbox 550 2194 560 2210; x_wconf 93' lang='lat'><strong>,</strong></span> <span class='ocrx_word' id='word_1_423' title='bbox 595 2170 760 2202; x_wconf 85' lang='lat' dir='ltr'><strong>suadendo</strong></span> <span class='ocrx_word' id='word_1_424' title='bbox 785 2172 816 2202; x_wconf 89' lang='lat' dir='ltr'><strong>et</strong></span> <span class='ocrx_word' id='word_1_425' title='bbox 830 2194 839 2210; x_wconf 89' lang='lat'><em>‚</em></span> <span class='ocrx_word' id='word_1_426' title='bbox 866 2173 986 2211; x_wconf 88' lang='lat' dir='ltr'><strong>quanto</strong></span> <span class='ocrx_word' id='word_1_427' title='bbox 1014 2171 1137 2212; x_wconf 85' lang='lat' dir='ltr'><strong>longius</strong></span> <span class='ocrx_word' id='word_1_428' title='bbox 1167 2172 1412 2215; x_wconf 84' lang='lat' dir='ltr'><strong>abscedebatur,</strong></span> 
     </span>
    </p>
   </div>
   <div class='ocr_carea' id='block_1_3' title="bbox 87 2254 1412 2506">
    <p class='ocr_par' dir='ltr' id='par_1_6' title="bbox 87 2254 1412 2358">
     <span class='ocr_line' id='line_1_44' title="bbox 117 2254 1412 2286; baseline 0.005 -8"><span class='ocrx_word' id='word_1_429' title='bbox 117 2254 206 2279; x_wconf 76' lang='lat' dir='ltr'>Lxlv.</span> <span class='ocrx_word' id='word_1_430' title='bbox 222 2261 242 2279; x_wconf 77' lang='grc' dir='ltr'><strong>ι.</strong></span> <span class='ocrx_word' id='word_1_431' title='bbox 255 2256 392 2280; x_wconf 78' lang='lat' dir='ltr'><strong>Exstructi</strong></span> <span class='ocrx_word' id='word_1_432' title='bbox 401 2256 435 2280; x_wconf 88' lang='lat' dir='ltr'><strong>ab</strong></span> <span class='ocrx_word' id='word_1_433' title='bbox 446 2257 579 2286; x_wconf 79' lang='lat' dir='ltr'><strong>Augusto,</strong></span> <span class='ocrx_word' id='word_1_434' title='bbox 595 2257 766 2286; x_wconf 74' lang='lat' dir='ltr'><strong>quivoverat</strong></span> <span class='ocrx_word' id='word_1_435' title='bbox 780 2258 808 2281; x_wconf 84' lang='lat' dir='ltr'><strong>in</strong></span> <span class='ocrx_word' id='word_1_436' title='bbox 818 2256 890 2281; x_wconf 88' lang='lat' dir='ltr'><strong>bello</strong></span> <span class='ocrx_word' id='word_1_437' title='bbox 907 2259 1003 2282; x_wconf 85' lang='lat' dir='ltr'><strong>contra</strong></span> <span class='ocrx_word' id='word_1_438' title='bbox 1013 2258 1124 2282; x_wconf 88' lang='lat' dir='ltr'><strong>Brutum</strong></span> <span class='ocrx_word' id='word_1_439' title='bbox 1139 2260 1167 2283; x_wconf 90' lang='lat' dir='ltr'><strong>et</strong></span> <span class='ocrx_word' id='word_1_440' title='bbox 1174 2259 1292 2284; x_wconf 82' lang='lat' dir='ltr'><strong>Cassium</strong></span> <span class='ocrx_word' id='word_1_441' title='bbox 1310 2262 1412 2286; x_wconf 84' lang='lat' dir='ltr'><strong>occiso-</strong></span> 
     </span>
     <span class='ocr_line' id='line_1_45' title="bbox 89 2291 1410 2325; baseline 0.005 -11"><span class='ocrx_word' id='word_1_442' title='bbox 89 2294 133 2314; x_wconf 80' lang='lat' dir='ltr'><strong>res</strong></span> <span class='ocrx_word' id='word_1_443' title='bbox 145 2291 240 2319; x_wconf 82' lang='lat' dir='ltr'><strong>patris.</strong></span> <span class='ocrx_word' id='word_1_444' title='bbox 253 2303 282 2308; x_wconf 91' lang='lat'><em>-</em></span> <span class='ocrx_word' id='word_1_445' title='bbox 291 2296 314 2315; x_wconf 81' lang='lat'><strong>2.</strong></span> <span class='ocrx_word' id='word_1_446' title='bbox 326 2291 402 2320; x_wconf 85' lang='lat' dir='ltr'><strong>Quod</strong></span> <span class='ocrx_word' id='word_1_447' title='bbox 413 2291 587 2315; x_wconf 81' lang='lat' dir='ltr'><strong>confirmatur</strong></span> <span class='ocrx_word' id='word_1_448' title='bbox 601 2292 713 2321; x_wconf 78' lang='lat' dir='ltr'><strong>epistola</strong></span> <span class='ocrx_word' id='word_1_449' title='bbox 726 2292 814 2316; x_wconf 79' lang='lat' dir='ltr'><strong>Ovidii</strong></span> <span class='ocrx_word' id='word_1_450' title='bbox 829 2293 913 2316; x_wconf 85' lang='lat' dir='ltr'><strong>exulis</strong></span> <span class='ocrx_word' id='word_1_451' title='bbox 926 2294 980 2322; x_wconf 70' lang='lat' dir='ltr'><strong>(Ex</strong></span> <span class='ocrx_word' id='word_1_452' title='bbox 993 2294 1083 2318; x_wconf 81' lang='lat' dir='ltr'><strong>Ponto</strong></span> <span class='ocrx_word' id='word_1_453' title='bbox 1096 2294 1128 2323; x_wconf 85' lang='lat' dir='ltr'><strong>ll,</strong></span> <span class='ocrx_word' id='word_1_454' title='bbox 1146 2295 1171 2324; x_wconf 78' lang='grc'><strong>9)</strong></span> <span class='ocrx_word' id='word_1_455' title='bbox 1184 2295 1218 2319; x_wconf 87' lang='lat' dir='ltr'><strong>ad</strong></span> <span class='ocrx_word' id='word_1_456' title='bbox 1230 2301 1290 2320; x_wconf 87' lang='lat' dir='ltr'><strong>cum</strong></span> <span class='ocrx_word' id='word_1_457' title='bbox 1300 2297 1410 2325; x_wconf 81' lang='lat' dir='ltr'><strong>scripta.</strong></span> 
     </span>
     <span class='ocr_line' id='line_1_46' title="bbox 87 2326 1003 2358; baseline 0.003 -9"><span class='ocrx_word' id='word_1_458' title='bbox 87 2334 117 2341; x_wconf 88' lang='lat'><strong>·-</strong></span> <span class='ocrx_word' id='word_1_459' title='bbox 130 2329 154 2348; x_wconf 72' lang='lat' dir='ltr'><strong>z.</strong></span> <span class='ocrx_word' id='word_1_460' title='bbox 171 2326 307 2354; x_wconf 81' lang='lat' dir='ltr'><strong>Appositio</strong></span> <span class='ocrx_word' id='word_1_461' title='bbox 321 2327 404 2350; x_wconf 86' lang='lat' dir='ltr'><strong>totius</strong></span> <span class='ocrx_word' id='word_1_462' title='bbox 414 2327 518 2356; x_wconf 86' lang='lat' dir='ltr'><strong>periodi</strong></span> <span class='ocrx_word' id='word_1_463' title='bbox 534 2328 689 2350; x_wconf 85' lang='lat' dir='ltr'><strong>accusativo</strong></span> <span class='ocrx_word' id='word_1_464' title='bbox 704 2333 767 2351; x_wconf 80' lang='lat' dir='ltr'><strong>casu</strong></span> <span class='ocrx_word' id='word_1_465' title='bbox 781 2328 878 2357; x_wconf 82' lang='lat' dir='ltr'><strong>posita,</strong></span> <span class='ocrx_word' id='word_1_466' title='bbox 892 2329 924 2352; x_wconf 84' lang='lat' dir='ltr'><strong>ut</strong></span> <span class='ocrx_word' id='word_1_467' title='bbox 937 2329 955 2358; x_wconf 90' lang='lat'><strong>1,</strong></span> <span class='ocrx_word' id='word_1_468' title='bbox 965 2333 1003 2353; x_wconf 77' lang='lat'><strong>⁴6.</strong></span> 
     </span>
    </p>

    <p class='ocr_par' dir='ltr' id='par_1_7' title="bbox 91 2358 1408 2454">
     <span class='ocr_line' id='line_1_47' title="bbox 118 2358 885 2392; baseline 0.004 -8"><span class='ocrx_word' id='word_1_469' title='bbox 118 2358 196 2384; x_wconf 82' lang='lat' dir='ltr'><strong>va.</strong></span> <span class='ocrx_word' id='word_1_470' title='bbox 211 2365 233 2384; x_wconf 76' lang='lat' dir='ltr'><strong>l.</strong></span> <span class='ocrx_word' id='word_1_471' title='bbox 247 2360 326 2385; x_wconf 82' lang='lat' dir='ltr'><strong>Nulla</strong></span> <span class='ocrx_word' id='word_1_472' title='bbox 340 2367 376 2390; x_wconf 80' lang='lat' dir='ltr'><strong>re;</strong></span> <span class='ocrx_word' id='word_1_473' title='bbox 387 2367 462 2391; x_wconf 85' lang='lat' dir='ltr'><strong>aeque</strong></span> <span class='ocrx_word' id='word_1_474' title='bbox 475 2362 569 2385; x_wconf 79' lang='lat' dir='ltr'><strong>anxius</strong></span> <span class='ocrx_word' id='word_1_475' title='bbox 586 2363 653 2390; x_wconf 85' lang='lat' dir='ltr'><strong>erat;</strong></span> <span class='ocrx_word' id='word_1_476' title='bbox 668 2364 698 2386; x_wconf 91' lang='lat' dir='ltr'><strong>ut</strong></span> <span class='ocrx_word' id='word_1_477' title='bbox 715 2368 796 2392; x_wconf 84' lang='lat' dir='ltr'><strong>supra</strong></span> <span class='ocrx_word' id='word_1_478' title='bbox 810 2368 834 2386; x_wconf 88' lang='lat' dir='ltr'><strong>c.</strong></span> <span class='ocrx_word' id='word_1_479' title='bbox 848 2368 885 2387; x_wconf 73' lang='lat'><strong>⁵7.</strong></span> 
     </span>
     <span class='ocr_line' id='line_1_48' title="bbox 91 2394 1408 2454; baseline 0.005 -36"><span class='ocrx_word' id='word_1_480' title='bbox 91 2394 242 2454; x_wconf 37' lang='lat' dir='ltr'><strong>mle‘gnuvg&#39;?</strong></span> <span class='ocrx_word' id='word_1_481' title='bbox 253 2396 294 2421; x_wconf 87' lang='lat' dir='ltr'><strong>Sc.</strong></span> <span class='ocrx_word' id='word_1_482' title='bbox 313 2395 347 2421; x_wconf 83' lang='lat' dir='ltr'><strong>ab</strong></span> <span class='ocrx_word' id='word_1_483' title='bbox 370 2402 398 2421; x_wconf 89' lang='lat' dir='ltr'><strong>se</strong></span> <span class='ocrx_word' id='word_1_484' title='bbox 418 2397 446 2422; x_wconf 86' lang='lat' dir='ltr'><strong>in</strong></span> <span class='ocrx_word' id='word_1_485' title='bbox 462 2402 556 2422; x_wconf 86' lang='lat' dir='ltr'><strong>verum</strong></span> <span class='ocrx_word' id='word_1_486' title='bbox 573 2399 722 2423; x_wconf 87' lang='lat' dir='ltr'><strong>auctorem.</strong></span> <span class='ocrx_word' id='word_1_487' title='bbox 733 2411 762 2417; x_wconf 91' lang='lat'>—</span> <span class='ocrx_word' id='word_1_488' title='bbox 775 2403 796 2423; x_wconf 75' lang='lat'><strong>2.</strong></span> <span class='ocrx_word' id='word_1_489' title='bbox 810 2398 941 2424; x_wconf 71' lang='lat' dir='ltr'><strong>probatas</strong></span> <span class='ocrx_word' id='word_1_490' title='bbox 964 2399 1026 2425; x_wconf 88' lang='lat' dir='ltr'><strong>sibi.</strong></span> <span class='ocrx_word' id='word_1_491' title='bbox 1042 2412 1070 2418; x_wconf 88' lang='lat'><strong>—-</strong></span> <span class='ocrx_word' id='word_1_492' title='bbox 1084 2406 1106 2425; x_wconf 78' lang='lat'><strong>3.</strong></span> <span class='ocrx_word' id='word_1_493' title='bbox 1130 2399 1180 2430; x_wconf 80' lang='lat' dir='ltr'><strong>Qui</strong></span> <span class='ocrx_word' id='word_1_494' title='bbox 1203 2400 1249 2424; x_wconf 84' lang='lat' dir='ltr'><strong>dtu</strong></span> <span class='ocrx_word' id='word_1_495' title='bbox 1274 2401 1408 2431; x_wconf 81' lang='lat' dir='ltr'><strong>stipendia</strong></span> 
     </span>
    </p>

    <p class='ocr_par' dir='ltr' id='par_1_8' title="bbox 169 2435 1297 2506">
     <span class='ocr_line' id='line_1_49' title="bbox 169 2435 238 2454; baseline 0 0"><span class='ocrx_word' id='word_1_496' title='bbox 169 2435 184 2454; x_wconf 85' lang='lat' dir='ltr'><strong>e</strong></span> <span class='ocrx_word' id='word_1_497' title='bbox 201 2435 215 2454; x_wconf 82' lang='lat' dir='ltr'><strong>a</strong></span> <span class='ocrx_word' id='word_1_498' title='bbox 232 2446 238 2454; x_wconf 92' lang='lat'><strong>.</strong></span> 
     </span>
     <span class='ocr_line' id='line_1_50' title="bbox 1260 2473 1297 2506; baseline 0 -2"><span class='ocrx_word' id='word_1_499' title='bbox 1260 2473 1297 2506; x_wconf 84' lang='lat'><strong>3.</strong></span> 
     </span>
    </p>
   </div>
  </div>
 </body>
</html>
