1539 2668
519 112 566 142 A.
591 112 693 142 U.¹C.
711 111 784 141 822.
809 111 848 142 A.
871 112 906 141 C.
930 111 980 141 09.
1347 115 1408 145 375

77 202 103 218 ια
120 188 387 221 λετίῐμΐτυθτεῐιιι*
401 185 543 228 praemiis
556 188 596 219 vet
618 185 833 227 impunitate,
853 185 1085 227 Vespasianum
1107 187 1295 220 melioribus
1311 191 1409 222 relin-

54 254 56 260 <
85 236 243 277 «queret.
258 247 275 263 u

129 286 213 315 VIII.
238 282 404 314 Marcellus
418 293 434 309 «
451 289 516 313 non
535 288 629 312 suam
647 280 844 313 sententiam
863 280 1065 321 impugnari,
1089 280 1144 313 sed
1168 283 1333 315 consulem
1356 283 1409 316 de·

84 345 100 361 «
117 331 278 371 signatum
292 329 482 362 censuisse»
501 327 644 367 dicebat,
663 342 678 355 u
696 329 874 361 secundum
890 332 1001 361 vetera
1016 330 1161 370 exempla
1174 354 1182 369 ‚
1197 339 1270 370 quae
1288 335 1408 366 sortem

84 392 100 409 ιι
117 378 333 419 legationibus
353 376 558 418 posuissent,
574 384 615 407 ne
633 375 803 408 ambitioni
823 379 880 408 aut
899 376 1078 409 inimicitiis
1102 376 1192 408 locus
1215 378 1307 409 foret.
1327 380 1407 412 nihil

83 439 99 455 «ι
115 426 261 459 evenisse
282 434 339 457 cur
362 424 544 464 antiquitus
559 424 710 455 instituta
726 425 967 463 exolescerent,
985 424 1042 456 aut
1065 423 1222 464 Principis
1248 425 1351 458 honor
1374 429 1407 460 in

81 486 98 502 «
115 470 307 514 cujusquam
321 471 546 504 contumeliam
563 473 759 511 verteretur;
777 472 925 504 sufficere
939 480 1053 503 omnes
1069 471 1239 512 obsequio.
1256 473 1286 504 id
1306 475 1407 515 magis

81 535 97 551 a
114 521 300 558 vitandum,
314 529 354 551 ne
368 519 547 561 pervicacia
560 519 766 561 quorundam
782 520 965 552 irritaretur
979 520 1106 552 animus
1121 529 1206 551 novo
1222 521 1406 563 principatu

79 582 96 598 «ι
113 576 286 609 suspensus
309 568 342 599 et
358 568 473 599 vultus
493 577 624 608 quoque
648 577 687 600 ac
710 577 877 600 sermones
899 567 1048 599 omnium
1063 567 1346 607 circumspectans.
1372 579 1406 603 se

81 629 97 645 ιι.
113 616 301 648 meminisse
318 619 499 656 temporum
518 615 636 656 quibus
662 618 760 648 natus
780 616 841 656 sit,
864 625 961 656 quam
984 615 1123 648 civitatis
1146 617 1280 648 formam
1300 621 1407 658 patres

79 676 96 692 α
113 664 230 704 avique
250 663 467 703 instituerint3
492 663 644 694 ulteriora
658 664 664 680 ¹
687 664 820 704 mirari,
835 663 1007 704 praesentia
1023 663 1135 704 sequi3
1151 663 1253 695 bonos
1268 668 1405 706 Impera-

79 724 96 739 «
112 711 198 743 tores
221 712 297 742 voto
317 712 483 750 expetere,
507 711 760 751 qualescumque
788 711 936 743 tolerare.
964 720 1030 742 non
1055 711 1158 751 magis
1180 720 1239 743 sua
1261 713 1407 748 oratione

79 771 95 786 ι
113 758 284 790 Thraseam
307 767 404 798 quam
421 757 546 796 judicio
567 761 699 789 senatus
715 758 871 790 afflictum
893 768 901 790 :
918 759 1076 791 saevitiam
1094 759 1228 790 Neronis
1244 768 1301 799 per
1323 762 1406 802 eJus·

79 818 95 834 «
112 805 201 837 modi
219 805 374 843 imagines
391 805 531 835 illusisse
543 804 569 844 ²,
585 813 645 836 nec
662 805 769 836 minus
783 805 844 836 sibi
858 806 989 837 anxiam
1006 806 1101 837 talem
1117 806 1293 838 amicitiam
1310 816 1406 848 quam

79 864 94 880 α
112 852 183 884 aliis
195 854 354 883 exsilium.
373 851 513 891 denique
527 851 720 889 constantia,
737 852 939 891 fortitudine,
953 853 1129 884 Catonibus
1141 855 1171 884 et
1185 854 1288 885 Brutis
1300 863 1407 896 aequa-

77 911 92 927 «
111 903 201 931 retur
216 899 384 930 Helvidius
401 911 407 928 z
427 907 463 930 se
476 907 577 930 unum
593 907 663 930 esse
681 908 721 930 ex
739 899 796 930 illo
809 901 946 936 senatu,
965 901 1022 939 qui
1041 900 1139 932 simul
1154 901 1313 933 servierit.
1335 911 1405 935 sua·

78 959 95 975 σ,
113 946 190 979 dere
214 947 313 978 etiam
339 946 468 984 Prisco,
491 954 530 977 ne
554 954 654 986 supra
675 947 858 987 Principem
882 946 1069 986 scanderet3
1091 956 1130 978 ne
1151 948 1382 987 Vespasianum
1395 975 1405 991 ,

76 1006 93 1022 «ι
111 1003 221 1026 senem
237 994 469 1033 triumphalem
482 1017 490 1032 ,
512 993 670 1033 juvenum
689 994 863 1026 liberorum
881 996 1006 1035 patrem
1020 1018 1029 1033 ,
1047 994 1217 1034 praeceptis
1230 998 1404 1031 coerceret.

76 1053 92 1068 κ
109 1041 272 1082 quomodo
294 1041 440 1081 pessimis
460 1042 714 1081 Imperatorihus
730 1042 800 1073 sine
817 1042 879 1073 tine
895 1042 1170 1079 dominationem,
1190 1041 1235 1073 ita
1254 1043 1406 1082 quamvis

77 1100 91 1115 οι
109 1088 243 1128 egregiis
262 1088 395 1119 niodum
420 1088 579 1119 libertatis
601 1089 738 1128 placere.
756 1102 771 1116 »
798 1089 869 1120 haec
891 1089 1017 1128 magnis
1040 1088 1205 1129 utrimque
1222 1091 1406 1124 contentio-

73 1134 170 1167 nibus
189 1137 303 1173 iactata
321 1135 454 1166 diversis
471 1135 587 1167 studiis
602 1136 858 1176 accipiebantur.
873 1137 954 1167 vicit
968 1145 1059 1176 pars,
1075 1145 1148 1175 quae
1163 1137 1270 1167 sortiri
1287 1138 1406 1178 legatos

74 1182 237 1222 malebat,
253 1186 349 1213 etiam
369 1182 484 1213 mediis
499 1181 510 1199 ³
526 1185 658 1214 Patrum
676 1183 901 1214 annitentibus
918 1184 1054 1214 retinere
1070 1192 1202 1214 morem.
1218 1186 1249 1214 et
1264 1184 1405 1224 splendi-

77 1229 228 1262 dissimus
240 1230 377 1270 quisque
391 1229 505 1260 ecdem
523 1230 720 1268 inclinabat,
738 1233 826 1261 metu
843 1230 991 1268 invidiae,
1006 1230 1031 1260 si
1050 1230 1109 1270 ipsi
1128 1230 1333 1269 eligerentur,

114 1281 166 1309 lx.
188 1280 339 1308 Secutum
361 1276 446 1308 aliud
467 1280 642 1308 certamen.
665 1281 822 1317 praetores
842 1278 951 1309 aerarii
974 1277 1059 1316 (nam
1081 1280 1150 1308 tum
1175 1286 1193 1308 a
1215 1278 1405 1318 praetoribus

72 1325 273 1358 tractabatur
292 1324 444 1356 aerarium
465 1324 471 1341 ¹
486 1325 495 1363 )
509 1323 689 1364 publicam
703 1327 952 1365 paupertatem
968 1325 1076 1365 questi
1091 1325 1231 1356 modum
1244 1329 1404 1366 impensis

72 1373 326 1413 postulaverant.
351 1381 421 1403 eain
443 1379 555 1402 curam
579 1372 692 1403 consul
717 1371 905 1411 designatus
918 1372 960 1403 ob
976 1372 1234 1411 magnitudinem
1251 1374 1358 1406 oneris
1372 1376 1403 1407 et

70 1420 206 1452 remedii
233 1420 457 1450 difficultatem
485 1419 626 1459 principi
653 1419 838 1451 reservabat
861 1429 869 1451 :
897 1420 1063 1452 Helvidius
1087 1420 1235 1451 arbitrio
1260 1423 1403 1454 senatus

71 1467 245 1510 aqendnm
262 1468 402 1498 censuit.
419 1476 520 1507 quum
542 1470 749 1507 perrogarent
764 1468 943 1499 sententias
958 1468 1106 1499 consules
1120 1491 1128 1504 ‚
1146 1468 1316 1499 Vulcatius
1329 1472 1403 1501 Ter-

71 1515 204 1547 tullinus
233 1514 382 1545 tribunus
408 1514 508 1555 plebis
530 1515 732 1553 intercessit,
753 1523 795 1546 ne
821 1515 905 1556 quid
926 1523 1032 1555 super
1056 1516 1158 1545 tanta
1181 1524 1218 1546 re
1241 1517 1402 1557 Principe

69 1563 211 1596 absence
233 1564 461 1593 statueretur.
480 1566 650 1594 censuerat
664 1562 832 1594 Helvidius
851 1565 892 1594 ut
912 1562 1124 1602 Capitolium
1144 1562 1281 1602 publice
1302 1565 1400 1595 resti-

70 1612 242 1649 tueretur,
255 1609 442 1649 adjuvaret
457 1611 695 1650 Vespasianus.
706 1619 777 1641 eam
789 1610 981 1642 sententiam
997 1609 1254 1641 modestissimus
1265 1610 1401 1652 quisque

68 1658 197 1691 silentio
210 1681 219 1696 ‚
236 1657 354 1688 deinde
372 1657 493 1688 oblivio
510 1658 688 1689 transmisit
704 1667 712 1688 ε
729 1658 821 1689 suere
835 1659 889 1698 qui
905 1660 937 1689 et
953 1658 1178 1703 meminissent
1191 1657 1217 1688 ².

109 1709 149 1736 X.
172 1709 255 1736 'runi
278 1706 429 1735 invectus
446 1707 498 1736 est
512 1705 680 1736 Musonius
703 1706 806 1737 Rufus
827 1707 862 1737 in
882 1705 1049 1737 Publium
1072 1705 1226 1736 Celerem
1241 1705 1264 1744 ¹,
1287 1712 1310 1736 a
1333 1713 1400 1746 quo

69 1753 223 1784 Baream
238 1753 407 1782 Soranum
419 1750 518 1791 falso
536 1753 730 1784 testimonio
749 1755 1026 1785 circumventum
1043 1753 1211 1791 arguebat.
1233 1761 1271 1783 ea
1290 1753 1398 1792 cogni-

68 1799 156 1832 tione
181 1798 327 1830 renovai·i
347 1798 420 1829 odia
440 1799 685 1830 accusationum
712 1800 916 1831 videbantur.
939 1800 995 1831 sed
1023 1799 1096 1831 vilis
1121 1802 1154 1831 et
1179 1808 1299 1831 nocens
1325 1808 1399 1831 reus

67 1848 192 1889 protegi
209 1856 274 1878 non
290 1848 417 1886 poterat
432 1855 439 1876 :
455 1846 575 1886 quippe
597 1846 709 1878 Sorani
729 1850 843 1879 sancta
864 1848 1038 1886 memoria;
1060 1847 1152 1878 celer
1167 1847 1330 1886 professus
1346 1856 1399 1879 sa-

67 1894 223 1937 pientiam
234 1919 242 1932 ,
258 1894 331 1924 dein
347 1893 437 1924 testis
449 1892 481 1923 in
496 1897 626 1925 Baream
637 1917 647 1933 ,
661 1893 805 1934 proditor
818 1897 1053 1934 corruptorque
1066 1893 1219 1924 amicitiae
1232 1892 1324 1932 cujus
1338 1892 1348 1910 ²
1365 1901 1398 1925 se

68 1943 261 1982 magistrum
287 1940 418 1972 ferebat.
442 1940 610 1981 proximus
630 1941 698 1973 dies
721 1950 828 1973 causae
851 1941 1044 1973 destinatur.
1065 1943 1208 1972 nectam
1234 1940 1399 1972 Musonius

68 1993 125 2022 aut
150 1989 281 2021 Publius
310 1998 405 2029 quam
432 1989 559 2021 Priscus
582 1990 615 2021 et
638 1989 809 2021 Marcellus
835 1989 1018 2029 ceterique,
1048 1988 1146 2020 motis
1173 1988 1211 2019 ad
1240 1986 1397 2019 ultionem

67 2037 186 2070 animis
196 2060 205 2076 ‚
219 2046 257 2068 ex
263 2036 503 2077 spectabantur.

107 2088 161 2117 XI.
186 2085 254 2116 Tali
278 2094 384 2116 rerum
402 2087 487 2117 statu
502 2109 510 2125 ,
531 2093 632 2126 quum
656 2083 818 2116 discordia
833 2084 918 2116 inter
931 2086 1064 2123 Patres,
1080 2083 1131 2115 ira
1153 2082 1240 2123 apud
1264 2082 1371 2114 victos
1386 2105 1394 2120 ,

96 2170 166 2195 vul.
185 2177 206 2196 ι.
223 2172 286 2201 Quae
299 2171 353 2196 sint
369 2171 441 2196 ultra
453 2172 647 2203 Augustuma-
655 2177 677 2195 2.
690 2171 792 2196 Ludum
806 2171 893 2201 egisse
906 2176 954 2201 per
967 2171 1113 2201 imaginem
1129 2172 1176 2194 aut
1186 2169 1306 2198 speciem
1316 2168 1395 2198 justae

68 2207 230 2236 quaestionis.
244 2214 326 2237 quum
341 2214 437 2232 revera
450 2214 500 2238 per
513 2209 567 2232 vim
581 2209 609 2232 et
620 2207 780 2232 violentiam
791 2208 956 2237 ageret-5.
974 2206 1111 2236 Ambiguae
1127 2206 1234 2229 mentis.

97 2242 144 2265 lx.
157 2247 176 2265 ι.
190 2243 223 2267 nt
233 2243 283 2267 sub
299 2245 432 2273 Augusto,
444 2249 526 2273 quum
540 2243 667 2268 Claudius
684 2245 832 2272 quaestores
848 2243 1009 2266 reduxisset.
1031 2243 1062 2266 V.
1078 2244 1153 2266 Ami.
1169 2241 1230 2264 Xlli
1243 2259 1248 2269 ‚
1263 2246 1307 2268 28,
1325 2244 1393 2264 29.—

69 2282 93 2301 2.
105 2277 234 2301 Nimirum
249 2278 281 2302 de
294 2279 429 2303 sententia
444 2279 558 2304 Helvidii
572 2279 706 2303 secundas
720 2279 811 2308 partes
826 2278 903 2302 datas
920 2278 1080 2308 Imperatori
1094 2278 1121 2301 in
1139 2283 1169 2300 re
1183 2277 1269 2300 tanta.

67 2346 85 2370 d
97 2313 132 2372 ξ.
150 2319 171 2337 i.
187 2314 337 2344 Egnatium,
351 2316 424 2340 Αηη.
440 2316 507 2345 XVI,
519 2320 556 2344 52,
571 2316 598 2339 et
608 2316 664 2339 not.
677 2315 710 2338 ad
723 2319 818 2339 ,τα-2.
833 2314 922 2344 Cujus,
936 2314 966 2338 ut
977 2313 1089 2338 aliarum
1102 2313 1243 2341 virtutum,
1254 2312 1393 2343 praecepta

87 2353 101 2371 a
123 2348 159 2372 at.
183 2368 191 2378 ,
207 2364 210 2365 ⁷
