1539 2668
487 143 522 170 A.
547 143 583 171 U.
609 142 645 171 C.
671 141 741 171 774.
765 144 800 171 A.
827 143 861 171 C.
886 143 937 172 21.
1329 141 1374 171 79

54 216 180 247 bantur.
196 214 291 254 igitur
304 217 337 246 C.
357 213 482 246 Cestius
496 216 623 244 senator
645 213 796 245 disseruit
822 227 837 241 «ι
854 215 1013 255 Principes
1026 215 1159 255 quidem
1182 216 1283 247 instar
1298 215 1375 248 deo·

55 275 72 290 κ
89 271 161 294 rum
176 270 245 293 esse
262 271 270 292 :
288 261 342 293 sed
368 270 473 301 neque
494 269 513 292 a
528 260 591 292 diis
612 260 787 300 nisijustas
804 262 986 302 supplicum
1007 270 1117 302 preces
1130 262 1251 301 audiri,
1267 271 1374 302 neque

53 322 70 338 «ι
88 317 284 350 quemquam
296 308 329 339 in
345 308 537 347 Capitolium
554 307 655 339 aliave
668 307 763 339 Urbis
782 309 901 349 templa
926 309 1090 349 perfugere
1101 333 1110 349 ,
1126 311 1162 340 ut
1177 318 1214 340 eo
1228 309 1377 340 subsidio

53 369 69 384 α
86 356 126 388 ad
140 356 257 396 flagitia
269 357 385 386 utatur.
401 354 537 386 abolitas
549 355 633 395 leges
650 359 682 386 et
698 355 842 387 funditus
857 365 984 396 versas,
998 356 1052 387 ubi
1066 357 1098 387 in
1110 356 1178 387 foro
1191 381 1199 395 ‚
1215 357 1246 387 in
1261 356 1375 388 limine

52 415 69 430 «ι
86 403 183 435 curiae
195 427 204 443 ‚
222 402 262 433 ab
282 402 382 433 Annia
396 402 529 441 Rutula,
543 411 638 442 quam
656 402 777 433 fraudis
793 403 852 434 sub
866 403 974 442 judice
987 403 1241 443 damnavisset3,
1256 403 1373 443 probra

52 462 69 477 α
85 450 196 481 sibiet
219 449 317 480 minae
341 448 561 488 intendantur,
588 458 693 489 neque
713 449 781 489 ipse
808 450 925 483 audeat
937 453 989 491 Jus
1011 451 1147 491 experiri
1168 451 1210 481 ob
1234 451 1372 490 effigiem

52 510 67 524 a
86 496 290 537 Imperatoris
306 496 525 536 oppositam.»
544 496 637 528 Haud
654 496 826 528 dissimilia
846 498 916 537 alii,
936 500 969 530 et
983 498 1114 539 quidam
1137 497 1296 529 atrociora
1311 497 1372 528 cir·

47 543 324 584 cumstrepebant;
341 543 618 583 precabanturque
625 548 776 583 Drusum,
786 544 830 575 cla
836 547 887 576 rec
898 545 1039 577 ultionis
1049 546 1258 586 exemplum,
1269 545 1373 577 donec

46 592 183 624 accitam
198 590 444 630 convictamque
459 591 587 622 attineri
606 589 733 631 publica
751 591 898 623 custodia
909 592 1016 632 jussit.

87 640 236 671 XXXVII.
261 638 298 669 Et
314 637 483 669 Considius
503 642 618 678 AEquus
642 639 674 669 et
690 638 807 669 Caelius
825 642 956 677 Cursor,
973 640 1102 679 Equites
1117 639 1267 679 Romani,
1281 638 1372 679 quod

45 688 128 721 fictis
149 687 323 726 majestatis
352 687 541 718 criminibus
570 688 707 727 Magium
726 688 934 720 Caecilianum
958 691 1129 729 praetorem
1158 689 1370 730 petivissent,

44 738 175 767 auctore
190 733 335 774 Principe
354 743 391 765 ac
415 734 542 765 decreto
568 737 699 766 senatus
721 735 837 775 puniti.
864 739 1042 776 Utrumque
1067 736 1100 767 in
1124 736 1250 767 laudem
1274 735 1371 767 Drusi

43 781 230 814 trahebatur
248 790 256 811 :
275 793 290 807 α
302 780 342 812 ab
354 790 392 812 eo
408 781 440 812 in
455 781 539 812 Urbe
554 782 636 812 inter
651 784 750 813 coetus
765 783 797 813 et
812 791 976 814 sermones
991 783 1158 814 hominum
1176 783 1371 816 obversante

44 843 62 858 «
81 831 203 861 secreta
218 828 336 868 patris¹
354 828 511 869 mitigari,
523 842 538 856 u
558 838 661 868 neque
675 829 770 860 luxus
784 830 815 860 in
829 831 945 869 juvene
959 830 1038 860 adeo
1050 826 1258 870 displicebat:
1278 844 1292 857 «ι
1304 831 1370 862 huc

44 890 60 905 «
79 876 186 917 potius
211 875 413 914 intenderet,
445 875 529 906 diem
555 875 825 907 aedificationibus
841 901 849 916 ,
871 880 998 908 noctem
1017 877 1174 908 conviviis
1199 878 1367 917 traheret,

43 936 61 951 ι
77 931 174 963 quam
190 922 278 954 solus
289 924 321 953 et
335 922 432 954 nullis
442 923 662 963 voluptatibus
675 925 831 955 avocatus
846 927 995 955 moestam
1009 924 1208 964 vigilantiam
1223 927 1254 956 et
1267 925 1368 957 malas

43 983 60 998 «
76 978 167 1001 curas
183 970 358 1000 exerceret.
376 982 391 996 ι

81 1020 246 1050 XXXVIII.
271 1020 342 1048 Non
357 1016 444 1048 enim
459 1015 626 1056 Tiberius,
649 1027 715 1049 non
737 1019 942 1049 accusatores
958 1017 1159 1049 fatiscebant.
1187 1019 1225 1050 Et
1242 1020 1367 1050 Ancha-

40 1064 106 1096 rius
118 1064 245 1095 Priscus
261 1064 400 1095 Caesium
422 1063 563 1095 Cordum
574 1088 583 1104 ,
607 1074 664 1104 pro
687 1064 816 1096 consule
833 1067 953 1104 Cretae,
972 1065 1190 1105 postulaverat
1214 1067 1366 1105 repetun-

39 1110 99 1149 dis,
113 1111 221 1142 addito
234 1110 411 1149 majestatis
433 1111 567 1141 crimine
578 1134 586 1149 ,
612 1112 698 1151 quod
719 1115 789 1142 tum
808 1112 953 1142 omnium
969 1112 1209 1143 accusationum
1223 1114 1367 1153 comple-

40 1160 186 1189 mentum
213 1160 292 1188 erat.
326 1161 430 1188 Caesar
460 1157 632 1188 Antistium
661 1162 806 1189 Veterem
821 1183 828 1197 ,
862 1168 879 1189 e
905 1159 1099 1198 primoribus
1128 1159 1324 1191 Macedoniae
1338 1161 1364 1200 ¹,

38 1205 226 1236 absolutum
246 1203 411 1241 adulterii,
435 1203 776 1243 increpitisjudicibns
790 1205 828 1235 ad
853 1205 1020 1236 dicendam
1042 1205 1218 1244 maJ'estatis
1232 1215 1364 1238 causam

40 1251 173 1282 retraxit
186 1252 223 1282 ut
239 1250 405 1281 turbidum
425 1251 458 1281 et
482 1250 728 1290 Rhescuporidis
754 1251 896 1282 consiliis
919 1252 1134 1291 permixtum,
1156 1261 1219 1292 qna
1243 1254 1363 1293 tempe-

39 1300 122 1330 >tate
141 1300 240 1337 Cotye
257 1297 353 1328 fratrc
372 1296 383 1314 ²
400 1297 567 1328 interfecto
582 1297 699 1328 bellum
724 1298 879 1329 adversus
899 1308 958 1329 nos
974 1299 1132 1329 volverat.
1151 1299 1249 1337 igitur
1265 1310 1362 1341 aqua

36 1348 70 1376 2¹¹6
89 1346 161 1384 tyni
175 1343 401 1375 interdictum,
414 1352 481 1379 ren,
491 1346 755 1384 appositumque
770 1347 810 1376 ἰιι
823 1347 997 1376 teneretur
1008 1345 1127 1376 insula
1136 1353 1244 1386 neque
1255 1349 1364 1379 Mace-

35 1393 150 1423 ‹lomoe
173 1399 280 1432 neque
313 1390 469 1422 Tltracz'ae
495 1390 728 1430 opportuna³.
760 1395 839 1422 Nam
863 1392 1016 1431 Thracia,
1035 1392 1141 1423 diviso
1166 1392 1301 1432 imperio
1326 1395 1360 1425 in

38 1438 277 1471 Rhoemetalcen
291 1438 322 1468 et
340 1436 453 1468 liberos
469 1438 577 1477 Cotyis
588 1462 597 1476 ,
612 1440 684 1477 quis
700 1437 742 1468 ob
758 1438 926 1469 infantiam
949 1440 1037 1469 tutor
1059 1440 1128 1469 erat
1144 1439 1362 1471 Trebellienus

36 1486 153 1523 Rufus,
167 1484 338 1516 insolentia
350 1484 450 1515 nostri
467 1484 588 1515 discors
604 1484 729 1524 agebat,
749 1494 854 1526 neque
871 1485 978 1516 minus
992 1485 1245 1517 Rhoemetalcem
1260 1496 1359 1527 quam

35 1532 270 1565 Ti‘ebellienum
288 1531 436 1561 incusans
449 1553 458 1569 ,
476 1531 678 1571 popularium
696 1532 830 1571 injurias
848 1531 966 1562 inultas
980 1532 1093 1563 sinere.
1113 1533 1240 1565 coeletae
1256 1535 1360 1565 Odru-

35 1588 145 1619 saeque
159 1581 191 1610 et
206 1578 276 1617 alii,
291 1577 405 1609 validae
422 1578 566 1609 nationes
577 1602 586 1617 ,
604 1586 693 1609 arma
708 1587 820 1618 cepere
832 1602 842 1618 ,
863 1577 1001 1609 ducibus
1023 1579 1158 1611 diversis
1175 1583 1206 1611 et
1228 1581 1360 1620 paribus

34 1628 118 1659 inter
133 1635 167 1657 se
183 1634 238 1665 per
254 1624 485 1663 ignobilitatem
503 1634 511 1654 :
531 1634 604 1665 qnae
618 1634 715 1656 causa
733 1626 794 1656 fuit
809 1650 818 1665 ‚
838 1633 878 1657 ne
903 1626 935 1656 in
953 1625 1074 1656 bellum
1091 1628 1183 1657 atrox
1200 1628 1360 1660 coalesce-

35 1675 114 1704 rent.
137 1681 209 1712 pars
225 1672 354 1703 tmbant
371 1671 559 1711 praesentia,
586 1671 639 1702 alii
665 1675 810 1703 montem
833 1676 979 1703 Haemum
1000 1674 1295 1714 transgrediuntur,
1320 1677 1359 1708 ut

33 1722 174 1750 remotos
185 1719 320 1760 populos
334 1719 515 1750 concirent:
531 1718 658 1758 plurimi
672 1728 709 1750 ac
724 1719 862 1750 maxime
875 1720 1043 1760 compositi
1056 1729 1163 1760 regem
1178 1721 1357 1764 urbemque

34 1766 279 1806 Philippopolim
301 1775 319 1797 a
341 1765 512 1797 Macedone
530 1765 673 1806 Philippo
690 1765 810 1797 sitam⁴
837 1766 1082 1799 circumsidunt.

73 1816 206 1844 XXXIX.
231 1816 311 1851 Quae
333 1812 388 1843 ubi
405 1812 531 1851 cognita
548 1815 581 1843 P.
605 1813 726 1844 Velleio
744 1813 783 1853 (is
802 1813 987 1854 proximum
1009 1814 1188 1847 exercitum
1205 1815 1360 1855 praeside-

34 1859 113 1898 bat),
137 1859 253 1890 alarios
272 1859 278 1876 ¹
299 1859 421 1898 equites
438 1868 476 1890 ac
493 1858 581 1890 leves
603 1859 786 1890 cohortium
807 1860 907 1891 mittit
926 1860 959 1891 in
974 1869 1048 1900 eos,
1075 1861 1130 1901 qui
1146 1863 1346 1901 praedabuncl

32 1909 90 1939 aut
107 1904 304 1936 assumendis
324 1905 454 1935 auxiliis
471 1905 681 1943 vagabantur.
700 1905 769 1946 ipse
784 1906 882 1937 robur
897 1906 1040 1946 peditum
1065 1907 1105 1938 ad
1121 1909 1356 1940 exsolvendum

32 1953 195 1985 obsidium
210 1952 310 1983 ducit.
337 1951 496 1991 simulque
512 1954 628 1982 cuneta
645 1961 797 1992 prospere
823 1955 913 1991 acta,
943 1953 1033 1984 caesis
1054 1955 1298 1993 populatoribus
1321 1959 1355 1986 et

30 2000 232 2032 dissensione
245 2000 315 2029 orta
331 1998 417 2038 apud
432 1998 615 2029 obsidentes
630 1999 774 2038 regisque
791 2002 970 2038 opportuna
986 2001 1152 2039 eruptione
1168 2004 1200 2032 et
1212 2002 1355 2034 adventu

31 2047 176 2086 legionis,
193 2055 298 2086 neque
314 2046 414 2076 aciem
439 2048 495 2076 aut
509 2045 660 2085 proelium
673 2046 734 2076 dici
755 2045 916 2085 decuerit,
935 2046 967 2077 in
985 2055 1048 2086 quo
1064 2048 1214 2079 semermi
1237 2057 1273 2080 ac
1295 2058 1356 2090 pa-

31 2093 134 2125 lantes
150 2093 301 2124 trucidati
318 2095 394 2123 sunt
409 2092 477 2123 sine
491 2094 601 2123 nostro
617 2093 780 2131 sanguine.

72 2144 133 2172 XL.
157 2140 275 2171 Eodem
295 2148 380 2170 anno
396 2139 566 2170 Galliarum
589 2140 737 2170 civitates
754 2139 795 2170 ob
812 2139 1065 2179 magnitudinem
1081 2141 1155 2173 aeris
1179 2141 1274 2174 alieni
1300 2151 1354 2175 re·

30 2228 82 2246 —5.
96 2222 253 2246 perfecisset
269 2225 298 2247 ut
311 2223 345 2246 ab
359 2223 449 2252 iudice
462 2223 642 2247 damnaretur.

62 2257 194 2281 xxxvu.
211 2263 233 2281 ¹.
251 2259 383 2282 Saevitiam
400 2265 478 2287 quam
492 2260 570 2288 pater
584 2257 690 2281 secreto
703 2257 815 2285 tegeret.

63 2292 201 2315 xxxvlll.
218 2298 236 2316 ι.
253 2294 328 2317 Haud
342 2294 422 2317 dubie
437 2294 547 2317 civitate
559 2294 706 2319 donatu1n;
725 2294 772 2315 ant
786 2292 819 2316 ab
833 2293 951 2316 Romano
965 2292 1132 2320 adoptatum,
1147 2292 1181 2316 ob
1193 2298 1291 2317 nomen
1313 2294 1355 2318 la-

32 2326 126 2350 tinum.
138 2339 168 2343 —
179 2332 202 2350 ²2.
219 2329 312 2351 Lanius
327 2328 437 2357 dictum,
452 2329 499 2352 sed
524 2334 577 2352 non
598 2328 761 2351 adversante
779 2333 840 2351 usu,
854 2328 969 2351 Fratres
986 2327 1068 2356 filius
1088 2328 1160 2355 erat;
1174 2333 1201 2350 ν.
1216 2327 1249 2355 11,
1272 2333 1356 2353 ει.-

30 2367 54 2385 3.
68 2361 95 2385 In
109 2368 190 2391 quam
203 2368 234 2386 ex
248 2365 344 2387 neutra
356 2365 428 2387 terra
443 2363 554 2387 navibus
565 2369 699 2392 perveniri
715 2362 792 2385 facile
803 2364 900 2391 posset.
910 2375 939 2380 —
948 2368 969 2386 ⁴.
980 2363 1103 2390 l‘ositam,
1112 2362 1261 2386 conditam.

64 2397 189 2421 XXXIX.
206 2402 227 2420 ¹.
245 2398 273 2421 Id
284 2400 324 2422 est
337 2399 480 2427 sociorum,
493 2399 608 2428 oppositi
622 2398 789 2427 leqionceriis
801 2397 954 2427 equitibus.
