1539 2668
490 152 517 182 A
550 153 589 181 U.
614 152 650 181 C.
675 151 747 184 807.
771 151 807 180 A.
831 151 867 180 C.
891 150 931 181 54
1326 152 1385 183 187

53 228 231 268 intrarent3
254 227 351 260 simul
369 228 481 268 pontes
500 235 558 267 per
574 234 702 257 amnem
726 226 920 266 Euphratem
933 226 1034 266 jungi.
1057 227 1090 258 et
1106 227 1262 259 minorem
1276 230 1388 260 Arme·

53 275 141 308 niam
169 274 389 313 Aristobulo³‚
420 274 582 313 regionem
608 273 775 313 Sophenen
818 274 957 305 Soliemo
989 282 1063 304 cum
1089 273 1272 313 insignibus
1293 275 1388 315 regiis

54 323 198 363 mandat,
216 325 410 362 exortusque
423 321 454 352 in
471 323 618 362 tempore
638 321 774 352 aemulus
800 321 956 361 Vologeso
973 320 1057 352 filius
1073 322 1255 362 Vardanes3
1282 324 1315 355 et
1337 323 1388 354 ab-

50 379 193 404 scessere
211 369 358 401 Armenia
376 368 481 400 Parthi
494 393 503 408 ,
521 371 687 408 tamquam
704 368 872 399 differrent
889 368 1019 399 bellum.

46 436 49 437 ν
94 421 179 450 VIII.
203 417 263 450 Sed
280 416 364 456 apud
381 418 529 447 senatum
553 416 662 446 omnia
686 415 717 445 in
748 416 851 455 majus
867 415 1026 447 celebrata
1053 416 1129 447 sunt
1151 416 1322 448 sententiis
1336 425 1389 449 eo-

53 473 144 504 rum,
171 464 225 505 qni
252 464 520 504 supplicationes
548 464 582 493 el
617 462 735 494 diebus
760 463 1056 503 supplicationum
1074 465 1201 494 vestem
1230 465 1388 505 Principi

54 511 326 552 triumphalem,
343 513 449 551 utque
464 518 569 542 ovans
589 510 708 541 Urbem
721 512 842 549 iniret,
856 509 1053 551 effiqiesque
1067 511 1140 550 eJ'us
1156 512 1238 550 pari
1254 512 1388 551 maqni-
1415 553 1417 556 Α

51 558 171 590 tudine
184 567 225 589 ac
241 560 369 589 Martis
392 557 547 588 Ulloris¹
569 556 684 588 eodem
709 559 742 587 in
767 557 891 597 templo
913 565 1088 596 censuere,
1120 560 1237 598 praeter
1261 560 1387 590 suetam

49 604 269 636 adulationem
284 605 363 644 laeti,
379 605 466 645 quod
485 604 660 635 Domitium
677 604 893 635 Corbulonem
908 604 918 622 2
939 604 1116 636 retinendae
1133 605 1295 637 Armeniae
1311 614 1389 646 prae-

49 655 222 693 posuerat,
247 652 482 692 videbaturque
509 652 597 683 locus
616 651 794 682 virtutihus
820 651 1010 692 patefactus.
1041 651 1149 692 Copiae
1174 652 1316 684 Orientis
1340 653 1388 684 ita

48 699 252 738 dividuntur,
271 701 307 730 ut
330 708 403 739 pars
420 700 625 730 auxiliarium
640 708 715 730 cum
732 698 859 730 duabus
883 699 1064 738 legionibus
1083 699 1168 739 apud
1186 699 1387 740 provinciam

52 747 178 788 Syriam
195 749 227 778 et
244 747 385 786 legatum
409 748 477 786 eJus
503 747 700 785 Quadratum
723 747 924 778 Ummidium
939 746 950 764 ³
974 750 1171 786 remaneret,
1192 756 1249 787 par
1263 747 1387 778 civium

50 794 276 833 sociorumque
299 803 453 825 numerus
465 794 639 825 Corbuloni
653 796 757 833 esset,
782 794 899 825 additis
918 793 1104 825 cohortibus
1128 794 1199 825 aliis
1217 803 1356 834 quaeque
1373 793 1383 811 ⁴

50 841 250 882 Cappadocia
269 841 453 872 hiemabant
471 854 477 870 :
497 841 575 872 socii
590 850 678 880 reges
691 866 698 880 ‚
715 844 811 881 prout
827 840 909 871 bello
925 841 1140 879 conduceret,
1170 851 1279 881 parere
1290 840 1383 881 jussi-

45 889 106 922 sed
119 888 229 920 studia
245 897 358 920 eorum
379 889 411 919 in
429 888 642 920 Corbulonem
660 888 860 928 promptiora
879 889 981 918 erant.
1008 888 1063 927 qni
1082 890 1118 919 ut
1144 889 1237 919 faniae
1253 888 1386 920 inservi-

50 938 121 975 ret,
136 943 209 976 quae
237 935 268 966 in
287 935 380 966 novis
394 936 507 976 coeptis
525 935 725 966 validissima
744 937 814 973 est,
838 935 952 966 itinere
979 943 1114 975 propere
1137 936 1282 966 confecto
1299 935 1387 975 apud

49 987 169 1023 Egeas‚
189 982 351 1014 civitatem
367 982 488 1014 Ciliciae
505 983 528 1021 ⁵,
546 983 677 1014 obvium
704 982 906 1021 Quadratum
924 982 1057 1021 habuit,
1076 982 1151 1013 illuc
1170 991 1385 1022 progressum,

48 1039 109 1070 ne,
125 1029 153 1061 si
167 1029 204 1060 ad
223 1030 426 1070 accipiendas
447 1030 556 1070 copias
569 1032 693 1069 syriani
711 1030 897 1061 intravisset
919 1029 1061 1061 Corbulo
1074 1053 1082 1067 ‚
1107 1029 1256 1061 omnium
1280 1039 1335 1061 ora
1349 1029 1384 1061 in

48 1085 83 1108 se
98 1077 258 1116 verteret,
285 1086 418 1116 corpore
442 1078 552 1116 ingens
564 1101 572 1115 ,
592 1077 698 1107 verbis
715 1077 912 1116 magnificis,
927 1079 960 1108 et
975 1085 1071 1117 super
1085 1077 1315 1117 experientiam
1333 1085 1384 1110 sa·

48 1123 267 1164 pientiamque
284 1124 382 1154 etiam
399 1124 506 1163 specie
522 1123 665 1154 inanium
680 1124 819 1154 validus.

92 1173 142 1201 lx.
168 1173 317 1201 Ceterum
342 1172 477 1209 uterque
490 1170 530 1200 ad
544 1170 721 1209 Vologesen
753 1179 860 1209 regem
881 1170 889 1188 ¹
907 1171 1030 1202 nuntiis
1047 1170 1241 1209 monebant,
1259 1179 1387 1211 pacem

50 1224 160 1257 quam
182 1216 311 1248 bellum
336 1217 459 1248 walle!
472 1241 481 1255 ,
502 1216 661 1256 (latisque
686 1217 860 1248 obsidibus
881 1218 1022 1248 solitam
1039 1217 1215 1258 prioribus
1230 1226 1387 1252 reveren-

55 1266 143 1295 tiam
160 1266 194 1295 in
210 1265 381 1304 populum
405 1267 596 1295 Romanum
616 1266 846 1295 conanum-et.
863 1266 895 1296 et
913 1266 1105 1305 Vologeses,
1123 1274 1187 1304 quo
1201 1264 1320 1296 bellum
1344 1275 1385 1298 ex

48 1311 223 1342 commodo
239 1313 384 1350 pararet,
403 1320 441 1341 an
463 1313 498 1341 ut
514 1311 729 1341 aemulationis
747 1314 913 1351 suspectos
928 1321 984 1352 per
1000 1320 1118 1342 nomen
1131 1312 1280 1343 obsidum
1298 1322 1385 1344 amo-

49 1360 156 1396 veret,
172 1357 269 1388 tradit
283 1357 501 1388 nobilissimos
514 1367 550 1387 ex
572 1357 688 1388 familia
703 1359 939 1389 Arsacidarum.
957 1359 1146 1398 accepitque
1162 1367 1217 1389 eos
1237 1360 1384 1390 centurio

49 1405 203 1443 Insteius,
232 1404 272 1434 ab
294 1404 457 1435 Ummidio
484 1405 600 1434 missus
625 1405 704 1435 forte
728 1404 828 1444 prior,
846 1414 882 1436 ea
900 1406 939 1435 de
961 1414 1057 1436 cansa
1078 1406 1166 1436 adito
1186 1414 1268 1445 rege.
1297 1407 1382 1446 quod

46 1455 220 1492 postquam
238 1451 410 1482 Corbuloni
431 1452 594 1491 cognitum
609 1454 674 1489 est,
695 1454 745 1483 irc
760 1453 948 1491 praetectum
965 1453 1107 1483 cohortis
1120 1453 1247 1483 Arrium
1262 1457 1382 1485 Varum

47 1500 83 1530 et
98 1500 292 1537 reciperare
307 1498 550 1537 obsidesjubet.
574 1498 649 1529 hinc
665 1502 773 1529 ortum
802 1499 886 1530 inter
904 1500 1093 1539 prcesectum
1115 1503 1146 1530 et
1161 1501 1382 1533 centurionem

44 1546 189 1586 Ju1·giu1n
203 1553 242 1576 ne
256 1544 378 1575 diutius
395 1545 536 1576 externis
550 1546 735 1585 spectaculo
752 1548 856 1585 esset,
871 1546 1040 1578 arbitrium
1058 1547 1103 1577 rei
1119 1546 1289 1578 obsidibus
1304 1548 1382 1588 lega-

48 1591 174 1632 tisque,
192 1592 247 1631 qui
262 1600 316 1623 eos
329 1591 511 1631 ducebant,
531 1592 738 1632 permissum.
759 1595 856 1633 atque
875 1593 920 1624 illi
934 1594 976 1624 ob
996 1596 1158 1624 recentem
1176 1593 1310 1632 gloriam
1322 1619 1332 1635 ,
1349 1596 1383 1627 et

48 1637 256 1670 inclinatione
272 1637 412 1678 quadam
426 1638 522 1669 etiam
537 1639 675 1670 hostium
687 1663 695 1677 ,
713 1639 930 1671 Corbulonem
947 1640 1128 1680 praetulere.
1155 1640 1240 1671 unde
1259 1640 1381 1673 discor·

48 1686 102 1717 dia
115 1685 199 1717 inter
211 1685 310 1716 duces
323 1710 331 1724 ‚
352 1688 506 1725 querente
528 1686 690 1717 Ummidio
706 1690 884 1727 proerepla
902 1696 980 1728 quoe
996 1690 1065 1719 suis
1082 1688 1233 1719 consiliis
1257 1691 1383 1728 patra—

49 1735 173 1771 visset,
191 1734 330 1763 testante
346 1736 456 1764 contra
479 1733 660 1765 Corbulone
684 1743 749 1765 non
773 1737 874 1774 prius
891 1743 1091 1766 conversum
1107 1743 1220 1775 reqem
1234 1735 1282 1766 ad
1294 1736 1380 1775 offe-

49 1779 172 1812 rendos
196 1779 348 1818 obsides,
369 1788 477 1820 quam
498 1782 570 1820 ipse
596 1780 670 1811 dux
699 1781 787 1811 bello
813 1780 964 1813 delectus
985 1790 1061 1822 spes
1085 1781 1159 1821 ejus
1178 1781 1226 1813 ad
1250 1785 1380 1814 metum

50 1827 217 1857 mutaret.
233 1830 333 1864 Nero,
359 1835 424 1865 quo
438 1830 645 1866 componeret
667 1826 827 1865 diversos,
845 1828 891 1859 sic
915 1829 1055 1868 evulgari
1070 1828 1168 1867 iussit
1186 1838 1193 1859 :
1218 1829 1258 1860 ob
1279 1838 1334 1860 res
1357 1839 1380 1861 a

51 1871 230 1910 Quadrato
247 1874 280 1903 el
290 1872 480 1903 Corbulone
490 1882 651 1914 prospere
668 1875 780 1913 qestas
795 1875 939 1906 laurum
947 1875 1110 1914 fascibus
1125 1876 1377 1915 imperatoriis²

49 1919 179 1952 addidi.
205 1922 284 1958 Quae
299 1920 329 1949 in
347 1918 425 1949 alios
441 1920 589 1951 consules
606 1929 731 1960 egressa
752 1921 919 1960 conjunxi.

91 1969 129 1997 X.
154 1966 271 1997 Eodem
290 1975 374 1996 anno
393 1969 500 1998 Caesar
527 1965 679 2008 effiqiem
706 1969 765 1999 Cn.
794 1970 946 1999 Domitio
961 1970 1060 2009 patri
1077 1968 1103 2007 ¹,
1118 1971 1152 2001 el
1175 1970 1377 2001 consularia

48 2014 199 2054 insiqnia
211 2015 352 2044 Asconio
367 2013 514 2045 Lubeom'
524 2038 533 2053 ‚
548 2023 612 2054 quo
621 2016 727 2046 tutore
744 2023 819 2046 usus
831 2017 918 2054 erat,
938 2016 1054 2056 petivit
1067 2025 1085 2047 a
1099 2018 1228 2056 senatu3
1251 2017 1379 2058 sibique

50 2062 188 2093 statuas
205 2063 347 2100 arqento
361 2061 415 2092 vel
428 2069 516 2092 auro
533 2062 662 2093 solidas
681 2062 836 2093 adversus
849 2062 1021 2095 offerentes
1033 2064 1206 2104 prohibuit.
1220 2066 1257 2096 Et
1267 2073 1380 2105 quam—

51 2116 149 2148 quam
164 2107 364 2138 censuissent
378 2110 488 2139 Patres
502 2110 543 2140 ut
552 2111 763 2150 principium
773 2111 859 2141 anni
871 2112 1036 2151 inciperet
1056 2119 1169 2143 mense
1186 2111 1378 2150 decembri,

53 2207 173 2232 tenebat.
186 2208 302 2233 Veteres
316 2209 383 2233 dicti
399 2211 459 2233 sunt
472 2211 644 2240 oppositione
655 2217 787 2236 novorum
798 2217 892 2242 regum
902 2231 908 2242 ,
923 2218 991 2243 quos
1002 2219 1063 2237 mox
1077 2214 1223 2239 memorat.
1238 2226 1269 2231 —
1284 2219 1307 2238 ³.
1321 2215 1376 2239 He-

52 2242 128 2265 rodis
142 2243 210 2272 filio,
229 2245 300 2274 regis
313 2244 446 2269 Chalcidis
457 2246 548 2274 Syriae.

39 2303 61 2314 ,ι
85 2277 152 2301 Vlll.
168 2283 188 2301 ι.
203 2279 231 2302 V.
245 2279 278 2302 ad
298 2279 328 2308 ll,
342 2284 378 2303 8⁴.
395 2292 424 2296 —-
435 2285 459 2303 2.
484 2281 520 2304 De
537 2287 591 2311 quo
606 2287 630 2304 v.
642 2282 677 2305 Xl
690 2300 696 2310 ‚
712 2287 738 2305 ¹8
750 2283 778 2306 et
793 2286 831 2306 2⁰.
845 2289 905 2307 -’π.
919 2285 959 2308 De
979 2290 1033 2314 quo
1046 2285 1111 2314 ΧΠ,
1126 2289 1154 2309 ⁴5
1165 2285 1193 2309 et
1205 2289 1243 2309 m.
1258 2296 1287 2302 -
1299 2289 1325 2310 ⁴.
1342 2285 1376 2309 Et

54 2311 86 2335 lis
100 2317 158 2338 quae
168 2313 195 2336 in
206 2314 287 2343 Capp.
301 2326 330 2331 —
341 2320 354 2338 5
377 2315 545 2343 Maritimam,
561 2316 676 2340 sortasse
688 2317 733 2340 ubi
744 2316 822 2341 hodie
838 2320 931 2348 portus
943 2321 1032 2350 Avas.

86 2348 130 2371 lx.
143 2354 162 2372 ι.
176 2350 218 2372 bc.
234 2349 335 2378 missiS,
349 2351 420 2378 quod
435 2351 507 2374 inest
529 2352 555 2374 in
573 2353 692 2376 martiis.
707 2365 735 2369 —
753 2358 774 2375 2.
790 2354 825 2376 Ex
838 2356 1074 2380 senatusconsulto
1089 2362 1114 2380 a.
1130 2355 1159 2380 U.
1173 2361 1218 2380 ns
1230 2356 1378 2385 imperato·

45 2382 131 2407 <tibus
143 2383 285 2407 duodecim
298 2385 382 2408 fasces
394 2386 614 2415 praeferebantur.

86 2418 120 2442 X.
136 2424 155 2443 ι.
171 2419 277 2443 Homini
296 2419 486 2449 abominando,
506 2421 539 2445 de
559 2428 612 2451 quo
633 2425 726 2447 narrat
740 2424 850 2448 sueton.
868 2425 931 2450 Ner.
941 2431 965 2450 c.
986 2432 1011 2451 ε.
