1539 2668
89 190 152 222 464
547 189 581 217 C.
608 189 793 217 CORNELII
816 188 948 217 TAClTI

90 266 187 301 disti,
204 265 241 295 ut
258 262 444 302 diligentins
465 264 653 293 retractares
667 286 675 301 ‚
695 263 727 293 et
743 262 877 294 sublatis
897 264 923 294 si
942 272 1006 302 qua
1027 271 1134 303 pravae
1157 263 1412 303 interpretationi

90 312 259 346 materiam
275 311 445 347 dederunt,
462 311 624 341 emitteres
641 312 794 341 Catonem
812 319 876 340 non
893 310 1025 350 quidem
1039 310 1203 341 meliorem
1216 335 1224 348 ‚
1237 310 1291 341 sed
1306 312 1414 342 tamen

88 361 307 394 securiorem?
322 372 336 384 »
352 361 432 388 'rum
452 357 522 395 ille,
539 370 553 383 «
570 361 667 396 Leges
682 357 759 397 quid
775 360 938 388 Maternus
952 358 1015 388 sibi
1031 357 1198 396 debuerit,
1214 360 1245 388 et
1260 364 1415 396 agnosces

88 417 162 449 quae
178 406 299 437 audisti
310 404 333 435 ².
351 405 465 444 quodsi
483 413 545 443 qua
559 404 669 434 omisit
683 406 774 442 Cato,
788 407 935 444 sequenti
951 405 1138 435 recitatione
1151 405 1305 444 Thyestes
1318 404 1414 435 dicet.

89 457 173 487 hanc
192 454 278 485 enim
297 452 485 490 tragoediam
503 451 650 491 disposui
671 455 734 492 Jam
753 454 785 482 et
803 452 889 483 intra
906 461 958 483 me
974 453 1041 492 ipse
1060 452 1207 483 formavi.
1227 454 1323 491 atque
1344 452 1418 483 ideo

89 505 254 536 maturare
268 500 341 531 libri
358 500 454 537 hujus
468 499 643 529 editionem
660 499 777 530 festino
791 523 799 538 ‚
818 501 855 530 ut
868 499 1001 530 dimissa
1015 501 1121 540 priore
1135 508 1212 530 cura
1226 508 1318 529 novae
1331 498 1417 538 cogi-

88 549 205 583 tationi
224 550 293 579 toto
309 550 438 587 pectore
457 546 654 577 incumbam.
673 559 687 573 u
707 563 741 568 —
759 559 773 573 κ
789 546 876 577 Adeo
891 550 922 578 te
937 547 1102 586 tragoediae
1119 547 1189 578 istae
1207 555 1269 577 non
1285 545 1416 582 satiant,

87 597 196 637 inquit
211 600 304 634 Aper,
321 593 495 632 quominus
509 593 638 624 omissis
657 594 843 624 orationum
862 596 893 625 et
910 603 1081 625 causarum
1098 594 1213 625 studiis
1230 602 1325 624 omne
1338 595 1417 623 tem-

87 653 150 686 pus
170 642 264 673 modo
282 641 367 671 circa
385 640 528 671 Medeam
543 665 550 679 ‚
567 650 642 671 ecce
664 650 751 671 nunc
770 641 856 672 circa
874 642 1039 681 Thyesten
1057 650 1248 679 consumas,
1270 648 1370 680 quum
1387 640 1421 670 te

88 694 138 724 tot
154 690 333 721 amicorum
353 696 458 718 causae
470 711 478 725 ‚
496 690 547 718 tot
562 688 762 718 coloniarum
779 691 811 719 et
828 689 1078 729 municipiorum
1093 688 1250 718 clientelae
1264 687 1297 718 in
1314 688 1418 717 sorum

87 739 225 773 vocent,
245 735 364 775 quibus
382 734 435 764 vix
455 734 637 771 sufficeres,
656 734 782 765 etiamsi
798 744 861 765 non
882 744 1002 766 novum
1018 735 1077 765 tibi
1093 735 1161 774 ipse
1181 734 1345 773 negotium
1362 733 1420 764 im·

88 786 271 826 portasses,
291 781 470 812 Domitium
487 780 498 798 ³
523 783 555 812 et
581 783 758 820 Catonem,
786 782 817 812 id
844 784 895 813 est
921 784 1046 813 nostras
1069 789 1197 822 quoque
1221 780 1371 812 historias
1388 779 1421 810 et

89 835 236 863 Romana
251 829 381 860 nomina
398 852 405 867 ,
423 829 643 858 Graeculorum
661 828 779 859 fabulis
800 839 981 869 aggregare.

134 881 187 908 IV.
210 880 245 907 Et
271 878 460 906 Maternus:
484 888 497 901 «
521 875 731 907 perturbarer
755 876 815 907 hac
840 879 896 907 tua
919 876 1110 914 severitate,
1130 874 1190 906 nisi
1215 874 1367 913 frequens
1389 873 1422 904 et

90 924 217 956 assidua
241 923 331 953 nobis
351 922 516 952 contentio
530 922 595 959 jam
616 932 713 962 prope
733 923 762 953 in
787 923 1055 955 consuetudinem
1075 923 1237 953 vertisset.
1265 926 1421 951 nam'nec

90 975 127 1004 tu
144 971 264 1010 agitare
283 972 315 1001 et
331 970 456 1008 insequi
479 973 591 1008 poetas
608 969 795 1001 intermittis
807 995 814 1008 ‚
835 974 866 1002 et
884 980 942 1010 ego
956 996 963 1009 ,
982 970 1033 1001 cui
1052 969 1208 1000 desidiam
1231 967 1419 998 advocatio—

91 1028 172 1050 num
186 1019 191 1035 ¹
214 1017 328 1057 objicis
341 1042 348 1055 ‚
363 1016 589 1056 quotidianum
606 1017 665 1046 hoc
681 1019 894 1056 patrocinium
912 1016 1120 1049 desendendae
1134 1017 1289 1047 adversus
1303 1018 1334 1045 te
1350 1022 1421 1053 poc·

92 1066 168 1096 ticae
186 1068 331 1095 exerceo.
352 1073 416 1103 quo
440 1064 533 1094 laetor
556 1065 658 1103 magis
681 1065 825 1095 oblatum
855 1065 947 1096 nobis
969 1065 1130 1103 jndicem,
1158 1064 1211 1102 (pii
1240 1071 1290 1092 me
1315 1061 1363 1092 vel
1389 1061 1422 1090 in

92 1112 243 1144 futurum
268 1114 354 1141 velet
378 1119 489 1141 versus
514 1111 618 1140 facere
633 1135 641 1147 ‚
660 1111 708 1141 vcl
724 1135 732 1149 ‚
757 1113 843 1150 qnod
867 1113 933 1150 jam
959 1112 1081 1151 pridem
1105 1114 1180 1150 opto
1195 1134 1202 1148 ‚
1221 1118 1277 1140 sua
1295 1115 1423 1148 quoque

93 1159 287 1191 auctoritate
302 1158 486 1197 compellat,
503 1160 538 1187 nt
555 1158 682 1188 omissis·
699 1159 874 1189 sorensium
891 1168 1062 1189 causarum
1077 1157 1244 1196 angustiis,
1262 1155 1427 1194 inquibus

94 1207 173 1238 mini
192 1206 268 1236 satis
293 1212 457 1243 superque.
474 1204 627 1235 sudatum
646 1209 714 1244 cst,
738 1206 932 1237 sanctiorem
953 1206 1040 1237 illam
1064 1207 1096 1236 et
1119 1204 1338 1244 augustiorem
1356 1202 1422 1233 eto-

94 1253 262 1294 quentiam
282 1251 397 1282 colam.
418 1263 433 1277 »

94 1306 120 1327 tu·
137 1304 175 1331 V.
194 1314 208 1326 «
227 1304 288 1337 Ego
307 1307 383 1329 vero
397 1322 405 1336 ‚
421 1298 527 1337 inquit
546 1299 712 1329 Secundus
725 1323 733 1337 ‚
752 1303 925 1340 antequam
947 1309 999 1331 me
1015 1299 1161 1338 jndicem
1177 1301 1259 1338 Aper
1277 1298 1402 1328 recuset
1413 1318 1425 1333 ‚.

94 1348 211 1380 faciam
237 1346 325 1386 quod
350 1345 441 1385 probi
460 1348 492 1376 et
510 1345 648 1377 modesti
670 1346 798 1385 judices
816 1348 938 1386 solent,
959 1348 995 1378 ut
1017 1348 1051 1377 in
1074 1347 1114 1377 iis
1131 1344 1370 1385 cognitionibus
1390 1352 1424 1374 se

94 1396 275 1432 excusent,
295 1393 328 1423 in
346 1392 464 1432 quibus
481 1393 687 1424 manifestum
705 1396 752 1425 est
769 1394 903 1425 alteram
918 1394 1002 1434 apud
1022 1402 1076 1425 eos
1093 1395 1215 1433 partem
1231 1391 1331 1432 gratia
1345 1398 1425 1430 prze-

94 1443 217 1473 valere.
236 1441 307 1480 quis
328 1440 413 1470 enim
435 1440 538 1470 nescit
559 1440 720 1471 neminem
742 1442 823 1472 mini
845 1441 1101 1480 conjunctior-em
1121 1449 1192 1472 esse
1213 1442 1245 1470 et
1263 1447 1319 1469 usu
1344 1436 1425 1468 ami·

96 1489 182 1521 citiae
199 1489 231 1519 et
248 1487 439 1518 assiduitate
455 1487 659 1518 contubernii
675 1497 772 1527 quam
791 1489 931 1519 Saleium
949 1493 1082 1519 Bassum
1097 1488 1120 1527 ¹,
1146 1496 1247 1527 quum
1264 1486 1423 1525 optimum

94 1537 205 1567 virum
218 1538 286 1566 tuni
300 1534 576 1564 absolutissimum
590 1538 741 1573 poetam?
759 1545 854 1576 porro
868 1536 893 1566 si
909 1537 1031 1575 poetica
1047 1538 1232 1573 accusatur,
1249 1542 1312 1563 non
1326 1532 1424 1562 alium

96 1583 194 1614 video
219 1591 309 1613 reum
335 1581 615 1620 locupletiorem2.
637 1595 650 1608 »
672 1599 709 1604 -—
730 1595 743 1609 «ι
759 1586 896 1613 Securus
915 1584 977 1621 sit,
1003 1583 1107 1621 inquit
1126 1585 1226 1621 Aper,
1251 1583 1282 1611 et
1303 1580 1427 1610 Saleius

96 1634 214 1662 Bassus
238 1631 269 1659 et
293 1628 440 1667 quisquis
462 1628 545 1657 alius
565 1628 711 1658 studium
737 1629 870 1668 poeticae
894 1631 927 1659 et
950 1630 1129 1659 carminum
1157 1627 1286 1666 gloriam
1312 1626 1424 1662 fovet,

99 1685 200 1716 quum
223 1683 336 1706 causas
352 1683 444 1712 agere
465 1683 528 1704 non
546 1675 655 1713 possit.
682 1684 740 1713 ego
766 1676 850 1706 cuim
863 1699 871 1714 ‚
891 1679 1049 1714 quatenus
1070 1674 1228 1705 arbitrum
1248 1673 1313 1703 litis
1330 1671 1426 1710 hujus

97 1722 207 1754 inveni
219 1746 226 1760 ‚
246 1731 307 1751 non
324 1721 427 1760 patiar
442 1724 622 1751 Maternum
636 1722 791 1753 societate
807 1722 948 1761 plurium
963 1722 1091 1753 defendi
1107 1731 1113 1751 :
1130 1721 1186 1751 sed
1200 1720 1306 1760 ipsum
1321 1719 1426 1749 solum

98 1769 186 1811 apud
203 1778 259 1799 xus
278 1777 408 1807 arguam
422 1792 429 1806 ‚
447 1769 535 1807 quod
553 1771 646 1800 natus
663 1769 701 1799 ad
720 1770 938 1809 eloquentiam
958 1770 1082 1801 virilem
1102 1770 1134 1800 et
1152 1768 1345 1806 oratoriam,
1363 1775 1428 1807 qua

99 1825 210 1857 parere
225 1816 319 1846 simul
336 1818 367 1845 vt.
384 1815 467 1845 tueri
481 1816 651 1854 amicitias,
667 1816 845 1847 adsciscere
860 1817 1114 1848 necessitudines
1129 1816 1154 1855 ³,
1170 1815 1342 1855 complecti
1357 1823 1428 1854 pro-

99 1863 224 1894 vincias
244 1864 362 1902 possit,
381 1863 504 1893 omittit
526 1864 690 1901 studium,
716 1873 781 1903 quo
804 1873 868 1894 non
894 1865 979 1895 alind
996 1864 1027 1895 in
1046 1864 1180 1895 civitate
1195 1865 1304 1893 nostra
1321 1861 1371 1892 vel
1386 1862 1428 1893 ad

99 1911 273 1941 utilitatem
293 1909 480 1940 l'rnctiosius
499 1910 549 1940 vel
566 1910 606 1941 ad
624 1910 815 1949 dignitatem
833 1912 970 1951 amplius
993 1911 1043 1942 vel
1061 1911 1098 1941 ad
1114 1909 1209 1941 Urbis
1225 1911 1342 1940 lainam
1358 1909 1428 1949 pul—

99 1958 212 1989 chrius
234 1957 281 1987 vel
306 1956 343 1987 ad
368 1957 469 1987 totius
493 1957 621 1996 imperii
641 1961 740 1997 atque
762 1959 907 1989 omnium
934 1959 1079 1997 gentium
1103 1957 1254 1988 notitiam
1274 1955 1429 1987 illustrius

99 2004 274 2044 excogitari
290 2007 405 2043 potest.
420 2013 494 2034 nam
510 2005 537 2035 si
552 2005 591 2035 ad
609 2005 779 2036 utilitatem
797 2006 872 2036 vitae
886 2006 995 2036 onmia
1009 2005 1141 2036 consilia
1157 2005 1305 2044 factaque
1320 2004 1429 2033 nostra

100 2051 265 2090 dirigenda
283 2054 377 2089 sunt,
403 2051 479 2090 quid
503 2052 549 2082 est
573 2052 675 2082 tutius
698 2062 795 2092 quam
814 2062 886 2083 eam
912 2062 1064 2083 exercere
1083 2055 1205 2090 artem,
1223 2060 1286 2091 qna
1302 2058 1428 2089 semper

99 2101 246 2130 armatus
272 2098 458 2137 praesidium
486 2099 598 2129 amicis
612 2123 620 2137 ‚
645 2109 740 2140 opem
764 2100 896 2139 alienis,
918 2101 1058 2131 salutem
1079 2098 1356 2140 periclitantibus,
1377 2098 1427 2127 in-

101 2201 153 2219 να,
169 2197 298 2220 Nimirum
313 2202 364 2219 non
375 2197 474 2220 mutata
494 2202 551 2225 quae
568 2197 742 2221 offenderunt
756 2199 783 2221 et
795 2204 854 2228 quac
868 2199 1011 2222 retractari
1029 2205 1042 2222 a
1052 2204 1094 2221 me
1109 2198 1292 2227 putabas—5.
1303 2197 1428 2220 Fortasse

101 2230 148 2253 Cn.
160 2232 303 2254 Donntinni
319 2232 582 2262 ›xl1‹·noba1·b¹11n‚qui
598 2234 624 2256 in
638 2233 790 2257 Pharsalica
803 2235 861 2257 acic
879 2234 1016 2261 occubuit.
1028 2234 1099 2257 Juno
1114 2233 1210 2257 coesari
1225 2232 1429 2256 infensissimus.

135 2266 178 2289 lV.
198 2272 215 2290 ι.
232 2269 376 2290 ‹liniisaruni
390 2267 567 2294 agendarum.

132 2301 159 2323 V.
177 2307 195 2324 i.
211 2303 289 2329 (liujus
303 2302 440 2331 ingenium
458 2302 601 2326 vehemens
616 2305 642 2327 et
653 2305 798 2334 poeticum
818 2304 911 2329 laudat
927 2304 1107 2334 Quintilianus
1120 2304 1158 2331 X,
1173 2309 1198 2330 ι,
1213 2303 1226 2333 ξ
1239 2308 1284 2330 oo,
1306 2303 1429 2327 modera-

100 2335 203 2360 tionem
226 2337 304 2359 niodo
329 2338 369 2360 xcl
391 2339 595 2366 temperanuarn
616 2340 640 2362 in
658 2346 689 2363 eo
705 2339 873 2363 desiderans.
889 2341 956 2364 Huic
979 2339 1100 2363 nonnulli
1122 2339 1248 2362 tribuunt
1264 2344 1372 2362 carmen
1393 2338 1431 2362 ad

104 2370 299 2400 Calpurnium
315 2372 451 2401 Pisonem,
466 2373 491 2396 in
506 2373 585 2397 editis
601 2375 709 2397 Lucano
727 2376 891 2405 inscriptum.
906 2388 930 2392 —
944 2380 965 2398 2.
982 2375 1066 2404 Magis
1079 2375 1221 2402 idoneum,
1236 2374 1263 2396 in
1280 2379 1332 2403 quo
1347 2373 1431 2402 major

103 2407 182 2432 locus
196 2408 267 2430 essct
281 2408 459 2432 accusationi.
472 2421 500 2424 —
512 2414 535 2433 s.
552 2409 603 2433 Alii
618 2410 759 2440 nationes,
774 2416 827 2435 non
839 2411 904 2435 satis
918 2412 992 2434 certo
1006 2410 1122 2434 toute.-
1133 2415 1155 2434 ι.
1165 2411 1207 2434 Sic
1221 2409 1309 2433 Livius
1324 2409 1365 2438 lV,
1380 2414 1408 2433 ⁴5
1423 2413 1429 2432 :
