1539 2668
107 130 171 160 296
487 125 621 155 TAcm
642 123 917 154 HISTOMARUM
940 123 1009 152 LIB.
1034 123 1058 154 Ι.

151 207 290 238 LXXIII.
309 205 368 234 Per
384 199 469 232 idem
483 202 613 240 tempus
631 197 834 239 expostulata
849 197 890 229 ad
921 197 1116 238 supplicium
1130 197 1242 229 Calvia
1259 197 1439 238 Crispinilla

108 253 210 285 variis
239 247 505 282 frustrationibus
528 248 560 278 et
583 245 720 277 adversa
745 244 982 276 dissimulantis
1011 244 1170 285 Principis
1199 245 1283 275 sama
1296 244 1440 285 periculo

111 300 261 340 exempta
279 299 339 329 est.
357 294 510 335 magistra
523 293 694 325 libidinum
709 292 856 331 Neronis,
874 295 1070 332 transgressa
1087 291 1119 322 in
1129 291 1268 323 Africam
1288 291 1327 322 ad
1345 292 1440 324 insti·

111 347 252 389 gaudum
270 344 302 375 in
319 352 407 375 arma
420 341 567 373 Clodium
582 339 758 379 Macrum¹‚
773 339 890 371 samem
907 339 1026 380 populo
1043 341 1187 371 Romano
1204 338 1289 370 baud
1305 337 1442 370 obscure

112 394 243 433 molita,
271 391 374 424 totius
402 391 511 429 postea
535 387 677 419 civitatis
708 387 843 427 gratiam
872 386 1015 417 obtinuit
1045 386 1206 418 consulari
1235 385 1443 418 matrimonio

113 441 253 474 subnixa
270 441 301 470 et
317 436 402 478 apud
419 435 563 475 Galbam,
582 435 741 467 Othonem
752 458 760 473 ‚
785 433 947 465 Vitellium
962 434 1070 466 illaesa.
1090 443 1165 465 mox
1180 435 1292 473 potens
1308 432 1443 473 pecunia

115 490 147 522 et
163 487 301 520 orbitate
315 509 323 523 ‚
338 492 410 524 quae
427 483 522 514 bonis
540 482 696 522 malisque
712 481 913 522 temporibus
924 481 1018 521 juxta
1034 482 1151 513 valent.

157 538 288 569 LXXIV.
303 531 430 564 Crebrae
445 530 575 561 interim
593 531 625 561 et
645 528 857 560 muliebribus
874 528 1104 559 blandimentis
1122 528 1248 559 infectae
1262 527 1302 558 ab
1319 526 1446 558 Othone

114 582 157 615 ad
174 581 338 613 Vitellium
365 577 511 618 epistolae
535 575 714 620 oster-ebant
726 577 915 617 pecuniam
932 577 965 607 et
980 577 1136 615 qratiam
1157 577 1189 606 et
1212 581 1446 615 quemcunque

116 631 242 671 quietis
263 628 374 658 Iocum
389 624 544 665 prodiqoe
557 625 638 656 vitoe
663 624 808 664 leqisset.
837 622 925 663 paria
942 622 1088 654 Vitellius
1117 621 1316 660 ostentabat,
1344 620 1447 661 primo

119 676 249 708 mollius
264 698 272 712 ,
291 672 389 704 stulta
417 671 581 710 utrimque
611 674 642 703 et
670 670 823 702 indecora
847 669 1053 700 simulatione
1070 679 1077 700 ε
1093 678 1169 700 mox
1186 668 1277 709 quasi
1309 668 1449 699 rixantes

117 722 275 756 adulteria
292 722 324 752 et
340 719 459 758 flagitia
472 718 611 749 invicem
622 717 836 757 objectarem,
854 718 967 747 neuter
985 716 1076 747 salso.
1093 716 1177 747 Otho
1195 716 1354 746 revocatis
1367 722 1449 754 quos

119 771 217 803 Galba
232 768 362 800 miserat
380 765 493 805 legatis
511 774 621 797 rursus
640 765 719 796 alios
735 763 775 795 ad
791 766 963 804 utrumque
980 764 1203 795 Germanicum
1222 762 1398 793 exercitum
1418 760 1452 794 et

118 817 161 849 ad
179 816 334 856 legionem
350 813 493 844 Italicam
509 821 628 852 easque
644 820 718 852 quae
734 810 879 851 Lugduni
894 809 1030 850 agebant
1047 811 1155 851 copias
1169 809 1273 850 specie
1290 809 1420 841 senatus
1438 804 1446 823 ¹

120 864 220 896 misit.
239 861 334 901 legati
350 860 434 900 apud
448 859 614 891 Vitellium
632 866 814 890 remansere
831 858 1013 897 promptius
1029 866 1127 897 quam
1156 859 1191 888 ut
1220 855 1335 888 retenti
1359 854 1451 886 vide-

120 914 243 942 rentur.
262 907 459 949 praetoriani,
479 915 561 947 quos
578 915 633 946 per
649 904 890 936 simulationem
905 904 1002 935 officii
1018 904 1128 944 legatis
1142 904 1227 935 Otho
1245 901 1451 942 adjunxerat,

121 956 268 995 remissi,
283 958 456 993 antequam
473 953 654 993 legionibus
666 952 887 983 miscerentur.
915 950 1007 983 addit
1028 951 1180 991 epistolas
1196 950 1309 981 Fabius
1322 948 1452 989 Valens,

119 1004 253 1035 nominc
273 1000 452 1034 Germanici
473 1000 633 1031 exercitus
649 999 690 1030 ad
708 998 875 1039 praetorias
893 1001 925 1029 et
943 999 1082 1029 urbanas
1108 998 1255 1029 cobortes
1275 996 1315 1028 de
1332 995 1454 1027 viribus

121 1050 263 1091 partium
273 1048 458 1088 magnificas
468 1049 501 1078 et
511 1046 717 1078 concordiam
732 1045 916 1076 offerentes.
930 1045 1117 1086 increpabat
1128 1046 1226 1084 ultro,
1236 1043 1326 1085 quod
1339 1040 1451 1075 tant0²

121 1099 206 1129 ante
221 1095 393 1127 traditum
409 1094 544 1125 Vitellio
560 1095 746 1133 imperium
764 1092 810 1123 ad
827 1092 994 1124 Othonem
1012 1094 1203 1124 vertissent.

166 1147 281 1175 LXXV.
307 1144 354 1173 lta
377 1141 543 1181 promissis
554 1140 650 1172 simul
668 1149 704 1171 ac
718 1139 815 1170 minis
833 1139 1053 1178 tentabantur,
1071 1141 1112 1171 ut
1127 1139 1213 1171 bello
1232 1140 1400 1179 impares,
1418 1137 1454 1168 in

120 1199 208 1231 pace
233 1190 322 1221 nihil
339 1190 513 1220 amissuri.
544 1196 649 1228 neque
667 1187 738 1218 ideo
757 1187 1024 1227 praetorianorum
1050 1187 1127 1218 sides
1143 1187 1276 1217 mutata.
1303 1184 1359 1216 sed
1376 1184 1455 1215 insi·

123 1238 264 1268 diatores
279 1236 319 1267 ab
338 1236 465 1267 Othone
482 1234 516 1266 in
539 1235 762 1274 Germaniam,
780 1243 798 1265 a
826 1234 954 1265 Vitellio
982 1234 1014 1265 in
1040 1234 1157 1265 Urbem
1183 1233 1283 1264 missi.
1311 1231 1457 1271 utrisque

124 1285 244 1317 frustra
260 1283 340 1322 fuit,
352 1282 532 1314 Vitellianis
545 1282 678 1323 impune
692 1291 748 1322 per
764 1283 887 1312 tantam
900 1281 1070 1312 hominum
1087 1280 1330 1312 multitudinem
1344 1278 1457 1309 mutua

124 1331 307 1371 ignorantia
325 1330 507 1361 salientibus
523 1339 530 1360 :
549 1329 723 1360 Othoniani
741 1329 887 1360 novitate
904 1329 1013 1359 vultus
1030 1328 1177 1359 omnibus
1196 1327 1334 1358 invicem
1351 1323 1458 1365 gnaris

124 1379 358 1420 prodebantur.
385 1377 534 1408 Vitellius
560 1377 683 1408 litteras
701 1375 741 1407 ad
768 1376 931 1407 Titianum
960 1376 1092 1407 fratrem
1115 1375 1254 1407 Othonis
1275 1372 1458 1413 composuit

126 1428 276 1460 exilium
290 1427 353 1465 ipsi
367 1425 505 1465 filioque
522 1424 596 1463 esus
610 1424 782 1462 minitans,
807 1426 842 1455 m'
860 1423 1046 1455 incolumes
1069 1422 1131 1454 sibi
1152 1423 1266 1453 'mater
1294 1429 1333 1452 ac
1356 1419 1457 1452 liberi

124 1475 365 1506 servarentur.
391 1474 424 1503 et
451 1473 540 1504 stetit
565 1473 680 1503 domus
704 1474 840 1511 utraque
860 1481 866 1501 :
886 1470 947 1513 sub
965 1471 1091 1501 Othone
1108 1470 1265 1501 incertum
1282 1477 1322 1499 an
1340 1467 1428 1498 metu
1448 1474 1457 1497 :

127 1522 274 1554 Vitellius
292 1521 395 1551 victor
413 1519 594 1551 clementiae
613 1519 748 1559 gloriam
768 1518 853 1549 tulit.

169 1572 302 1601 LXXVI.
328 1569 453 1599 Primus
471 1568 590 1599 Othoni
607 1567 760 1598 fiduciam
778 1565 903 1597 addidit
923 1574 961 1596 ex
980 1564 1105 1604 Illyrico
1123 1563 1406 1602 nuntinsjurasse
1422 1563 1458 1594 in

125 1624 208 1648 eum
222 1616 413 1647 Dalmatiae
423 1624 463 1646 ac
476 1616 669 1645 Pamzonioe
682 1615 714 1644 et
732 1614 862 1644 Moesioe
877 1611 1036 1650 leqiones.
1052 1611 1137 1641 idem
1155 1619 1195 1641 ex
1212 1609 1363 1649 Hispania
1380 1608 1457 1640 alla-

128 1667 201 1696 tum
215 1687 223 1702 ‚
253 1662 467 1701 laudatusque
484 1670 539 1702 per
555 1661 698 1692 edictum
723 1659 856 1691 Cluvius
879 1659 983 1689 Rufus
1002 1661 1059 1689 :et
1082 1658 1191 1688 statim
1214 1656 1381 1697 cognitum
1410 1657 1460 1689 est

128 1717 319 1741 conversam
336 1709 375 1740 ad
394 1708 556 1740 Vitellium
574 1707 771 1748 Hispaniam.
788 1715 828 1737 ne
849 1705 1020 1745 Aquitania
1033 1704 1164 1744 quidem
1177 1728 1186 1743 ‚
1209 1712 1404 1744 quamquam
1419 1702 1459 1734 ab

129 1757 215 1789 Juiio
235 1757 339 1789 Cordo
360 1756 393 1787 in
416 1755 514 1786 verba
534 1755 668 1786 Othonis
691 1753 863 1793 obstricta,
890 1752 945 1783 diu
969 1752 1099 1783 mansit.
1123 1760 1282 1791 nusquam
1307 1750 1386 1781 fides
1403 1751 1460 1783 aut

131 1814 223 1836 amor
239 1816 245 1835 ε
266 1806 352 1836 metu
372 1813 409 1834 ac
424 1803 614 1834 necessitate
632 1803 695 1833 buc
713 1802 789 1833 illuc
807 1800 1028 1831 mutabantur.
1044 1799 1156 1830 eadem
1171 1798 1309 1829 formido
1327 1797 1459 1838 provin-

131 1854 215 1886 ciam
236 1852 477 1884 Narbonensem
501 1850 541 1881 ad
566 1849 733 1880 Vitellium
761 1848 883 1886 vertit,
911 1846 995 1878 facili
1023 1847 1161 1878 transitu
1183 1845 1223 1876 ad
1246 1845 1409 1885 proximos
1428 1846 1460 1876 et

130 1901 316 1932 validiores.
338 1898 523 1938 longinquae
545 1897 739 1937 provinciae,
757 1897 790 1927 et
805 1895 958 1935 quicquid
974 1902 1138 1925 armorum
1155 1894 1160 1911 ¹
1186 1892 1265 1923 mari
1284 1892 1458 1932 dirimitur,

130 1956 231 1990 penes
249 1947 408 1978 Othonem
427 1944 620 1984 manebant,
635 1953 699 1975 non
717 1943 856 1984 partium
878 1942 986 1974 studio
1000 1966 1008 1980 ,
1022 1941 1076 1972 sed
1096 1943 1163 1972 erat
1179 1940 1297 1980 grande
1314 1948 1457 1970 momen-

130 1998 203 2028 tum
221 1994 252 2024 in
270 1993 399 2024 nomine
413 1992 506 2024 Urbis
521 2000 558 2022 ac
583 1994 742 2031 praetexto
760 1991 889 2022 senatus
902 2013 910 2029 ‚
933 1991 964 2020 et
989 1989 1201 2027 occupaverat
1226 1986 1350 2018 animos
1372 1985 1460 2026 prior

131 2041 276 2073 auditus.
294 2040 462 2071 Judaicum
480 2038 657 2070 exercitum
674 2037 888 2077 Vespasianus
901 2060 909 2076 ,
933 2035 1033 2075 Syriae
1052 2035 1192 2073 legiones
1209 2033 1378 2065 Mucianus
1407 2041 1457 2064 sa-

133 2090 298 2119 cramento
315 2086 452 2118 Othonis
469 2085 612 2125 adegere.
635 2085 730 2116 simul
749 2086 896 2124 AEgyptus
921 2091 1097 2121 omnesque
1119 2089 1221 2112 versae
1236 2080 1269 2110 in
1295 2079 1458 2111 Orientem

133 2133 309 2175 provincia¹
326 2133 456 2164 nomine
472 2133 543 2172 ejus
562 2132 766 2164 tenebantur.
794 2131 878 2162 idem
895 2129 1011 2161 Africae
1038 2128 1248 2168 obsequium,
1270 2126 1364 2157 initio
1385 2131 1458 2158 Gar·

133 2181 264 2220 tliaginc
281 2183 362 2212 orto.
381 2189 485 2220 neque
500 2181 686 2219 exspectata
698 2178 846 2219 Vipstani
861 2175 1034 2218 Aproniani
1052 2174 1251 2215 proconsulis
1268 2174 1459 2205 auctoritate

132 2233 288 2261 Crescens
304 2228 439 2260 Neronis
456 2228 589 2259 libertus
609 2227 695 2268 (nam
717 2228 749 2258 et
777 2225 810 2257 bi
827 2225 920 2256 malis
937 2223 1135 2264 temporibus
1151 2223 1275 2262 partem
1304 2230 1338 2254 se
1353 2221 1457 2262 reipu-

161 2305 279 2330 Lxxut.
295 2310 315 2328 1.
329 2305 364 2328 Ut
374 2303 490 2327 Neronis
504 2303 635 2327 ultionem
648 2302 856 2332 susciperet.De
867 2300 958 2324 Calvia
975 2301 1070 2324 narrat
1084 2299 1133 2323 Dio
1147 2300 1221 2323 Cass.
1238 2298 1330 2327 LXlH,
1343 2298 1384 2322 ¹2.

163 2342 276 2366 Lxxlv.
291 2346 310 2364 ι.
324 2341 455 2364 Praetexto
472 2340 581 2363 nomine
600 2340 723 2363 senatus.
738 2337 814 2361 Conf.
832 2343 855 2361 c.
870 2341 964 2361 sia—2.
981 2337 1025 2360 Sc.
1041 2337 1172 2365 tempore.
1191 2335 1275 2359 Erant
1289 2339 1316 2358 η
1329 2334 1397 2358 dies.

163 2376 279 2400 LXXVl.
298 2380 319 2399 ι.
336 2375 519 2399 Exercituuin.
533 2374 612 2398 Mari
626 2374 837 2398 mediterraneo.
