1539 2668
531 150 568 178 A.
593 149 634 178 U.
657 149 696 178 C.
716 148 790 177 822.
815 148 852 178 A.
873 148 910 178 C.
935 148 986 178 69.
1363 149 1422 181 287

97 222 240 265 quaesitis
255 221 495 263 redemptisque
520 221 681 263 capitibus
693 245 702 262 ,
717 230 789 262 quae
808 221 932 254 venalia
959 220 1179 253 interfectores
1202 225 1421 257 servaverant.

117 272 276 302 ..XLVHL
298 270 372 301 Piso
392 278 492 301 unum
513 271 545 301 et
566 269 766 301 tricesimum
784 269 888 301 aetatis
911 277 1032 301 annum
1056 268 1226 309 explebat,
1249 270 1336 302 fama
1356 280 1422 305 me·

95 317 176 350 tiore
186 325 287 357 quam
307 317 448 348 fortuna.
465 317 578 349 fratres
589 316 659 357 ejus
674 320 830 356 Magnum
845 316 1015 356 Claudius,
1030 319 1179 347 Crassum
1198 321 1282 349 Nero
1294 318 1422 352 interfe-

93 367 217 397 cerant.
243 364 312 405 ipsc
333 364 386 396 diu
415 364 527 403 exsul„
553 364 728 405 quatriduo
757 369 881 405 Caesar,
905 366 1076 405 properata
1096 364 1269 405 adoptione
1295 366 1334 397 ad
1358 367 1419 400 hoc

94 411 226 444 tantum
245 412 358 451 majori
383 411 472 443 fratri
489 412 643 452 praelatus
664 413 733 450 cst,
749 414 784 443 ut
799 412 886 453 prior
907 411 1118 444 occideretur.
1136 414 1174 443 T.
1192 411 1304 444 Vinius
1324 415 1421 455 quin-

91 460 248 499 quaginta
273 463 397 500 septem
416 468 517 490 annos
538 459 635 490 variis
646 458 794 490 moribus
817 460 889 500 egit.
916 460 1008 501 pater
1033 458 1088 491 illi⁴
1103 459 1254 500 praetoria
1279 460 1419 503 familia,

89 507 261 538 mater-uns
277 515 356 538 avus
372 515 389 538 e
413 506 602 547 proscriptis
620 506 643 538 ¹.
668 506 771 547 prima
794 506 909 538 militia
932 506 1072 538 infamis.
1089 506 1228 546 legatum
1245 507 1419 540 Calvisium

87 553 246 587 sabinum
263 553 434 593 habuerat,
452 554 541 594 cujus
567 563 648 585 uxor
669 554 752 585 mala
776 554 927 595 cupidine
944 553 1068 585 visendi
1093 554 1191 585 situm
1210 554 1222 573 ²
1241 556 1419 588 castrorum

91 609 148 641 per
175 603 304 632 noctem
336 601 468 632 militari
494 601 606 632 habitu
636 601 798 642 ingressa,
824 610 926 642 quum
950 601 1074 641 vigilias
1101 604 1134 632 et
1161 603 1266 634 cetera
1295 602 1420 635 militiae

85 647 204 680 ¹munia
219 648 331 679 eadem
355 648 490 680 lascivia
506 650 714 688 temerasset,
734 649 766 680 in
790 649 870 690 ipsis
894 648 1061 690 principiis
1077 649 1088 667 ³
1106 649 1225 681 violata
1238 660 1247 689 ;
1261 651 1293 682 et
1309 650 1417 682 crimi-
1438 668 1442 672 .

83 695 141 726 ·nis
166 695 264 736 hujus
277 705 352 727 reus
374 699 409 727 T.
434 696 546 727 Vinius
573 696 776 735 arguebatur.
792 696 888 737 igitur
907 696 999 736 Jussu
1023 696 1089 728 Caii
1108 697 1242 729 Caesaris
1267 699 1420 730 oneratus

85 743 212 774 eatenis
228 767 238 782 ,
255 752 332 774 mox
358 744 539 774 mutatione
558 744 741 784 temporum
767 743 920 776 dimissus
936 768 945 782 ,
959 752 1057 775 cursu
1080 745 1239 775 honorum
1261 745 1418 778 inoffenso

80 789 208 830 degioni
234 792 308 830 post
333 793 507 830 praeturam
532 791 724 831 praepositus
746 790 983 832 probatusque,
1007 792 1114 823 servili
1138 791 1289 833 deinceps
1302 793 1419 833 probro

89 845 254 877 respersus
270 840 319 868 est
336 840 502 878 tamquam
523 838 680 877 scyphum
696 847 831 869 aureum
854 838 887 869 in
910 838 1062 869 convivio
1084 839 1209 870 Claudii
1228 841 1351 872 furatus
1363 851 1372 880 3
1385 841 1418 873 et

86 883 241 916 Claudius
263 887 390 924 postera
406 885 462 916 die
488 884 547 915 soli
564 885 708 916 omnium
734 885 828 916 Vinio
852 885 1004 917 fictilibus
1028 886 1205 917 ministrari
1230 887 1336 926 jussit.
1362 888 1418 920 sed

75 931 207 963 <Uinius
215 932 444 972 proconsulatu
463 932 595 964 Galliam
614 932 853 964 Narbonensem
875 941 986 964 severe
1010 933 1201 973 integreque
1227 934 1321 966 rexit.
1340 943 1417 968 mox

76 978 195 1011 icathae
209 979 350 1011 amicitia
362 979 395 1011 in
411 979 584 1020 abruptum
600 980 852 1019 tractus‚au.lax
863 1004 871 1019 ‚
889 980 1025 1012 callidus
1037 1005 1045 1020 ,
1068 982 1235 1021 promptus
1252 982 1302 1021 et,
1321 984 1417 1022 prout

75 1026 230 1058 tanimum
260 1026 473 1067 intendisset,
499 1036 618 1067 pravus
645 1030 702 1058 aut
731 1027 934 1068 industrius,
962 1027 1074 1059 eadem
1106 1028 1149 1058 vi.
1183 1029 1416 1062 testamentum

85 1077 121 1105 T.
139 1074 226 1105 Vinii
241 1074 462 1114 magnitudine
477 1083 574 1115 opum
596 1074 744 1115 irritum;
760 1074 885 1106 Pisonis
906 1083 1090 1116 supremam
1115 1074 1316 1107 voluntatem
1337 1085 1416 1118 pau-

70 1123 192 1161 ·pertas
202 1122 358 1153 firmavit.

127 1171 231 1200 XLIX.
255 1169 363 1201 Galbae
392 1177 507 1209 corpus
532 1169 586 1200 diu
611 1169 800 1209 neglectum
823 1170 854 1201 et
878 1169 1008 1201 licentia
1038 1169 1244 1202 tenebrarum
1268 1171 1415 1211 plurimis

84 1215 229 1247 ludibriis
252 1220 406 1248 vexatum
428 1216 631 1256 dispensator
655 1217 766 1256 Argius
790 1225 807 1248 e
827 1216 1014 1258 prioribus*
1040 1217 1142 1248 servis
1166 1218 1278 1248 humili
1305 1219 1413 1259 sepul-

70 1265 157 1294 =tura
181 1264 214 1294 in
243 1264 378 1304 privatis
403 1263 472 1303 ejus
504 1264 605 1295 hortis
629 1264 782 1296 contexit.
810 1267 906 1305 caput
940 1273 995 1305 per
1020 1264 1101 1295 lixas
1130 1265 1321 1305 calonesque
1348 1266 1413 1297 suf-

68 1310 186 1342 fixum
201 1311 441 1351 laceratumque
453 1313 527 1342 ante
544 1311 684 1342 Patrobii
697 1311 858 1343 tumulum
876 1311 1032 1352 (libertus
1046 1311 1072 1342 is
1090 1311 1223 1343 Neronis
1241 1313 1375 1352 punitus
1392 1322 1410 1345 a

68 1358 181 1390 Galba
200 1358 319 1398 suerat)
342 1362 469 1399 postera
484 1359 616 1389 demum
644 1358 694 1390 die
720 1362 881 1399 repertum
906 1362 936 1391 et
961 1362 1101 1390 cremato
1124 1359 1189 1398 jam
1208 1360 1333 1400 corpori
1357 1360 1412 1393 ad-

83 1405 223 1437 mixtum
245 1409 302 1437 est.
333 1410 423 1437 Hunc
445 1406 571 1437 exitum
598 1405 712 1436 habuit
736 1406 863 1438 Servius
883 1406 1001 1445 Galba,
1027 1406 1129 1437 tribus
1149 1408 1182 1438 et
1207 1408 1410 1447 septuaginta

73 1453 174 1485 *annis
188 1454 331 1494 quinque
348 1454 510 1494 Principes
534 1462 685 1493 prospera
709 1454 837 1486 fortuna
862 1463 1014 1486 emensus
1031 1456 1061 1485 et
1085 1454 1134 1485 ali
1149 1463 1189 1486 110
1211 1455 1344 1494 imperio
1367 1456 1409 1487 fe-

81 1499 170 1531 licior
183 1509 280 1541 quam
295 1510 364 1532 suo.
383 1505 477 1532 vetus
489 1501 522 1531 in
537 1500 659 1532 familia
675 1501 827 1533 nobilitas
840 1527 848 1541 ,
864 1511 989 1542 magnae
1002 1510 1078 1541 opes
1098 1511 1104 1532 z
1122 1501 1181 1541 ipsi
1200 1501 1342 1533 medium
1359 1503 1409 1535 in-

80 1547 230 1588 genium,
252 1549 355 1588 magis
377 1551 468 1580 extra
489 1548 567 1580 vitia
589 1557 686 1589 quam
712 1558 786 1580 cum
808 1550 993 1581 virtutibus.
1022 1550 1116 1580 faniae
1144 1557 1204 1580 nec
1228 1549 1410 1583 incuriosus

80 1603 139 1626 nec
165 1595 365 1627 vendidator.
391 1596 538 1636 pecuniae
566 1596 679 1627 alienae
715 1605 779 1627 non
805 1598 981 1637 appetens,
1014 1605 1081 1627 suae
1108 1605 1242 1636 parcus,
1271 1596 1411 1636 publicae

78 1651 205 1674 avarus.
220 1643 396 1674 amicorum
418 1644 690 1684 libertorumque,
707 1643 758 1674 ubi
779 1643 811 1674 in
825 1643 927 1675 honos
949 1643 1135 1685 incidisset,
1151 1643 1219 1673 sine
1235 1643 1410 1683 reprehen-

78 1689 169 1721 sione
184 1689 195 1707 2
211 1689 337 1730 patiens
351 1713 359 1729 ,
374 1690 401 1722 si
417 1691 491 1722 mali
509 1691 630 1730 forent,
656 1699 758 1731 usque
772 1690 810 1721 ad
829 1691 956 1731 culpam
976 1691 1117 1730 ignarus.
1134 1690 1188 1721 sed
1204 1690 1333 1722 claritas
1350 1698 1408 1721 na·

78 1736 193 1769 talium
216 1739 248 1768 et
268 1740 375 1768 metus
391 1739 574 1778 temporum
599 1737 784 1777 obtentui³‚
803 1739 860 1777 ut,
876 1738 962 1778 quod
985 1737 1119 1776 segnitia
1143 1741 1230 1777 erat,
1253 1737 1409 1778 sapientia

78 1786 260 1815 vocaretur.
285 1784 363 1816 dum
382 1784 511 1824 vigebat
533 1787 611 1816 aetas
627 1809 635 1824 ,
663 1785 791 1816 militari
813 1785 908 1816 laude
932 1785 1017 1825 apud
1044 1784 1229 1816 Germanias
1249 1783 1258 1802 ⁴
1285 1784 1405 1816 floruit.

78 1838 136 1871 pro
157 1830 287 1861 consule
311 1830 451 1862 Africam
475 1831 640 1862 moderate
655 1855 664 1870 ,
689 1832 756 1870 jam
780 1832 887 1863 senior
915 1831 1097 1862 citeriorem
1126 1831 1312 1871 Hispaniam
1339 1832 1408 1872 pari

78 1875 197 1915 iustitia
221 1877 402 1917 continuit,
425 1878 527 1916 major
548 1878 674 1917 privato
697 1878 804 1916 visus,
827 1878 908 1909 dum
928 1878 1074 1918 privatus
1096 1878 1177 1918 suit,
1203 1880 1236 1909 et
1259 1878 1406 1910 omnium

77 1932 236 1956 consensu
256 1933 357 1964 capax
368 1924 492 1965 imperii
505 1948 514 1963 ,
528 1924 588 1955 nisi
602 1924 802 1964 imperasset.

117 1974 151 2003 L.
170 1971 340 2012 Trepidam
358 1972 476 2003 Urbem
492 1980 528 2003 ac
552 1971 646 2002 simul
671 1971 873 2002 atrocitatem
896 1970 1035 2002 recentis
1059 1970 1207 2011 sceleris,
1229 1971 1325 2002 simul
1347 1980 1404 2003 ve·

77 2019 159 2050 teres
181 2019 317 2050 Othonis
338 2027 444 2050 mores
463 2021 634 2059 paventem
653 2027 758 2050 novus
782 2018 915 2059 insuper
939 2018 980 2050 de
1000 2019 1136 2050 Vitellio
1149 2018 1284 2050 nuntius
1299 2019 1403 2050 exter-

76 2065 156 2105 ruit,
183 2069 256 2097 ante
280 2065 403 2097 caedem
437 2065 544 2098 Galbae
568 2074 778 2106 suppressus,
802 2068 838 2097 ut
867 2067 993 2096 tantum
1022 2065 1198 2105 superioris
1225 2065 1404 2097 Germaniae

75 2112 252 2145 exercitum
273 2112 449 2144 descivisse
461 2112 653 2145 crederetur.
672 2114 743 2144 tum
768 2112 854 2144 duos
871 2114 1025 2144 omnium
1038 2112 1244 2144 mortalium
1257 2111 1403 2152 impudi-

75 2160 157 2191 citia
171 2185 181 2200 ,
194 2162 353 2201 iynavc'a,
368 2161 515 2193 luxuria
527 2159 730 2192 deterrimos
744 2159 900 2193 velutad
912 2159 1133 2201 perdendum
1152 2158 1402 2200 imperiumscz·

105 2274 218 2299 XLVIII.
234 2280 256 2299 1.
275 2275 319 2299 Sic
342 2276 453 2306 proprie
467 2275 639 2300 vocabantur
650 2275 669 2298 ii
690 2280 758 2304 quos
777 2273 916 2298 triumviri
931 2273 1163 2303 proscripserant.
1184 2277 1245 2295 —2.
1261 2271 1400 2296 Rationem

74 2315 129 2340 qua
145 2309 273 2339 disposita
287 2312 390 2335 essent.
401 2324 429 2328 —
440 2316 466 2335 s.
481 2312 544 2341 Quae
562 2317 612 2341 pro
624 2310 710 2334 sacris
731 2309 833 2340 habita,
847 2309 912 2339 quia
932 2309 969 2332 ibi
983 2308 1072 2338 aquila
1091 2309 1121 2332 et
1132 2308 1210 2337 signa
1223 2307 1351 2337 reposita.
1364 2306 1401 2331 dli

73 2345 232 2405 mllltlltjggsi.
246 2381 320 2411 Quos
332 2382 396 2406 ante
407 2382 589 2412 principatum
603 2383 802 2407 habuerat-².
814 2383 852 2406 Ea
871 2382 898 2406 in
911 2387 942 2406 re
958 2386 1016 2405 non
1035 2379 1343 2410 reprehendendus.-5-
1355 2377 1397 2402 Sc-

74 2417 214 2440 erant.—4.
230 2415 261 2440 In
277 2415 390 2447 Chattis,
404 2418 488 2447 gestis
501 2418 565 2442 anni
575 2418 603 2443 U.
618 2422 671 2442 791.
