1539 2668
488 160 524 190 A.
548 161 586 189 U.
611 160 646 189 C.
672 159 744 189 822.
767 161 803 189 A.
828 161 862 191 C.
888 162 928 192 69
1318 164 1378 197 285

53 245 108 271 cos
120 235 191 269 dies
208 232 412 268 exsolvendo
433 232 596 265 donativo
609 233 828 274 deprecatum.
846 234 953 275 plures
975 234 1132 268 obtulisse
1150 235 1234 268 ultro
1246 244 1378 277 percus·

53 283 178 318 soribus
199 282 344 322 jugulum
363 290 371 311 :
389 282 531 321 aqerent
552 289 594 312 ac
607 280 784 321 ferirent,
808 283 837 313 si
862 283 915 313 ita
941 290 959 314 e
981 282 1160 323 republica
1184 282 1376 318 videretur.

52 338 120 363 non
142 330 289 362 interfuit
309 327 527 361 occidentium
551 326 631 368 quid
646 327 777 360 diceret.
797 327 839 360 de
858 338 1042 370 percussore
1061 339 1128 361 non
1149 330 1226 362 satis
1243 333 1378 364 constat.

53 378 186 420 quidam
216 378 413 410 Terentium
436 376 615 407 evocatum
627 373 654 414 ³,
682 375 735 406 alii
756 377 964 417 Lecanium3
982 377 1125 409 crebrior
1147 377 1231 409 fama
1247 377 1382 411 tradidit

58 426 264 459 Camurium
279 426 410 465 quintae
428 421 566 454 decimae
589 422 729 462 leqionis
745 424 890 455 militem
906 425 1070 465 impresso
1084 424 1380 466 qladiojuqulum

54 474 128 514 ejus
153 472 319 504 hausisse.
345 470 443 502 ceteri
462 478 556 501 crura
580 468 776 510 brachiaque
798 470 896 510 (nam
923 472 1035 512 pectus
1058 472 1227 512 tegebatur
1242 471 1278 512 ⁴)
1298 470 1381 504 soede

53 519 215 552 laniavere
234 529 242 550 ε
280 518 432 559 pleraque
461 517 595 549 vulnera
637 516 763 549 feritate
793 518 827 549 et
856 518 981 550 saevitia
1013 520 1128 551 trunco
1156 520 1225 560 jam
1253 517 1382 559 corpori

53 567 189 607 adjecta.

94 617 187 646 XLII.
211 612 319 644 Titum
345 611 421 644 inde
446 611 579 643 vinium
609 611 775 651 invasere,
793 611 833 644 de
857 622 921 653 quo
944 614 976 645 et
998 613 1069 655 ipso
1094 614 1281 654 ambigitur,
1303 622 1382 645 con·

51 660 269 702 sumpseritne
292 669 403 691 vocem
431 660 500 700 ejus
524 659 652 691 instans
673 662 780 691 metus
797 684 804 699 ‚
820 669 861 691 an
890 661 1138 701 proclamaverit
1160 670 1227 693 reon
1247 669 1316 693 esse
1337 660 1382 694 ab

55 708 185 740 Othone
204 707 411 740 mandalum
434 708 475 738 ut
489 706 714 738 occideretur.
732 707 819 747 quod
844 717 900 739 seu
918 708 1013 740 finxit
1035 709 1206 740 formidine
1231 716 1285 739 seu
1309 716 1384 740 con-

51 755 187 788 scientia
200 754 430 794 conjurationis
442 754 608 785 confessus
623 756 673 785 est
682 778 691 794 ,
706 754 770 785 huc
784 755 890 794 potius
902 756 971 796 ejus
986 756 1053 787 vita
1065 757 1215 796 famaque
1231 755 1384 795 inclinat,

52 803 90 835 ut
104 801 250 834 conscius
271 801 401 833 sceleris
415 800 513 832 fuerit
526 801 619 839 cujus
633 810 730 832 causa
747 805 817 833 erat
833 803 858 833 ¹.
876 805 951 834 ante
966 803 1066 835 aedem
1080 803 1148 834 divi
1165 803 1239 834 Julii
1253 802 1265 820 ²
1282 801 1385 842 jacuit

53 849 160 890 primo
174 849 240 880 ictu
259 849 291 880 in
307 847 474 889 poplitem,
488 856 567 879 mox
582 848 622 878 ab
635 851 650 879 J
655 848 721 879 ulio
738 852 818 880 Caro
839 849 1016 890 legionario
1034 850 1135 882 milite
1152 850 1186 881 in
1210 851 1386 891 utrumque

53 895 139 928 latus
152 895 437 928 transverberatus.

94 947 201 976 XLIII.
227 943 387 982 Insignem
400 942 453 973 illa
467 941 519 974 die
533 942 640 974 virum
656 942 880 983 sempronium
900 948 1042 976 Densum
1060 946 1140 977 aetas
1158 945 1269 976 nostra
1285 945 1380 977 vidit.

51 991 199 1023 centurio
213 991 240 1022 is
262 991 423 1031 praetorioe
437 990 581 1021 cohortis
594 1015 603 1030 ‚
621 1000 639 1021 a
655 990 752 1023 Galba
778 991 932 1023 custodiae
957 993 1082 1024 Pisonis
1104 993 1234 1024 additus
1247 1016 1257 1032 ,
1274 992 1385 1025 stricto

50 1038 191 1080 pugione
217 1047 388 1070 occurrens
415 1037 546 1069 armatis
572 1039 604 1069 et
628 1038 731 1070 scelus
754 1039 952 1079 exprobrans
970 1049 1007 1071 ac
1031 1041 1127 1072 modo
1145 1049 1262 1079 manu,
1288 1040 1386 1073 modo

52 1093 130 1117 voce
148 1085 303 1117 vertendo
326 1086 358 1116 in
385 1094 420 1117 se
439 1093 646 1125 percussores
667 1095 865 1126 quamquam
896 1088 1063 1119 vulnerato
1089 1087 1196 1119 Pisoni
1227 1086 1384 1128 effugium

52 1131 150 1164 dedit.
177 1133 250 1164 Piso
275 1133 308 1163 iri
334 1132 437 1163 aedem
461 1134 568 1164 Vestae
594 1133 734 1173 pervasit
766 1136 987 1175 exceptusque
1015 1134 1237 1166 misericordia
1264 1134 1385 1175 publici

52 1179 162 1210 servi¹
186 1181 218 1212 et
235 1179 447 1211 contubernio
473 1181 543 1218 eJus
567 1180 716 1220 abditus,
744 1190 809 1212 non
834 1181 986 1221 religione
1008 1191 1067 1213 nec
1093 1182 1310 1222 caeremoniis,
1329 1181 1383 1214 scd

36 1226 173 1259 'latebra
194 1227 367 1258 imminens
381 1227 516 1258 exitium
533 1227 724 1266 differebat,
742 1237 843 1268 quum
860 1228 1020 1260 advenere
1037 1229 1133 1260 missu
1149 1228 1288 1260 Othonis
1299 1253 1308 1269 ,
1325 1238 1384 1262 no-

52 1274 202 1306 minatim
227 1275 258 1305 in
282 1274 402 1305 caedem
425 1274 496 1314 eJus
515 1274 665 1306 ardentes
677 1299 686 1314 ‚
704 1275 863 1315 Sulpicius
879 1276 988 1307 Florus
1005 1285 1021 1307 e
1038 1275 1229 1308 Britannicis
1245 1276 1382 1308 cohorti-

51 1322 122 1362 bus,
137 1331 239 1363 nuper
262 1330 280 1352 a
294 1321 390 1353 Galba
404 1321 537 1353 civitate
550 1321 689 1353 donatus
703 1345 711 1360 ‚
727 1324 758 1353 et
772 1322 893 1354 Statius
914 1327 1046 1355 Murcus
1061 1324 1262 1364 speculator3
1277 1331 1296 1354 a
1315 1324 1386 1364 qui-

52 1369 112 1401 bus
127 1371 310 1410 protractus
324 1368 397 1399 Piso
415 1368 587 1400 inferibus
601 1369 716 1409 templi
731 1369 924 1401 trucidatur.

94 1419 195 1448 XLIV.
224 1416 349 1446 Nullam
370 1415 491 1446 caedem
507 1416 593 1447 Otho
608 1416 728 1456 majore
746 1416 856 1448 laetitia
870 1417 1053 1457 excepisse,
1067 1418 1193 1449 nullum
1206 1418 1381 1458 caputium

52 1463 289 1496 insatiabilibus
314 1463 415 1494 oculis
435 1463 647 1503 perlustrasse
666 1463 795 1499 dicitur,
823 1473 880 1495 seu
907 1468 975 1496 tum
1001 1465 1141 1505 primum
1167 1466 1273 1497 levata
1295 1464 1384 1497 omni

53 1510 269 1543 sollicitudine
286 1519 376 1541 mens
395 1519 511 1541 vacare
534 1510 652 1550 gaudio
677 1513 817 1551 coeperat
833 1536 841 1551 ‚
861 1521 915 1543 seu
942 1513 1121 1544 recordatio
1147 1513 1329 1552 maJestatis
1351 1512 1384 1544 in

53 1558 344 1598 Galba‚amicitiae
371 1557 403 1588 in
421 1561 457 1588 T.
474 1558 569 1589 Vinio
594 1558 748 1598 quamvis
776 1559 936 1589 immitem
964 1559 1107 1591 animum
1134 1560 1273 1600 imagine
1298 1560 1385 1592 tristi

53 1605 241 1638 confuderat
256 1615 263 1636 ε
283 1605 407 1636 Pisonis
424 1606 457 1636 ut
478 1605 598 1636 inimici
622 1608 654 1637 et
673 1606 781 1637 aemuli
799 1606 887 1637 caede
904 1606 1004 1638 laetari
1020 1607 1073 1646 jus
1092 1607 1203 1648 fasque
1219 1607 1381 1640 credebat.

49 1653 184 1695 praelixa
207 1653 310 1684 contis
338 1654 447 1692 capita
472 1652 680 1692 gestabantur
700 1653 783 1684 inter
809 1653 898 1693 signa
919 1654 1102 1694 cohortium
1121 1657 1215 1694 Juxta
1241 1655 1383 1695 aquilam

52 1700 195 1740 legionis,
211 1700 358 1731 certatim
380 1700 615 1731 ostentantibus
633 1703 784 1732 cruentas
800 1710 916 1732 manus
932 1702 988 1741 qui
1004 1701 1200 1742 occiderant,
1216 1703 1271 1742 qui
1286 1702 1381 1734 inter-

53 1748 197 1786 fuerant,
215 1747 270 1787 qui
286 1756 359 1778 vere
373 1747 428 1786 qui
446 1747 524 1778 falso
541 1749 578 1778 ut
591 1748 762 1787 pulchrum
780 1750 814 1780 ut
832 1749 1041 1781 memorabile
1062 1749 1187 1781 facinus
1201 1750 1379 1790 Jactabant.

52 1793 161 1835 plures
176 1803 272 1834 quam
290 1797 420 1825 centum
438 1794 552 1832 viginti
576 1794 700 1826 libellos
716 1796 887 1836 praemium
913 1797 1163 1837 exposcentium
1181 1797 1222 1828 ob
1239 1798 1382 1838 aliquam

53 1840 228 1873 notabilem
254 1841 308 1871 illa
333 1840 384 1871 die
405 1849 536 1880 operam
553 1841 702 1873 Vitellius
726 1845 837 1882 postea
858 1844 1002 1883 invenit,
1028 1853 1206 1884 omnesque
1234 1843 1380 1885 conquiri

50 1891 84 1922 et
100 1888 235 1920 interfici
249 1887 362 1927 jussit,
381 1896 444 1918 uon
469 1888 588 1919 honore
604 1889 725 1927 Galbae,
742 1889 798 1919 sed
810 1890 930 1921 tradito
947 1891 1149 1931 Principibus
1165 1900 1265 1931 more,
1279 1890 1384 1922 muni-

53 1937 202 1968 mentum
219 1935 258 1966 ad
273 1943 432 1975 praesens,
448 1934 480 1965 in
497 1937 665 1975 posterum
681 1935 836 1967 ultionem
856 1937 879 1968 ¹.

95 1987 185 2015 XLV.
201 1983 305 2014 Alium
324 1981 469 2013 crederes
485 1984 632 2014 senatum
644 2004 654 2018 ‚
671 1982 771 2014 alium
789 1983 957 2024 populum.
978 1993 1070 2017 ruere
1087 1985 1196 2017 cuncti
1212 1985 1245 2017 in
1259 1988 1380 2026 castra,

53 2030 174 2063 anteire
192 2030 359 2071 proximos
372 2054 381 2070 ‚
397 2031 520 2061 certare
545 2038 620 2061 cum
643 2031 932 2072 praecurrentibus,
959 2031 1125 2074 increpare
1146 2032 1297 2073 Galbam,
1313 2033 1380 2065 lau-

25 2125 29 2135 *
53 2125 107 2149 -3.
129 2124 180 2149 Vel
193 2123 354 2153 simpliciter
368 2123 486 2153 aliquem
503 2123 548 2153 qui
574 2124 637 2154 post
660 2125 774 2149 emerita
801 2125 938 2155 stipendia
958 2125 1007 2150 sub
1022 2126 1105 2156 signis
1123 2126 1258 2156 manebat,
1283 2127 1326 2152 vel
1348 2134 1381 2152 ex

54 2160 180 2185 evocatis
200 2159 303 2189 Galbae,
322 2160 367 2188 qui
386 2168 400 2179 «
420 2159 521 2189 delegit
541 2161 675 2189 equestris
692 2161 794 2184 ordinis
807 2161 932 2190 juvenes,
950 2162 1004 2191 qui,
1020 2164 1148 2186 manente
1164 2168 1311 2188 aureorum
1336 2169 1382 2188 an-

55 2194 183 2220 nulorum
197 2201 255 2223 usu,
270 2194 380 2219 evocati
397 2194 601 2224 appellarentur
621 2196 803 2225 excubiasque
820 2197 892 2221 circa
913 2197 1068 2222 cubiculum
1091 2204 1169 2222 suum
1188 2199 1249 2223 vice
1263 2198 1378 2223 militurn

55 2232 179 2260 agerent,
192 2233 325 2256 2›·Sue10n.
341 2236 366 2254 c.
381 2236 468 2255 io.—⁴.
481 2231 606 2256 Thorace
616 2237 696 2261 quem
708 2234 862 2262 sumpserat
878 2232 961 2258 Galba
974 2251 981 2264 ‚
996 2239 1019 2258 c.
1034 2239 1071 2258 55.

84 2265 167 2289 XLll.
179 2271 200 2290 ι.
218 2266 294 2295 Quod
310 2267 462 2295 expositum
481 2271 541 2296 cap.
553 2271 633 2290 e.-2.
650 2267 678 2291 ln
697 2267 757 2291 toro
775 2269 865 2292 sitam.

85 2302 179 2326 XLln.
199 2306 218 2325 i.
230 2302 274 2326 Sic
289 2301 459 2326 vocabantur
475 2301 521 2332 qui
532 2304 611 2326 erant
620 2304 647 2327 in
660 2303 776 2334 publicis
790 2304 833 2329 vel
847 2305 1054 2335 magistratuum
1068 2305 1112 2331 vel
1125 2305 1305 2330 sacerdotum
1320 2306 1379 2332 om-

54 2335 115 2365 ens,
125 2342 140 2360 e
154 2342 184 2361 re
202 2337 308 2367 publica
322 2339 400 2368 pasti.

87 2372 177 2396 XLIV.
197 2378 205 2395 i
230 2375 384 2398 accusativi
399 2382 462 2400 usus
474 2377 501 2401 in
521 2377 692 2407 appositione
713 2382 769 2401 non
788 2376 952 2403 substantivi
965 2376 1090 2408 alicujus,
1112 2377 1160 2402 scd
1183 2377 1379 2402 enuntiationis

58 2408 151 2448 totius,
164 2408 270 2438 qualem
285 2411 438 2436 notavimus
452 2413 486 2437 ad
496 2414 573 2438 Ami.
590 2414 607 2443 Ι,
626 2419 654 2438 27
669 2415 696 2438 et
707 2413 779 2437 alibi.
795 2415 933 2446 Principes
943 2415 982 2441 ita
992 2415 1171 2441 securitatem
1191 2415 1242 2441 sibi
1262 2417 1379 2447 parant:

57 2448 79 2467 51
91 2443 170 2470 ahter
183 2446 284 2476 evenit,
297 2447 421 2478 exemplo
434 2453 484 2474 suo
498 2449 541 2474 sui
554 2449 686 2475 ultionem
700 2451 860 2481 provocant.
