1539 2668
126 204 185 235 378
478 205 609 233 TACITI
632 204 906 236 mSTomARUM
928 208 999 236 LIB.
1025 208 1078 237 IV.

124 280 253 320 gantur,
273 277 355 309 duee
366 277 507 318 Aquillio
531 277 738 319 primipilari,
759 288 877 311 nomen
900 280 1002 320 magis
1021 280 1184 313 exercitus
1206 291 1306 323 quam
1320 284 1443 318 robur:

124 326 245 368 quippe
255 325 381 357 viribus
397 324 578 356 cohortium
592 325 739 357 abductis
751 326 901 359 Vitellius
914 336 931 359 e
944 328 1102 368 proximis
1115 329 1308 363 Nerviorum
1321 335 1447 364 Germa·

123 375 324 416 norumque⁴
346 375 434 416 pagis
450 383 577 414 segnem
595 383 769 407 numerum
785 376 883 408 armis
899 378 1102 410 oneraverat.

165 426 246 455 XVI.
272 422 381 454 Civilis
405 421 479 452 dolo
499 421 710 461 grassandum
735 424 823 454 ratus
848 423 1007 456 incusavit
1029 424 1115 457 ultro
1139 425 1328 467 praefectos,
1355 427 1447 468 quod

123 470 272 503 castella
293 469 524 501 deseruissent
543 479 553 500 :
575 477 610 500 se
631 478 710 501 cum
728 469 885 511 cohorte,
908 473 963 503 cuz·
983 474 1159 512 proeerat,
1184 473 1448 514 Canninefatem

125 518 318 550 tumultum
331 524 625 556 compressurum;
636 517 691 548 illi
704 525 768 549 sua
783 519 924 559 quisque
939 519 1083 551 hiberna
1098 522 1301 559 repeterent.
1317 521 1449 553 subesse

124 564 270 597 fraudem
288 563 422 595 consilio
446 566 478 594 et
499 562 659 603 dispersas
684 564 832 596 cohortes
852 565 978 598 facilius
1000 566 1162 606 opprimi,
1179 576 1238 598 nec
1254 567 1448 599 Brinnonem

123 612 240 644 ducem
252 612 320 651 ejus
336 610 424 647 belli,
444 610 498 641 sed
512 610 646 641 Civilem
660 619 728 642 esse
742 611 863 651 patuit,
882 613 1124 652 erumpentibus
1137 613 1290 653 paulatim
1307 613 1449 653 indiciis,

124 667 197 699 quae
215 658 379 697 Germani,
399 657 475 688 laeta
490 657 572 689 bello
592 666 686 698 gens,
702 668 766 689 non
779 658 834 689 diu
849 659 1102 692 occultaverant.
1125 660 1178 691 ubi
1196 660 1319 692 insidiae
1332 669 1449 701 parum

123 714 264 743 cessere,
278 704 318 736 ad
330 705 395 735 vim
410 707 629 744 transgressus
643 706 880 745 Canninefates,
896 705 1024 745 Frisios,
1038 708 1175 738 Batavos
1188 707 1324 748 propriis
1338 706 1450 740 cuneis

124 752 290 792 componit
305 752 327 782 ¹.
346 752 467 783 directa
488 760 527 782 ex
542 751 668 782 diverso
686 752 771 783 acies
793 752 877 783 haud
895 753 1005 793 procul
1020 762 1038 784 a
1052 753 1184 784 flumine
1204 754 1332 794 Rhene,
1346 754 1379 785 et
1395 753 1450 787 ob-

123 800 227 831 versis
243 800 275 830 in
290 799 417 830 hostem
433 799 570 830 navibus
580 823 588 838 ,
605 808 687 839 quas
701 799 839 831 incensis
856 799 996 831 castellis
1013 800 1088 831 illuc
1104 801 1304 840 appulerant.
1320 809 1380 832 nec
1394 800 1451 832 diu

124 848 245 878 certato
259 850 460 886 Tungrorum
475 845 589 877 cohors
603 847 692 885 signa
707 845 746 877 ad
762 846 898 879 Civilem
914 846 1097 885 transtulit;
1114 847 1318 888 perculsique
1333 847 1453 881 milites

123 893 300 934 improvisa
322 893 504 934 proditione
526 902 544 924 a
562 893 658 924 sociis
680 893 894 934 hostibusque
912 893 1128 925 caedebantur.
1152 894 1265 926 eadem
1285 897 1382 926 etlam
1398 903 1453 926 na*-

125 941 218 973 vibus
237 940 382 980 pertidia.
405 949 477 980 pars
497 940 653 980 remigum
673 949 691 971 e
708 941 856 980 Batavis,
872 941 1035 980 tamquam
1053 940 1229 981 imperitia,
1244 941 1348 973 officia
1369 950 1453 973 nau-

124 988 230 1019 tarum
250 990 594 1027 proflnigiiatoruinqtie
612 987 841 1027 impediebant.
866 996 941 1018 mox
966 990 1077 1018 eontra
1098 988 1249 1028 tendere,
1272 990 1304 1019 et
1329 995 1454 1029 puppes

123 1034 234 1066 hostili
259 1034 337 1075 ripae
356 1033 504 1072 objicere.
538 1033 576 1064 ad
602 1037 799 1074 postremum
826 1035 1053 1074 gubernatores
1076 1035 1365 1076 centurionesque,
1390 1034 1454 1067 nisi

123 1081 235 1113 eadem
254 1081 397 1112 volentes
410 1080 434 1118 2,
454 1080 637 1118 trucidant,
656 1081 757 1112 donec
781 1081 932 1113 universa
953 1084 1108 1122 quattuor
1125 1084 1157 1112 et
1183 1082 1295 1121 viginti
1319 1082 1453 1114 navium

124 1128 237 1159 classis
254 1129 463 1162 transfugeret
481 1130 538 1158 aut
553 1129 732 1167 caperetur.

165 1178 260 1205 XVII.
275 1174 366 1205 Clara
380 1182 417 1204 ea
431 1173 568 1204 victoria
581 1174 614 1204 in
629 1182 768 1213 praesens
779 1198 787 1213 ,
803 1173 835 1204 in
849 1174 1015 1214 posterum
1030 1174 1097 1205 usui
1110 1184 1119 1213 ;
1134 1183 1286 1214 armaque
1296 1176 1328 1206 et
1338 1183 1452 1217 naves,

124 1221 243 1262 quibus
256 1220 455 1260 indigebant,
470 1220 576 1260 adepti
591 1230 707 1260 magna
722 1230 779 1260 per
790 1221 976 1252 Germanias
989 1221 1169 1261 Galliasque
1184 1221 1267 1252 sama
1283 1222 1453 1254 libertatis

124 1270 283 1301 auctores
310 1267 566 1299 celebrabantur.
595 1268 772 1299 Germaniae
808 1268 918 1299 statim
949 1268 1065 1299 misere
1086 1268 1207 1307 legatos
1229 1269 1350 1300 auxilia
1371 1268 1454 1301 osfe-

124 1317 242 1346 rentes.
274 1314 448 1345 Galliarum
478 1315 664 1346 societatem
693 1315 804 1347 Civilis
830 1317 899 1347 arte
924 1315 1083 1355 donisque
1111 1315 1287 1351 affectabat
1299 1339 1308 1355 ,
1341 1317 1454 1356 captos

125 1361 309 1394 cohortium
338 1361 505 1401 praffeetos
524 1370 598 1392 suas
619 1362 651 1392 in
668 1362 817 1393 civitates
839 1361 1053 1399 remittendo,
1077 1361 1282 1401 cohortibus,
1307 1361 1395 1393 abire
1411 1370 1454 1393 an

125 1417 254 1441 manere
268 1408 417 1447 mallent,
432 1409 507 1439 data
523 1410 692 1448 potestate.
717 1409 923 1440 manentibus
938 1409 1094 1439 honorata
1114 1408 1251 1448 militia,
1272 1408 1453 1448 dig1·edien··

124 1455 213 1488 tibus
236 1455 337 1495 spolia
355 1459 576 1486 Romanorum
596 1455 828 1487 offerebantur.
853 1455 949 1487 simul
973 1455 1105 1487 secretis
1122 1456 1325 1487 sermonibus
1343 1455 1454 1487 admo-

124 1502 221 1534 nebat
242 1515 256 1529 «
272 1502 431 1533 malorum
450 1511 522 1542 quae
538 1505 588 1534 tot
604 1503 697 1534 annis
713 1503 854 1543 perpessi
871 1502 1020 1534 miseram
1038 1502 1227 1534 servitutem
1246 1502 1325 1533 salso
1340 1510 1454 1543 pacem

127 1561 144 1577 α
160 1552 324 1580 vocarent.
348 1553 483 1580 Batavos
496 1574 504 1589 ,
527 1559 724 1590 quamquam
739 1550 935 1581 tributorum
951 1552 1116 1589 expertes,
1134 1558 1222 1580 arma
1239 1553 1350 1581 contra
1366 1556 1456 1582 com·

127 1609 143 1624 «
161 1605 277 1628 munes
288 1596 437 1627 dominos
453 1596 583 1636 cepisse.
602 1596 704 1636 prima
717 1596 785 1627 acie
800 1597 908 1627 fusum
922 1595 1111 1635 victumque
1125 1600 1316 1626 Romanum.
1333 1595 1411 1636 quid
1423 1600 1452 1631 si

127 1656 144 1672 a
162 1643 270 1676 Galliae
286 1643 400 1682 jugum
424 1645 564 1674 exuant?
584 1646 741 1683 quantum
761 1642 794 1673 in
816 1642 905 1673 Italia
926 1642 1109 1682 reliquum?
1124 1643 1363 1683 provinciarum
1381 1651 1454 1674 san-

126 1703 143 1719 «
160 1691 256 1730 guine
272 1690 451 1729 provincias
467 1689 564 1720 vinci.
582 1699 621 1720 ne
634 1689 780 1720 Vindicis
793 1689 894 1720 aciem
910 1689 1088 1729 cogitarent
1102 1699 1108 1719 :
1125 1692 1243 1720 Batavo
1257 1689 1366 1729 equite
1382 1698 1455 1729 pro-

128 1749 144 1765 «
160 1736 253 1768 tritos
268 1735 390 1767 AEduos
404 1737 628 1776 Arvernosque
641 1736 647 1753 ¹
662 1746 670 1774 ;
686 1736 785 1767 t'uisse
798 1736 882 1767 iuter
894 1736 1035 1773 Verginii
1049 1735 1169 1766 auxilia
1181 1736 1301 1775 Belgas,
1313 1744 1454 1777 vereque

127 1796 144 1812 «
161 1783 386 1823 reputantibus
396 1781 407 1799 ²
424 1782 556 1813 Galliam
571 1782 706 1813 suismet
720 1782 845 1813 viribus
861 1781 1050 1814 concidisse.
1066 1791 1153 1813 nunc
1165 1783 1291 1814 easdem
1306 1782 1453 1813 omnium

128 1843 142 1859 «
162 1832 285 1870 partes,
306 1829 415 1860 addito
429 1829 440 1847 ³
467 1830 492 1860 si
519 1829 596 1869 quid
615 1829 765 1860 militaris
781 1829 958 1869 disciplinae
978 1829 1010 1859 in
1030 1829 1145 1860 castris
1167 1834 1388 1860 Romanorum
1408 1828 1456 1861 vi-

127 1889 142 1905 «
160 1876 274 1917 guerit.
299 1885 369 1907 esse
385 1885 495 1907 seeum
513 1879 682 1908 veteranas
701 1876 872 1917 cohortes,
892 1875 1010 1916 quibus
1031 1885 1132 1916 nuper
1158 1876 1293 1907 Othonis
1314 1875 1454 1915 legiones

127 1936 142 1950 «
161 1923 389 1963 procubueriut
402 1923 427 1954 4.
446 1923 604 1954 servirent
618 1924 707 1962 Syria
716 1923 854 1963 Asiaque
870 1924 902 1954 et
918 1924 1028 1954 suetus
1041 1923 1168 1964 regibus
1182 1923 1294 1955 Oriens
1308 1932 1315 1953 :
1331 1922 1454 1956 multos

128 1982 144 1998 «ι
161 1970 265 2001 adhuc
281 1970 312 2000 in
328 1970 425 2001 Gallia
442 1969 549 2001 vivere
563 1973 636 2001 ante
649 1969 771 2001 tributa
783 1970 908 2009 genitos
918 1970 942 2000 ⁵.
956 1969 1079 2010 nuper⁶
1096 1972 1182 2002 certe
1196 1979 1280 2001 caeso
1294 1968 1454 2009 Quintilio

127 2029 142 2044 n
161 2020 245 2047 Varo
262 2017 388 2057 pulsam
407 2026 424 2047 e
440 2017 607 2048 Germania
618 2017 812 2048 servitutem
824 2041 833 2056 ,
847 2025 907 2048 nec
920 2016 1083 2049 Vitellium
1099 2016 1281 2057 Principem
1293 2039 1302 2054 ,
1316 2016 1374 2048 sed
1387 2019 1453 2048 Cae·

128 2075 144 2090 «
161 2071 262 2094 sarem
281 2066 465 2105 Augustum
484 2064 567 2095 bello
583 2063 1001 2104 provocatum.‘libertatem
1016 2065 1133 2095 natura
1149 2064 1248 2095 etiam
1265 2062 1366 2094 mutis
1382 2062 1453 2094 ani-

129 2121 146 2137 «
160 2110 297 2142 malibus
318 2110 447 2150 datam,
466 2111 619 2143 virtutem
635 2110 803 2151 proprium
820 2111 988 2142 hominum
1009 2111 1144 2143 bonum.
1164 2110 1241 2142 deos
1262 2107 1452 2142 fortioribus

126 2212 155 2217 —
165 2204 187 2223 ⁴.
198 2199 327 2222 Nimirum
344 2199 524 2228 Tungrorum
537 2218 543 2229 ,
555 2200 617 2224 vide
631 2205 656 2223 c.
677 2205 710 2230 ic,
726 2201 754 2224 et
770 2201 861 2224 Germ.
879 2205 902 2224 c.
915 2205 937 2224 2.

156 2234 225 2273 XVI.
244 2239 264 2257 ¹.
282 2234 355 2274 Moru
372 2236 458 2262 patrio
472 2241 479 2259 ;
497 2240 521 2259 v.
539 2236 631 2260 Germ.
647 2240 671 2259 c.
682 2240 706 2260 s.
718 2237 891 2260 —2..Praeter
901 2234 960 2259 illos
974 2234 1020 2264 qui
1029 2234 1124 2259 eadem
1137 2233 1276 2259 volebant·
1290 2232 1358 2259 πίοι·
1368 2237 1452 2260 exa«

126 2268 425 2334 ptigjxll‘flsnifigsuiueffint
435 2305 547 2334 antiquo
559 2305 665 2330 roedere.
674 2306 876 2330 cum-nomauis
887 2305 992 2330 sociati.
1006 2310 1068 2329 ·—-2.
1081 2306 1193 2330 nativus
1204 2311 1211 2329 ε
1222 2306 1246 2329 si
1257 2305 1323 2335 :quis
1331 2309 1414 2332 πεπυ
1420 2304 1451 2329 ut

128 2338 178 2365 est.
191 2339 361 2367 reputet—s.
375 2340 418 2364 Sc.
432 2346 529 2364 co.—⁴.
543 2341 600 2365 Vid.
617 2341 648 2371 ll,
663 2345 700 2370 ⁴⁵,
714 2345 806 2365 esa-5.
822 2341 938 2365 Censum
946 2340 1092 2365 Galliarum
1107 2339 1413 2370 Augustuzinaumerax
1425 2344 1452 2364 a.

127 2371 157 2396 U.
170 2377 220 2396 72⁷.
237 2373 290 2396 Sed
304 2374 394 2397 Civilis
407 2375 559 2405 intelligere
573 2376 681 2401 videtur
694 2376 798 2400 tributa
814 2376 847 2401 ab
862 2375 934 2401 Julio
948 2376 1051 2400 Caesare
1065 2376 1182 2406 primum
1194 2376 1395 2400 instituta³noe
1404 2377 1453 2399 2¹2⁰

126 2407 184 2434 tere
203 2413 289 2432 anuos
300 2427 306 2436 ,
330 2415 398 2439 quos
420 2410 555 2439 attingere
573 2412 664 2441 potest.
685 2411 886 2436 senium-felix.
897 2416 956 2436 —ci
971 2411 1103 2436 Nimirum
1118 2412 1148 2436 ut
1160 2410 1245 2436 multo
1258 2412 1329 2441 post.
1339 2409 1452 2435 nauum

126 2442 276 2473 subactam,
289 2449 452 2474 quamquam
464 2447 528 2470 ante
540 2451 570 2471 eo
584 2452 681 2471 annos,
