1539 2668
132 194 188 224 102
522 187 653 216 TACITI
675 186 884 217 ANNALIUM
906 187 978 216 LIB.
1003 188 1054 216 lv.

131 266 199 298 nitu
214 288 222 302 ‚
242 263 284 294 ob
303 261 476 293 amicitiam
491 261 643 300 Augustae
659 268 734 291 cum
746 261 917 301 Urgulania
932 260 956 292 ¹.
975 268 1047 292 reus
1058 284 1067 300 ,
1082 260 1199 291 frustra
1211 259 1335 293 tentato
1348 261 1445 302 ferro,

129 320 228 343 venas
246 309 386 351 praebuit
398 308 622 340 exsolvendas.
648 316 722 338 mox
737 308 951 348 Numantina,
974 308 1062 347 prior
1084 316 1165 338 uxor
1191 311 1276 347 ejus,
1298 310 1448 341 accusata

128 359 280 398 injecisse
296 355 507 388 carminibus
521 357 553 386 et
570 354 737 395 veneficiis
757 355 948 387 vecordiam
960 356 1088 387 marito
1100 377 1108 393 ,
1126 354 1237 385 insons
1251 354 1426 393 judicatur.

171 407 279 436 XXIII.
306 407 336 435 Is
356 403 486 434 demum
503 410 606 433 annus
629 403 782 442 populum
798 407 976 434 Romanum
995 403 1087 441 longo
1105 401 1113 419 ¹
1139 401 1309 433 adversum
1334 403 1448 434 Numi-

129 451 203 482 dam
231 451 464 483 Tacfarinatem
493 448 576 480 bello
604 448 751 481 absolvit.
780 458 853 480 nam
879 449 1001 489 priores
1024 448 1121 480 duces
1132 472 1142 488 ,
1167 447 1223 479 ubi
1248 448 1448 489 impetrando

129 498 374 539 triumphalium
393 496 507 535 insigni
529 495 676 528 sufficere
698 505 748 528 res
771 505 845 528 suas
858 496 1074 534 crediderant,
1092 496 1215 526 hostem
1232 495 1446 528 omittebant:

127 546 260 586 jamque
287 547 351 576 tres
366 544 516 575 laureatae
533 543 566 573 in
583 543 667 575 Urbe
683 545 798 575 statuae
809 542 835 584 ²,
851 545 884 574 et
896 543 1004 575 adhuc
1024 543 1171 582 raptabat
1187 542 1324 573 Africam
1340 542 1448 574 Tacfa-

132 593 236 632 rinas,
253 595 367 624 auctus
390 592 573 622 Maurorum
590 590 732 631 auxiliis,
758 591 813 631 qui
829 591 1017 628 Ptolemaeo,
1035 589 1126 621 Jubae
1143 589 1226 628 filio,
1246 588 1379 627 juventa
1403 589 1449 620 in-

127 640 270 678 curioso,
294 639 424 670 libertos
450 637 552 677 regios
580 638 611 668 et
634 637 761 669 servilia
785 638 919 678 imperia
936 637 948 655 ³
966 637 1050 668 bello
1072 637 1286 668 mutaverant.
1310 637 1380 668 erat
1402 635 1450 667 illi

128 686 309 726 praedarum
338 686 484 724 receptor
509 693 546 715 ac
571 684 676 716 socius
696 684 868 725 populandi
885 693 941 715 rex
969 686 1215 720 Garamantum,
1234 691 1298 714 non
1324 684 1360 714 ut
1374 691 1449 714 cum

130 733 271 764 exercitu
290 732 468 770 incederet,
494 731 548 763 sed
566 731 671 763 missis
684 732 808 763 levibus
823 731 941 772 copiis,
957 739 1030 771 quae
1044 739 1082 761 ex
1100 729 1272 769 longinquo
1288 728 1323 760 in
1347 730 1450 769 maJus

128 780 357 819 audiebantur3
376 780 509 819 ipsaque
524 787 541 809 e
558 779 722 818 provincia
734 778 762 819 ⁴,
785 780 822 811 ut
844 779 915 819 quis
932 778 1069 809 fortunae
1085 777 1177 816 inops
1191 799 1201 815 ,
1223 776 1368 808 moribus
1383 777 1450 808 tur-

130 826 246 865 bidus,
265 826 446 866 promptius
472 825 629 866 ruebant,
654 826 730 866 quia
755 829 861 857 Caesar
877 826 950 866 post
977 833 1027 856 res
1054 833 1073 855 a
1096 824 1194 854 Blaeso
1219 824 1341 862 gestas,
1356 821 1451 863 quasi

129 873 225 905 nullis
238 873 302 912 jam
330 873 361 903 in
379 872 484 904 Africa
510 872 673 911 hostibus,
703 871 856 913 reportari
884 880 1001 903 nonam
1028 871 1184 911 legionem
1207 871 1366 910 jusserat:
1391 875 1451 899 nec

130 920 299 959 proconsul
326 920 395 959 eJus
419 919 513 957 anni,
536 923 571 950 P.
597 919 778 959 Dolabella,
799 918 937 950 retinere
958 926 1053 949 ausus
1077 918 1167 957 erat,
1182 916 1270 957 jussa
1294 914 1451 955 Principis

131 966 233 1006 magis
250 975 346 1007 quam
364 967 484 997 incerta
500 966 574 997 belli
591 968 748 998 metuens.

171 1017 278 1045 XXIV.
294 1014 394 1053 Igitur
408 1013 601 1052 Tacfarinas,
612 1013 757 1053 disperso
770 1021 899 1044 rumore
913 1025 928 1040 α
944 1020 1012 1044 rem
1025 1010 1223 1044 Romanam¹
1239 1009 1311 1042 aliis
1323 1016 1451 1050 quoque

132 1070 148 1085 κ
166 1060 206 1091 ab
225 1060 407 1092 nationibus
420 1060 571 1099 lacerari,
599 1069 701 1100 eoque
722 1059 889 1101 paullatim
909 1060 1014 1091 Africa
1028 1058 1198 1097 decedere,
1215 1066 1253 1088 ac
1266 1065 1358 1097 posse
1377 1055 1452 1087 reli·

133 1117 149 1133 «
166 1115 247 1146 quos
268 1107 515 1146 circumveniri,
542 1107 569 1138 si
584 1107 710 1146 cuncti,
726 1106 842 1147 quibus
866 1106 996 1137 libertas
1009 1105 1140 1137 servitio
1153 1103 1270 1145 potior,
1289 1102 1452 1135 incubuis-

133 1167 148 1180 «
167 1157 237 1186 sent
248 1154 259 1172 ²
270 1168 301 1194 υ,
315 1157 409 1193 auget
419 1154 699 1194 vires‚positisque
713 1154 825 1184 castris
838 1153 1046 1184 Thubuscum
1060 1151 1214 1191 oppidum
1230 1149 1451 1181 circumsidet.

131 1204 165 1233 at
181 1201 346 1233 Dolabella
359 1226 368 1241 ‚
386 1202 552 1232 contracto
569 1201 654 1240 quod
670 1203 739 1231 erat
753 1200 893 1231 militum
907 1223 916 1238 ,
933 1200 1054 1230 terrore
1080 1198 1220 1229 nominis
1246 1196 1402 1237 Romani,
1419 1199 1454 1232 et

130 1249 207 1288 quia
221 1249 369 1280 Numidae
386 1247 531 1287 peditum
547 1248 647 1278 aciem
662 1247 745 1278 ferre
761 1247 947 1286 nequeunt,
970 1245 1074 1286 primo
1087 1245 1134 1276 sui
1152 1243 1280 1275 incessu
1294 1244 1390 1275 solvit
1399 1245 1453 1276 ob-

130 1295 267 1334 sidium,
283 1296 491 1334 locorumque
504 1295 684 1334 opportuna
695 1293 905 1334 permunivit,
916 1293 1010 1324 simul
1025 1292 1182 1333 principes
1198 1290 1453 1324 Musulamorum

131 1342 344 1374 defectionem
358 1342 533 1381 coaptantes
546 1341 650 1372 securi
665 1341 813 1381 percutit.
831 1339 905 1371 dein
919 1364 927 1379 ‚
945 1339 1022 1380 quia
1036 1338 1181 1379 pluribus
1195 1337 1364 1368 adversum
1377 1341 1455 1369 Tac-

134 1390 302 1421 farinatem
320 1387 577 1428 expeditionibus
594 1388 758 1427 cognitum
774 1396 838 1417 non
856 1387 944 1426 gravi
960 1394 1019 1417 nec
1040 1395 1103 1416 uno
1124 1386 1252 1416 incursu
1274 1385 1455 1415 consectan-

133 1437 211 1467 dum
232 1436 357 1467 hostem
374 1443 491 1472 vagum
503 1458 511 1473 ,
539 1434 644 1465 excito
661 1443 736 1465 cum
752 1432 962 1474 popularibus
987 1441 1060 1471 rege
1083 1431 1256 1463 Ptolemaeo
1268 1454 1277 1469 ,
1302 1431 1455 1470 quattuor

131 1482 258 1522 agmina
273 1482 385 1522 parat,
399 1490 472 1520 quae
486 1480 596 1520 legatis
608 1482 666 1512 aut
683 1480 822 1511 tribunis
838 1480 933 1518 data3
949 1479 981 1510 ct
994 1478 1200 1519 praedatorias
1213 1484 1328 1508 manus
1339 1476 1456 1508 delecti

134 1534 318 1561 Maurorum
335 1529 455 1559 duxere
474 1537 482 1558 :
501 1528 569 1567 ipse
584 1527 749 1558 consultor
762 1526 872 1557 aderat
884 1525 1046 1556 omnibus.

175 1581 266 1609 XXV.
291 1579 356 1609 Nec
373 1576 476 1607 multo
491 1578 562 1615 post
577 1576 712 1606 affertur
738 1587 754 1601 «
769 1573 924 1605 Numidas
948 1572 1033 1613 apud
1050 1571 1217 1603 castellum
1241 1570 1431 1602 semirutum
1443 1595 1455 1612 ,

134 1636 152 1652 «ι
169 1624 209 1656 ab
233 1624 308 1665 ipsis
322 1623 485 1663 quondam
498 1622 664 1653 incensum
677 1645 685 1660 ‚
700 1620 751 1652 cui
767 1629 885 1651 nomen
905 1624 1028 1659 Auzea,
1051 1618 1164 1659 positis
1185 1616 1365 1657 mapalibus
1382 1625 1459 1649 oon·

137 1684 154 1699 ει
172 1671 309 1710 sedisse,
328 1670 401 1700 fisos
417 1670 505 1707 loeo,
528 1668 606 1708 quia
622 1667 722 1699 vastis
737 1667 861 1698 circum
885 1666 1020 1697 saltibus
1044 1665 1266 1696 claudebatur.
1281 1676 1297 1691 ι»
1312 1664 1384 1695 tum
1401 1672 1456 1695 ex-

135 1718 252 1760 peditae
268 1717 416 1748 cohortes
431 1717 572 1756 alaeque,
595 1724 693 1755 quam
709 1715 742 1745 in
756 1715 878 1755 partem
891 1713 1084 1744 ducerentur
1099 1712 1233 1751 ignarae,
1250 1710 1315 1742 cito
1331 1710 1457 1750 agmine

135 1766 315 1805 rapiuntur.
336 1763 496 1802 simulque
512 1764 636 1802 coeptus
651 1762 735 1801 dies,
756 1762 788 1792 et
815 1762 970 1792 concentu
987 1759 1141 1790 tubarum
1163 1767 1201 1789 ac
1216 1757 1301 1789 truci
1318 1756 1457 1788 clamore

135 1813 268 1843 aderant
284 1811 492 1842 semisomnos
507 1810 537 1840 in
555 1809 724 1848 barbaros,
741 1807 927 1848 praepeditis
942 1806 1151 1838 Numidarum
1165 1804 1255 1844 equis
1266 1803 1282 1822 '¹
1296 1827 1306 1844 ,
1328 1804 1385 1835 aut
1406 1803 1457 1834 di-

136 1867 247 1891 versos
259 1860 366 1898 pastus
381 1856 629 1897 pererrantibus.
644 1855 684 1886 ab
697 1855 847 1886 Romanis
857 1853 1019 1885 confertus
1032 1851 1140 1893 pedes,
1154 1851 1317 1891 dispositae
1327 1851 1455 1890 turmae,

137 1907 254 1937 cuncta
269 1905 381 1946 proelio
397 1904 526 1945 provisa
542 1912 550 1934 :
571 1902 717 1934 hostibus
734 1901 844 1933 contra
866 1901 1013 1932 omnium
1031 1899 1147 1930 nesciis
1171 1907 1236 1929 non
1258 1905 1365 1936 arma,
1392 1905 1458 1928 non

137 1953 238 1992 ordo,
256 1961 320 1983 non
337 1951 525 1989 consilium,
548 1950 605 1981 sed
627 1957 780 1990 pecorum
808 1947 907 1978 modo
930 1946 1013 1978 trahi
1028 1970 1038 1987 ‚
1062 1945 1184 1980 occidi,
1204 1943 1285 1985 capi.
1313 1943 1458 1974 infensus

138 2000 229 2031 miles
243 1999 397 2030 memoria
413 1998 558 2029 laborum
576 1999 608 2028 et
628 1996 800 2027 adversum
823 1994 988 2026 eludentes
1004 1994 1123 2034 optatae
1147 1992 1242 2024 toties
1266 1998 1402 2031 pugnae,
1422 1997 1459 2022 se

139 2047 272 2086 quisque
286 2046 406 2077 ultione
421 2046 454 2076 et
470 2044 624 2083 sanguine
640 2042 822 2084 explebant.
837 2041 985 2072 differtur
1001 2049 1057 2080 per
1073 2038 1254 2079 manipulos
1264 2059 1273 2076 ,
1301 2035 1458 2074 Tacfari-

140 2096 258 2124 uatem
277 2101 402 2131 omnes,
420 2094 540 2123 notum
558 2092 607 2122 tot
619 2090 774 2132 proeliis,
793 2089 1030 2120 consectentur
1037 2098 1049 2126 ;
1068 2094 1135 2117 non
1160 2085 1225 2116 nisi
1247 2082 1334 2115 duce
1348 2083 1458 2113 inter-

135 2139 229 2180 fecto
245 2141 397 2180 requiem
414 2139 495 2170 belli
509 2138 601 2178 sore.
618 2139 651 2169 at
669 2137 722 2169 ille
733 2161 744 2178 ‚
760 2135 892 2176 deiectis
907 2134 1028 2166 circum
1042 2131 1250 2173 stipatoribus
1260 2154 1270 2172 ,
1283 2130 1460 2168 vinctoque

170 2221 255 2246 XXII.
270 2226 290 2244 ι.
300 2220 341 2244 Ne
355 2220 482 2244 dedecori
496 2220 567 2244 esset
576 2225 662 2249 nepos
673 2218 783 2249 publico
800 2216 929 2247 supplicio
941 2215 1066 2239 arrectus.

171 2255 271 2280 XXlll.
287 2260 307 2279 ι.
319 2256 444 2284 Coeperat
463 2261 485 2278 a.
502 2260 546 2278 7⁷0
557 2260 563 2277 :
574 2260 602 2278 v.
615 2255 646 2284 ll,
660 2259 700 2279 ει.
711 2266 739 2271 -—
751 2258 776 2277 9.
792 2252 864 2277 Furii
875 2250 979 2275 Camilli
993 2250 1034 2278 (ll,
1048 2248 1094 2277 152),
1116 2248 1189 2273 Junli
1201 2246 1276 2272 Blaesi
1287 2246 1340 2276 (ΙΙΙ,
1359 2248 1406 2278 ⁷2),
1419 2249 1459 2278 et,

144 2293 173 2315 ut
190 2291 307 2318 videtur,
326 2291 355 2314 L.
374 2290 483 2318 Apronii
496 2289 554 2318 (lll,
567 2289 614 2317 Ἡ).
625 2301 654 2306 -
666 2295 688 2313 5.
702 2289 771 2313 Nam
791 2287 905 2315 libertis,
921 2286 967 2315 qui
987 2285 1050 2308 olim
1072 2284 1153 2313 servi,
1167 2283 1332 2312 potestatem
1354 2285 1460 2314 regiam

146 2326 306 2356 permiserat
318 2324 485 2348 Ptolemaeus.
497 2336 528 2342 —·
536 2329 559 2348 4.
570 2324 662 2348 Ati-ica
673 2324 746 2348 dicta
754 2341 761 2351 ,
778 2328 840 2353 pars
849 2319 1068 2352 septentrionalis
1077 2318 1168 2342 deleta
1179 2317 1341 2347 Carthagine
1353 2318 1381 2342 in
1393 2324 1460 2349 pro-

146 2361 239 2384 vinciae
251 2360 365 2384 formam
378 2360 496 2383 redacta.

176 2396 270 2420 xxiv.
289 2401 309 2419 ι.
322 2395 465 2424 imperium
479 2396 634 2419 Romanum.
650 2407 679 2411 —
691 2399 715 2417 2.
730 2392 908 2418 irruissentin
920 2392 1061 2415 Romanos.

176 2430 256 2456 XXV.
271 2436 291 2455 ι.
307 2432 371 2455 Nam
384 2430 497 2460 pedibus
509 2430 594 2453 vincti
605 2431 683 2454 erant
695 2429 801 2454 illorum
813 2428 883 2458 equi,
899 2427 961 2450 dum
973 2424 1180 2455 pabulabantur.
