1539 2668
96 185 157 214 470
561 183 596 211 C.
621 181 806 210 CORNELII
829 181 961 209 TAC1T1

95 257 244 299 quotidie
261 257 380 297 aliquid
401 258 564 297 rogentur,
584 255 606 286 ii
623 255 741 295 quibus
757 256 913 295 praestant
928 255 1141 295 indignantur
1153 256 1162 274 ⁷
1178 258 1191 288 f·
1208 256 1294 296 quod
1309 255 1430 296 alligati

93 315 170 337 cum
185 304 390 336 adulatione8
410 313 468 335 nec
485 303 718 343 imperantibus
733 311 888 342 umquam
905 303 983 334 satis
997 303 1082 334 servi
1097 303 1248 335 videntur
1261 312 1320 334 nec
1333 302 1428 334 nobis

94 352 173 383 satis
198 352 316 383 liberi?
332 361 405 391 quae
431 352 502 382 haec
520 359 650 381 summa
674 359 787 381 eorum
807 352 954 390 potentia
969 354 1038 383 est?
1059 352 1188 382 tantum
1206 359 1299 391 posse
1321 349 1427 381 liberti

91 399 198 430 scient
210 400 236 428 ⁹.
255 403 305 430 Me
322 408 401 430 vero
420 399 532 429 dulces
546 423 554 435 ‚
571 401 607 429 ut
621 398 777 437 Virgilius
797 398 842 428 ait
857 399 896 437 ¹⁰,
915 403 1035 438 Musae,
1055 401 1216 430 remotum
1233 407 1251 429 a
1270 397 1426 429 sollicitu-

93 444 226 476 dinibus
239 448 272 477 et
286 446 373 477 curis
388 450 418 476 et
433 446 625 477 necessitate
640 445 784 486 quotidie
801 445 922 486 aliquid
941 448 1055 478 contra
1069 446 1214 477 animum
1229 444 1379 483 faciendi,
1394 444 1427 475 in

93 492 146 524 illa
164 502 256 524 sacra
273 494 406 532 illosque
425 494 531 524 sontes
552 494 674 532 ferant3
693 503 754 524 nec
775 493 925 524 insanum
941 494 966 511 ¹¹
989 494 1073 525 ultra
1089 495 1121 525 et
1139 492 1300 524 lubricum
1320 492 1427 523 forum

93 540 277 580 famamque
298 541 474 580 pallentem
490 540 515 559 ¹²
534 541 678 580 trepidus
699 541 858 581 experiar.
882 550 948 572 non
970 550 1023 572 me
1042 541 1190 572 fremitus
1212 535 1427 571 salutantium

91 596 152 618 nec
176 588 330 619 anhelans
355 587 490 619 libertus
516 588 639 619 excitet
668 587 717 627 '³3
741 596 801 619 nec
825 589 971 619 incertus
994 588 1095 619 futuri
1116 589 1349 619 testamentum
1369 595 1427 627 pro

92 634 225 673 pignore
242 635 265 653 ¹⁴
293 635 453 674 scribam;
478 644 538 666 nec
562 636 634 675 plus
655 635 791 666 habeam
816 644 913 675 quam
939 635 1026 675 quod
1050 636 1171 675 possim
1196 635 1248 666 cui
1268 634 1366 665 veiim
1382 643 1428 666 re-

92 680 236 721 linquere
250 682 292 721 ¹⁵,
309 682 505 722 ‹piandoque
521 683 625 714 fatalis
639 685 671 714 et
686 692 778 713 meus
793 683 862 714 dies
876 682 1005 722 veniat;
1018 684 1205 723 statuarque
1218 682 1347 714 tumulo
1362 690 1425 713 non

92 730 228 760 moestus
249 732 281 760 et
296 732 390 761 atrox
406 730 447 770 ¹⁶,
470 730 526 761 sed
546 730 656 761 hilaris
679 733 710 761 et
724 732 920 769 coronatus3
942 730 975 761 et
993 739 1051 770 pro
1067 730 1223 761 memoria
1241 729 1305 760 mei
1318 729 1342 746 ¹⁷
1366 736 1426 760 nec

91 776 240 808 consulat
256 778 433 817 quisquam
451 787 510 808 nec
528 781 630 816 roget.
648 791 662 804 »

133 827 214 854 le.
236 824 379 855 Vixdum
402 825 529 856 linierat.
553 827 716 857 Maternus
729 850 737 864 ,
760 825 942 856 concitatus
957 826 988 856 et
1006 824 1096 856 velut
1116 825 1305 863 instinctus,
1325 831 1427 864 quum

92 869 272 909 Vipstanus
293 872 447 903 Messala¹
469 873 657 904 cubiculum
680 873 750 912 ejus
766 873 930 911 ingressus
945 874 1015 912 est,
1038 873 1289 912 suspicatusque
1304 880 1343 902 ex
1355 870 1429 910 -ipsa

91 917 272 949 intentione
291 919 492 959 singulorum
515 920 664 951 altiorem
686 920 769 951 inter
789 929 844 951 eos
861 929 932 951 esse
953 928 1135 950 sermonem
1148 944 1156 958 ,
1176 933 1190 946 κ
1207 923 1292 951 Num
1313 924 1428 958 parum

93 964 326 1005 tempestivus,
344 967 451 1006 inquit
465 992 472 1006 ‚
489 967 651 999 interveni
667 970 830 999 secretum
848 967 1022 998 consilium
1038 969 1070 998 et
1086 976 1192 998 causae
1206 966 1346 1005 alicujus
1362 973 1428 996 me·

93 1010 283 1043 ditationem
299 1015 537 1045 tractantibus?
552 1028 566 1041 »
583 1029 623 1036 Γ--
639 1028 653 1042 «
668 1015 811 1053 Minime,
830 1015 984 1054 minime,
1004 1014 1109 1054 inquit
1127 1014 1314 1052 Secundus;
1330 1014 1427 1053 atque

93 1058 173 1090 adeo
196 1061 310 1093 vellem
339 1062 497 1093 maturius
520 1063 762 1094 intervenisseS.
786 1062 977 1094 delectasset
999 1062 1086 1093 enim
1111 1063 1143 1092 te
1168 1062 1200 1092 et
1223 1060 1300 1100 Apri
1322 1062 1427 1093 nostri

91 1108 353 1139 accuratissimus
369 1118 492 1147 sermO,
515 1119 617 1149 quum
635 1113 840 1148 Maternum,
859 1112 895 1140 ut
915 1118 1011 1140 omne
1031 1108 1196 1148 ingenium
1220 1117 1258 1139 ac
1281 1108 1427 1140 studium

93 1160 189 1184 suum
206 1155 247 1185 ad
266 1164 380 1186 causas
392 1156 530 1195 agendas
544 1158 750 1187 converteret
764 1180 772 1195 ,
789 1156 980 1187 exhortatus
995 1158 1044 1186 est
1057 1180 1066 1194 ,
1087 1158 1119 1186 et
1133 1154 1269 1187 Materni
1284 1163 1341 1194 pro
1356 1163 1426 1186 car-

95 1199 240 1232 minibus
255 1203 321 1234 suis
337 1204 410 1233 laeta
422 1227 430 1240 ,
446 1207 545 1243 utque
561 1206 672 1243 poetas
686 1203 817 1234 defendi
830 1203 965 1234 decebat
978 1227 986 1241 ,
1011 1203 1182 1234 audentior
1204 1205 1238 1233 et
1256 1204 1427 1243 poetarum

93 1254 192 1285 quam
218 1253 384 1281 oratorum
407 1251 545 1281 similior
571 1251 687 1281 oratio.
705 1263 719 1278 »
735 1270 776 1276 -
791 1264 805 1277 «
823 1255 873 1281 Me
899 1260 997 1289 vero,
1025 1250 1151 1290 inquit,
1176 1252 1207 1281 et
1230 1259 1336 1281 sermo
1361 1250 1428 1290 ipse

93 1291 218 1326 infinita
244 1298 412 1337 voluptate
433 1298 611 1337 aflecisset,
638 1301 736 1337 atque
775 1298 809 1329 id
832 1298 938 1337 ipsum
964 1297 1123 1336 delectat,
1146 1297 1234 1338 quod
1259 1306 1342 1336 vos,
1365 1297 1428 1328 viri

92 1341 206 1380 optimi
223 1345 256 1374 et
271 1348 454 1384 temporum
482 1348 667 1376 nostrorum
685 1345 866 1383 oratores2,
893 1354 957 1376 non
980 1345 1159 1377 forensibus
1185 1347 1314 1376 tantum
1333 1353 1430 1384 nego-

93 1388 147 1419 tiis
160 1392 192 1420 et
209 1390 441 1423 declamatorio
459 1393 567 1423 studio
581 1393 592 1410 ³
615 1393 745 1431 ingenia
763 1396 870 1423 vestra
887 1392 1044 1423 exercetis
1058 1417 1067 1432 ,
1083 1392 1136 1423 sed
1153 1391 1317 1428 eiusmodi
1331 1392 1428 1422 etiam

93 1435 332 1476 disputationes
358 1440 526 1472 assumitis
539 1465 548 1479 ‚
569 1449 642 1480 quae
663 1442 696 1472 et
715 1440 882 1479 ingenium
900 1440 992 1470 alunt
1012 1441 1044 1470 et
1061 1439 1254 1470 eruditionis
1279 1448 1316 1470 ac
1341 1439 1428 1472 litte-

93 1492 200 1514 rarum
221 1485 501 1524 jucundissimum
521 1488 798 1519 oblectamentum
820 1496 923 1527 quum
947 1486 1063 1527 vobis,
1087 1487 1142 1526 qui
1161 1486 1216 1518 illa
1238 1486 1427 1527 disputate,

92 1530 257 1571 afferunt,
275 1536 346 1565 tum
365 1535 463 1565 etiam
485 1534 524 1566 iis
538 1558 547 1573 ‚
575 1535 613 1566 ad
633 1543 772 1575 quorum
796 1543 892 1565 aures
914 1534 1132 1573 pervenerint.
1157 1535 1270 1574 Itaque
1292 1533 1429 1565 Hercule

94 1586 158 1608 non
176 1579 283 1611 minus
296 1582 423 1620 probari
438 1582 532 1613 video
549 1582 645 1620 inte,
661 1581 807 1613 Secunde
820 1605 828 1620 ,
844 1580 933 1620 quod
947 1580 1025 1611 Julii
1040 1580 1171 1611 Asiatici
1187 1580 1197 1598 ⁴
1220 1581 1321 1612 vitam
1338 1589 1428 1612 com-

94 1627 245 1663 ponendo
265 1636 356 1667 spem
380 1629 567 1660 hominibus
593 1629 700 1659 fecisti
723 1628 867 1668 plurium
889 1626 1051 1666 ejusmodi
1071 1628 1249 1666 librorum,
1271 1636 1371 1667 quam
1394 1628 1428 1659 in

96 1676 181 1712 Apro
193 1698 202 1712 ,
221 1675 308 1714 quod
329 1676 473 1706 nondum
499 1685 517 1707 a
539 1676 743 1707 scholasticis
760 1674 993 1706 controversiis
1011 1676 1143 1706 recessit
1161 1678 1194 1706 et
1210 1676 1314 1706 otium
1330 1684 1428 1706 suum

94 1722 220 1752 mavult
237 1731 397 1753 novorum
418 1723 588 1754 rhetorum
611 1732 702 1755 more
716 1732 813 1763 quam
835 1724 984 1754 veterum
1004 1726 1170 1754 oratorum
1187 1732 1390 1756 consumere.
1411 1737 1426 1752 n

137 1772 202 1800 XV.
221 1773 303 1800 Tum
320 1773 416 1810 Aper,
436 1784 451 1797 «
467 1775 537 1802 Non
557 1771 680 1802 desinis
693 1796 701 1810 ,
720 1770 879 1809 Messala,
900 1772 1012 1802 vetera
1030 1773 1157 1801 tantum
1175 1773 1206 1801 et
1218 1770 1352 1811 antiqua
1366 1771 1428 1802 mi-

94 1816 171 1854 rari,
190 1819 373 1847 nostrorum
391 1820 501 1848 autem
519 1821 704 1857 temporum
722 1817 833 1849 studia
850 1816 986 1848 irridere
999 1819 1098 1858 atque
1111 1819 1340 1850 contemnere?
1353 1827 1429 1850 nam

94 1863 183 1894 hunc
206 1866 299 1894 tuum
318 1873 504 1896 sermonem
528 1874 614 1905 sche
634 1865 768 1905 excepi,
787 1874 889 1905 quum
909 1864 1032 1897 oblitus
1049 1869 1081 1896 et
1097 1866 1164 1896 tuae
1179 1867 1211 1896 et
1229 1866 1334 1897 fratris
1354 1866 1402 1897 tui
1418 1867 1424 1884 ¹

94 1911 288 1951 eloquentiae
312 1912 475 1943 neminem
501 1913 562 1943 hoc
579 1915 727 1953 tempore
749 1915 915 1944 oratorem
935 1921 1004 1944 esse
1024 1912 1257 1952 contenderes3
1283 1916 1380 1954 atque
1396 1913 1430 1944 id

93 1967 132 1989 eo
145 1982 153 1996 ,
170 1958 267 1989 credo
281 1983 289 1998 ,
308 1959 466 1990 audacius
477 1984 485 1999 ,
507 1959 594 2000 quod
612 1959 826 1999 malignitatis
839 1959 1025 2000 opinionem
1042 1968 1107 1991 non
1127 1960 1288 1992 verebaris
1300 1983 1309 1999 ,
1327 1970 1428 2002 quum

97 2071 120 2086 u.
135 2076 162 2079 -
173 2068 196 2085 7.
215 2063 283 2086 Nam
302 2063 392 2092 gravis
410 2064 468 2086 erat
482 2063 575 2086 liberis
594 2064 669 2087 tanta
683 2063 851 2093 singulorum
865 2063 989 2092 potentia
1002 2082 1007 2092 ‚
1022 2064 1086 2093 ipsis
1099 2070 1261 2094 quamquam
1275 2065 1354 2089 utilis.
1366 2078 1392 2082 —
1405 2073 1427 2090 a.

100 2101 166 2123 Dum
180 2098 329 2122 adulationi
343 2098 492 2128 indulgent.
505 2112 528 2114 —
543 2104 565 2122 9.
581 2098 700 2127 Quorum
713 2100 776 2122 nota
789 2098 912 2128 potentia
925 2099 996 2128 apud
1009 2100 1224 2129 Principes—io.
1240 2101 1368 2130 Georqic.
1390 2103 1427 2131 ΙΙ,

102 2140 149 2158 175.
162 2147 188 2150 —
202 2139 238 2157 ιι.
254 2135 350 2157 insano
367 2134 487 2158 clamore
508 2136 692 2163 perstrepens.
708 2135 764 2158 Hoc
778 2140 886 2163 quoque
899 2135 1061 2158 vocabulum
1075 2141 1089 2159 a
1106 2135 1232 2165 Virgilio,
1250 2136 1316 2159 ibid.
1333 2142 1388 2161 502.
1399 2150 1428 2156 -

100 2174 134 2193 ις.
149 2170 182 2194 Ut
196 2175 243 2198 pro
258 2175 308 2197 qua
324 2170 435 2193 timetur
449 2175 511 2193 eum
528 2169 708 2199 pallore—15.
728 2170 809 2194 Mane
823 2171 1033 2199 expergefaciat.
1051 2170 1125 2194 Conf.
1143 2171 1235 2194 Horat.
1249 2170 1306 2194 Sat.
1321 2172 1339 2200 1,
1355 2177 1374 2201 ι,
1388 2177 1425 2197 ιο.

99 2210 169 2229 -Η,
193 2208 233 2229 sc.
263 2206 349 2228 status
372 2205 439 2228 mei:
455 2212 504 2235 pro
528 2207 675 2230 securitate
698 2212 773 2234 mea,
796 2205 840 2229 vel
862 2206 1012 2235 Principem
1032 2206 1076 2230 vel
1099 2207 1225 2234 potentes
1243 2206 1424 2232 inscribendo.

99 2240 177 2264 Cous.
198 2241 269 2264 dicta
285 2241 381 2269 [istrie.
397 2246 421 2264 e.
437 2246 549 2264 45.-ι5.
567 2241 661 2264 Libere
678 2247 737 2264 mea
753 2240 907 2270 relinquere
926 2242 951 2264 ei
965 2242 1009 2264 cui
1023 2241 1179 2265 velim—¹6.
1197 2241 1275 2265 Vultu
1290 2243 1427 2267 causidici.

102 2287 127 2292 -—
140 2281 176 2299 ι7.
190 2276 255 2299 Nam
271 2276 312 2299 vel
327 2277 354 2299 in
370 2277 527 2300 memoriam
540 2276 730 2300 defunctorum
746 2276 809 2299 mali
825 2276 959 2305 Principes
975 2276 1130 2300 saeviebant.

130 2312 197 2335 ΚΝ.
221 2318 240 2335 ι.
262 2313 361 2335 Orator
381 2312 590 2340 celeberrimus,
614 2311 647 2335 de
670 2318 724 2341 quo
740 2312 821 2335 inulta
836 2312 947 2335 Tacitus
960 2312 1034 2336 Hist.
1050 2312 1099 2341 111,
1115 2317 1143 2341 9,
1160 2317 1199 2341 ιι,
1216 2317 1256 2341 18,
1277 2318 1320 2342 25,
1336 2314 1429 2337 etc.-

100 2353 122 2371 2.
137 2347 204 2370 Vide
216 2347 249 2370 de
262 2347 314 2371 hoc
330 2347 462 2371 vocabulo
476 2348 549 2371 dicta
562 2353 585 2371 c.
602 2353 674 2371 1.-3.
691 2347 767 2376 Quod
782 2348 809 2371 in
820 2347 903 2371 rebus
919 2347 989 2371 fictis
1002 2347 1171 2375 versabatur,
1185 2349 1215 2371 ut
1230 2348 1302 2372 infra
1315 2349 1429 2373 schola-

101 2383 179 2408 sticoe
192 2383 402 2406 controversae.
414 2395 442 2400 —
453 2388 473 2406 ιι.
493 2383 636 2406 Memorati
650 2383 724 2407 Hist.
739 2383 775 2410 11,
786 2386 823 2405 94.

134 2418 187 2442 XV.
201 2423 221 2442 ι.
235 2417 314 2442 Haud
330 2418 411 2443 dubie
426 2418 544 2448 Aquilio
559 2418 682 2448 lieyulo,
700 2418 733 2441 de
751 2423 803 2448 quo
818 2417 896 2442 Hist.
908 2417 950 2445 lv,
965 2422 1001 2446 ⁴2,
1013 2418 1041 2442 et
1054 2418 1100 2447 qui
1111 2423 1181 2448 saepe
1194 2419 1362 2443 memoratur
1377 2417 1417 2442 Re
