1539 2668
143 175 204 206 380
497 173 629 203 TAClTl
652 175 927 205 HISTORIARUM
950 175 1024 203 LIB.
1049 175 1104 204 lv.

184 254 247 283 ΧΧ.
269 248 379 281 Batavi
392 257 494 289 quum
522 249 634 280 castris
659 248 880 281 Bonnensibus
904 249 1173 290 propinquarent,
1196 250 1382 290 praemisere
1408 249 1465 290 qui

143 297 304 331 Herennio
327 297 415 328 Gallo
430 296 583 328 mandata
606 296 787 327 cohortium
800 299 997 336 exponeret:
1017 311 1031 321 «
1050 297 1177 328 nullum
1193 297 1252 328 sibi
1271 297 1387 328 bellum
1411 297 1466 329 ad-

145 358 160 373 «
178 354 290 377 versus
306 349 478 383 Romanos,
494 353 551 384 pro
567 343 684 383 quibus
697 343 792 375 toties
809 343 980 375 bellassent
999 354 1005 374 z
1030 345 1124 384 longa
1137 347 1235 384 atque
1249 345 1339 376 irrita
1353 343 1468 375 militia

143 406 159 421 «
178 393 267 425 fessis
285 392 398 432 patriae
411 394 506 431 atque
518 391 574 422 otii
589 390 772 431 cupidinem
786 400 865 423 esse.
882 391 908 423 si
921 400 1014 423 nemo
1028 391 1211 431 obsisteret,
1225 391 1391 422 innoxium
1407 392 1471 424 iter

145 454 160 469 «
179 440 267 480 fore3
282 440 332 471 sin
349 448 438 471 arma
454 440 638 478 occurrant,
656 438 740 470 ferro
754 438 838 469 viam
856 439 1055 471 inventuros.
1076 453 1090 466 »
1109 441 1312 471 cunctantem
1327 440 1469 479 legatum

143 488 261 520 milites
279 487 497 528 perpulerant,
516 486 522 503 ¹
535 485 724 525 fortunam
734 486 853 526 praelii
868 488 1099 527 experiretur.
1119 487 1182 518 tria
1209 486 1308 518 11111113
1328 486 1470 526 legiona-

143 537 264 569 riorum
286 538 317 566 et
331 533 550 566 tumultuariae
572 534 736 573 Belgarum
754 533 911 573 cohortes,
927 533 1023 564 simul
1046 543 1240 573 paganorum
1266 534 1471 574 lixarumque

144 583 271 623 ignava,
297 582 351 613 sed
368 590 484 621 procax
499 582 572 612 ante
592 580 781 620 pericnlum,
799 589 915 611 manus
941 580 1090 612 omnibus
1114 582 1213 621 portis
1229 584 1417 622 erumpunt,
1434 583 1470 612 ut

143 632 279 662 Batavos
304 638 439 660 numero
455 628 594 668 impares
621 628 893 659 circumfundant.
913 627 957 658 illi
975 630 1099 659 veteres
1125 628 1272 659 militiae²
1298 629 1330 659 in
1353 637 1473 661 cuneos

145 680 389 717 congregantur,
407 675 497 707 densi
514 675 656 715 undique
673 677 704 706 et
719 675 857 705 frontem
875 676 1026 714 tergaque
1040 683 1076 705 ac
1094 675 1176 705 latus
1192 676 1266 706 tuti.
1281 675 1327 706 sic
1339 677 1470 708 tenuem

144 725 247 756 aciem
269 726 451 755 nostrorum
474 723 685 763 perfringunt.
705 721 894 752 cedentibus
914 722 1017 761 Belgis
1039 722 1165 762 pellitur
1182 722 1275 761 legio,
1294 724 1325 753 et
1349 723 1471 754 vallum

144 774 315 813 portasque
341 770 456 810 trepidi
481 770 645 810 petebant.
670 769 713 799 1111
740 769 913 809 plurimum
934 769 1034 800 0131115
1055 779 1062 799 :
1081 770 1253 800 cumulatae
1281 769 1472 809 corporibus

144 820 250 859 fossae,
271 827 330 850 nec
346 818 434 849 caede
451 819 576 848 tantum
591 819 623 848 et
638 816 840 856 vulneribus,
864 816 918 847 sed
933 817 1026 847 ruina
1038 818 1070 847 et
1085 817 1152 847 suis
1168 816 1310 856 plerique
1332 817 1404 848 telis
1422 817 1472 849 in-

145 866 270 899 teriere.
287 866 424 897 victores
441 865 565 896 colonia
580 864 860 904 Agrippinensium
875 863 985 903 vltata,
1001 864 1078 894 nihil
1099 867 1205 895 cetero
1220 863 1252 894 in
1279 864 1392 896 itinere
1418 864 1477 896 ho·

144 914 215 946 stile
229 914 311 953 ausi,
327 918 493 944 Bonnense
507 912 653 952 proelium
668 911 877 951 excusabant,
891 910 1074 950 tamquan1³
1088 912 1188 951 petita
1202 920 1292 951 pace,
1304 914 1474 952 postquam

146 962 335 1002 negabatur,
350 960 480 991 sibimet
493 959 552 999 ipsi
569 959 815 990 consuluissent.

187 1012 267 1042 XXI.
285 1008 394 1040 Civilis
405 1007 544 1038 adventu
559 1009 784 1038 veteranarum
800 1006 984 1037 cohortium
996 1006 1074 1045 justi
1088 1006 1154 1045 Jam
1170 1006 1331 1037 exercitus
1345 1006 1474 1047 ductor,

147 1057 205 1090 sed
229 1055 352 1087 Consilii
371 1055 539 1094 ambiguus
561 1057 592 1085 et
610 1054 676 1084 vim
697 1058 874 1085 Romanam
890 1055 1056 1092 reputans,
1072 1055 1204 1084 cunctos
1221 1054 1274 1092 qni
1291 1054 1424 1085 aderant
1441 1055 1475 1086 in

146 1103 244 1137 verba
260 1102 444 1142 Vespasiani
459 1102 570 1140 adigit,
585 1101 747 1140 mittitque
761 1101 882 1139 legatos
897 1100 937 1130 ad
954 1100 1035 1130 duas
1050 1099 1187 1138 legiones
1201 1109 1274 1139 quae
1290 1101 1394 1139 priore
1408 1101 1476 1133 acie

147 1152 249 1193 pulsae
266 1151 297 1180 111
315 1152 430 1180 Vetera
445 1151 548 1180 castra
565 1150 803 1186 concesserant,
819 1149 858 1178 uc
879 1147 968 1178 idem
987 1149 1244 1178 sacrmnenlwn
1267 1149 1473 1187 acciperent.

147 1197 292 1229 redditur
312 1205 500 1236 responsum
514 1220 523 1235 ,
545 1209 558 1222 «
574 1203 678 1234 noque
694 1194 865 1235 proditoris
880 1203 984 1233 neque
1007 1194 1149 1224 1105110111
1174 1202 1208 1225 50
1236 1194 1375 1225 0011511115
1401 1195 1449 1226 011
1467 1204 1474 1226 :

149 1257 164 1271 α
182 1254 249 1276 esse
265 1244 325 1275 sibi
335 1243 497 1274 Vitellium
514 1243 706 1282 Principem,
718 1251 776 1281 pro
790 1250 854 1281 (1110
868 1241 962 1273 tidem
976 1243 1007 1272 01
1020 1250 1108 1271 arma
1121 1250 1222 1280 usque
1235 1241 1272 1271 ad
1291 1250 1477 1281 supremum

150 1306 165 1321 «
183 1292 331 1332 spiritum
351 1292 551 1327 retenturos;
571 1289 704 1329 proinde
717 1288 848 1329 perfuga
861 1290 999 1319 Batavus
1015 1288 1181 1318 arbitrium
1201 1297 1307 1318 rernm
1322 1292 1480 1320 Romana·

150 1352 165 1368 «
185 1347 309 1371 rumne
324 1339 430 1375 ageret
442 1361 450 1375 ,
475 1337 529 1367 sed
549 1337 679 1367 meritas
696 1336 823 1367 sceleris
836 1344 947 1375 poenas
960 1337 1172 1375 exspectaret.
1189 1348 1204 1362 1»
1224 1344 1297 1375 quze
1311 1335 1366 1366 11111
1379 1335 1479 1367 relata

148 1385 250 1424 Civili,
268 1386 415 1416 incensus
432 1384 477 1415 ira
495 1383 676 1415 universam
691 1385 885 1414 Batavorum
899 1384 1025 1422 gentem
1040 1383 1071 1413 in
1087 1392 1176 1413 arma
1194 1383 1285 1422 rapit.
1299 1384 1481 1422 Junguntur

147 1433 289 1465 Bructeri
305 1432 518 1470 Tencterique
534 1431 565 1462 et
583 1431 688 1461 excita
705 1430 826 1461 nuntiis
843 1430 1009 1460 Germania
1024 1430 1065 1460 ad
1079 1429 1220 1469 praulam
1242 1430 1434 1470 famamque.

190 1483 283 1511 XXII.
310 1480 470 1510 Adversus
485 1478 540 1508 has
559 1477 780 1508 concurrentis
808 1476 880 1507 belli
905 1476 1008 1507 minas
1023 1477 1040 1507 l:
1054 1477 1117 1516 gali
1143 1476 1324 1515 legionum,
1353 1476 1482 1508 Munius

148 1531 311 1568 Lupercus
323 1528 355 1558 et
369 1525 533 1557 Numisius
547 1525 658 1563 Rufus,
673 1525 792 1555 vallum
810 1532 981 1564 murosque
997 1524 1178 1554 firmabant.
1205 1524 1360 1554 subversa
1378 1523 1480 1564 longae

149 1574 237 1615 pacis
253 1582 362 1614 opera,
380 1573 464 1604 haud
482 1581 548 1612 proe
563 1572 593 1602 ul
607 1572 720 1602 castris
735 1572 767 1601 in
782 1571 911 1601 modum
927 1570 1092 1610 municipii
1110 1572 1273 1600 exstructa
1292 1570 1315 1609 ¹,
1330 1578 1369 1600 ne
1383 1571 1480 1601 hosti-

149 1622 209 1653 bus
223 1621 294 1652 115111
313 1622 424 1651 forent.
449 1618 504 1650 sed
520 1628 632 1658 parum
653 1618 815 1658 provisum
834 1619 869 1648 ut
886 1618 987 1656 copiae
1001 1617 1012 1634 ²
1028 1618 1059 1646 in
1078 1619 1182 1647 castra
1197 1617 1453 1647 conveherentur
1470 1625 1479 1646 z

150 1669 217 1709 rapi
235 1668 417 1708 permisere.
436 1666 481 1696 ita
497 1666 606 1705 paucis
621 1665 735 1695 diebus
755 1674 809 1704 per
826 1664 987 1695 licentiam
1004 1663 1173 1702 absumpta
1186 1666 1261 1694 sunt
1275 1672 1348 1703 qnae
1365 1663 1479 1695 adver·

149 1724 203 1747 sus
217 1715 421 1746 necessitates
434 1713 464 1742 in
482 1713 611 1751 longum
624 1711 835 1742 suffecissent.
859 1710 968 1742 Civilis
986 1710 1127 1741 medium
1145 1719 1259 1749 agmen
1274 1719 1348 1741 cum
1366 1710 1481 1743 robore

150 1764 343 1794 Batavorum
358 1760 507 1791 obtinens
519 1784 526 1798 ,
546 1763 715 1798 utramque
730 1758 831 1789 Rheni
850 1757 965 1797 ripam,
983 1766 1049 1796 quo
1067 1757 1280 1787 truculentior
1300 1757 1368 1788 visu
1385 1757 1480 1799 soret,

152 1813 381 1842 Germanorum
400 1806 535 1837 catervis
552 1806 702 1845 complet,
721 1805 900 1836 assultante
916 1813 970 1844 per
989 1812 1120 1843 campos
1136 1804 1253 1844 equite.
1270 1803 1365 1835 simul
1382 1813 1481 1836 naves

151 1858 184 1889 in
201 1856 370 1888 adversum
388 1863 514 1885 amnem
532 1853 718 1892 agebantur.
739 1852 812 1883 111110
829 1853 1053 1883 veteranarum
1071 1851 1252 1882 cohortium
1277 1852 1379 1891 sigua,
1406 1852 1480 1884 inde

150 1905 350 1945 depromptae
364 1902 453 1933 silvis
467 1901 588 1931 lucisve
603 1900 743 1931 ferarum
759 1899 913 1939 imagines
924 1900 949 1938 ³,
964 1900 999 1929 ut
1011 1899 1127 1938 cuique
1140 1898 1225 1938 genti
1239 1898 1320 1929 inire
1330 1898 1481 1938 proelium

152 1960 222 1983 mos
238 1952 297 1989 est,
317 1950 418 1980 mixta
436 1948 507 1979 belli
529 1947 630 1978 civilis
647 1947 836 1986 externique
862 1945 942 1976 facie
963 1944 1243 1984 obstupefecerant
1268 1945 1423 1977 obsessos.
1449 1946 1481 1978 et

151 2007 240 2039 spem
268 1995 526 2037 oppugnantium
553 1994 690 2034 augebat
714 1993 892 2033 amplitudo
917 1992 1011 2032 valli,
1041 1992 1127 2032 quod
1155 1992 1282 2023 duabus
1305 1992 1482 2032 legionibus

151 2046 249 2078 situm
266 2044 274 2062 ⁴
298 2044 349 2074 vix‘
372 2043 513 2083 quinque
533 2041 629 2072 millia
642 2043 840 2073 armatorum
857 2039 1102 2071 110111300101115
1123 2039 1302 2071 tuebantur.
1320 2039 1375 2070 sed
1399 2039 1481 2070 lixa-

152 2101 225 2123 rum
240 2091 414 2122 multitudo
427 2089 555 2120 turbata
569 2097 647 2129 pace
665 2088 743 2119 illuc
756 2088 947 2127 congregata
963 2088 996 2118 et
1012 2086 1097 2117 bello
1116 2086 1263 2117 ministra
1285 2086 1408 2117 aderat.

193 2142 301 2170 XXIII.
321 2142 396 2170 Pars
412 2140 592 2169 castrorum
608 2137 641 2168 in
657 2136 771 2168 collem
789 2135 903 2167 leniter
916 2143 1101 2174 exsurgens,
1115 2143 1187 2174 pars
1208 2143 1302 2174 aequo
1315 2133 1475 2166 adibatur.

180 2244 240 2268 ΧΧ.
259 2249 279 2267 ι.
296 2242 406 2272 simple,
421 2243 570 2270 monentes,
585 2241 734 2266 hortantes.
750 2241 837 2266 Aliter
848 2241 882 2265 ut
894 2239 1028 2270 particula
1042 2239 1139 2264 abesse
1153 2239 1319 2268 nequit—2.
1334 2239 1410 2264 Conf.
1421 2240 1477 2265 not.

152 2285 165 2303 :3
179 2278 212 2303 ad
228 2280 303 2302 Ami.
320 2280 343 2304 1,
362 2283 453 2301 zo.—3.
469 2278 528 2305 Pro,
543 2282 575 2300 ac
587 2278 619 2301 si.

181 2314 262 2338 xxu.
285 2320 302 2337 ι.
330 2314 446 2337 ‘Edificia
461 2319 519 2343 quae
536 2313 689 2343 postulante
711 2319 761 2338 usu
781 2312 890 2338 annecti
909 2310 1033 2336 solebant
1047 2310 1152 2334 stativis
1175 2310 1270 2334 castris
1292 2311 1339 2334 aut
1356 2309 1479 2335 hibernis

151 2348 304 2378 legionunu
318 2349 391 2378 lixis,
409 2349 607 2373 mercatoribus
619 2368 624 2379 ,
640 2349 751 2373 advenis
766 2348 824 2373 aliis
836 2346 1190 2386 deversoriayocabantur
1203 2346 1261 2370 haec
1273 2345 1478 2375 proce-stria.-

151 2396 173 2414 2.
188 2390 301 2414 Cibaria.
316 2403 342 2406 —
353 2395 375 2414 3.
388 2391 426 2414 De
438 2390 481 2414 his
501 2397 525 2414 v.
543 2392 637 2414 Germ.
653 2396 676 2415 c.
690 2395 711 2414 ⁷.
726 2402 756 2408 —·
774 2395 799 2416 4.
816 2390 937 2414 Positum
949 2407 955 2417 ,
969 2388 1123 2417 κειμενον·
1137 2401 1162 2404 -
1174 2392 1199 2411 ες.
1220 2387 1336 2412 Militum
1353 2386 1478 2416 legiona-

150 2427 253 2453 riorum
266 2446 271 2457 ‚
287 2429 386 2458 praeter
398 2428 549 2453 auxiliares
565 2429 617 2453 Sed
631 2429 746 2454 delenda
759 2429 868 2454 videtur
881 2433 935 2454 vox
947 2426 1145 2452 Romanorum
