1539 2668
493 147 532 178 A.
553 147 595 177 U.
618 145 654 177 C.
678 145 751 177 822.
775 145 813 176 A.
833 147 867 177 C.
893 147 946 178 69.
1316 149 1377 182 309

50 226 181 261 additus
203 224 325 258 Annius
343 222 455 255 Gallus
469 231 542 254 cum
556 220 715 253 Vestricio
730 221 892 261 Spurinna
907 220 947 252 ad
966 221 1174 262 occupandas
1194 224 1270 256 Padi
1291 225 1376 266 ripas

51 274 261 316 praemissus,
287 270 439 312 quoniam
461 269 566 311 prima
583 268 791 300 consiliorum
818 268 939 300 frustra
956 268 1157 310 ceciderant,
1181 271 1378 312 transgresso

49 330 116 362 Jam
132 321 225 362 Alpes
238 318 362 352 Caecina
372 342 380 357 ,
395 325 492 359 quem
506 316 574 348 sisti
598 316 683 347 intra
699 316 814 348 Gallias
834 325 925 357 posse
939 320 1135 358 speraverat.
1151 318 1258 358 ipsum
1276 321 1379 354 Otho-

52 378 131 403 nem
153 366 395 400 comitabantur
419 364 656 406 speculatorum
680 364 762 395 lecta
784 373 923 405 corpora
943 364 969 405 ²,
990 373 1064 396 cum
1086 366 1202 397 ceteris
1222 369 1379 407 praetoriis

53 416 241 449 cohortibus
264 413 406 446 veterani
429 421 446 444 e
464 412 639 453 praetorio,
665 411 872 443 classicorum
899 411 910 430 ³
933 413 1045 452 ingens
1067 421 1232 445 numerus.
1251 424 1310 446 nee
1335 416 1380 448 illi

53 472 149 504 segne
171 463 227 495 aut
249 463 437 501 corruptum
460 460 539 491 luxu
560 459 633 499 iter,
655 459 711 490 sed
727 459 825 491 lorica
846 460 947 491 ferrea
969 468 1044 492 usus
1064 462 1130 500 est,
1153 462 1186 492 et
1199 463 1273 494 ante
1291 463 1382 503 signa

16 511 19 532 Γ
53 512 217 552 pedester,
237 507 411 547 horridus,
433 507 617 548 incomptus
642 507 799 547 famaeque
823 507 997 539 dissimilis.

16 550 20 563 ¹
98 562 163 591 XII.
192 555 419 589 Blandiebatur
437 555 552 596 coeptis
577 556 731 596 fortuna
755 563 902 595 possessa
919 564 974 595 per
988 564 1075 587 mare
1089 557 1121 587 et
1146 565 1246 589 naves
1264 558 1384 597 majore

16 608 25 646 l
54 606 155 639 Italiae
181 606 297 646 parte,
321 603 452 644 penitus
479 612 581 643 usque
606 603 646 634 ad
670 603 799 634 initium
833 603 1071 635 maritimarum
1097 603 1238 643 Alpium
1264 606 1384 646 quibus

54 653 218 686 tentandis
242 651 530 692 aggrediendaeque
555 650 731 691 provinciae
753 650 951 682 Narbonensi
978 650 1130 682 Suedium
1161 652 1358 685 Clementem
1373 677 1382 693 ,

55 700 231 734 Antonium
250 699 440 737 Novellum‚
459 698 626 730 AEmilium
651 701 823 729 Pacensem
841 698 939 729 duces
963 698 1095 730 dederat
1117 698 1140 731 ¹.
1161 699 1216 731 sed
1237 701 1386 733 Pacensis

55 757 113 789 per
134 747 299 779 licentiam
325 746 466 777 militum
489 746 636 785 vinctus;
663 746 803 777 Antonio
826 746 959 777 Novello
982 746 1070 777 nulla
1093 748 1292 779 auctoritas:
1311 752 1386 780 Sue-

56 795 129 827 dius
150 795 296 827 Clemens
319 794 491 825 ambitioso
510 793 646 832 imperio
665 793 816 833 regebat,
840 795 876 824 ut
898 793 1053 824 adversus
1078 792 1271 825 modestiam
1291 795 1388 827 disci-

57 842 156 883 plinae
178 843 352 881 corruptus
376 840 401 880 ²,
428 841 472 871 ita
493 839 679 880 proeliorum
703 840 830 870 avidus.
853 849 917 871 non
944 840 1033 871 ltalia
1057 840 1139 870 adiri
1166 849 1223 872 nec
1248 841 1318 873 loca
1340 852 1389 876 se·

57 889 178 930 desque
201 889 313 930 patriae
342 888 534 919 videbantur
562 896 569 917 :
593 888 751 927 tanquam
777 889 910 918 externa
934 887 1041 919 littora
1064 889 1096 919 et
1123 888 1215 919 urbes
1249 889 1388 924 hostium

58 945 170 977 urere,
199 938 348 974 vastare,
374 943 504 976 rapere,
528 943 566 965 eo
594 934 736 965 atrocius
762 934 848 975 quod
872 934 950 966 nihil
979 943 1115 975 usquam
1144 936 1310 975 provisum
1335 939 1390 970 ad-

58 993 189 1017 versum
212 986 331 1015 metus.
349 983 432 1024 pleni
454 982 542 1022 agri,
558 983 678 1022 apertae
697 982 825 1013 domus.
846 984 1055 1013 occursantes
1070 983 1191 1013 domini
1207 983 1300 1023 juxta
1316 994 1391 1018 con-

57 1031 148 1072 juges
165 1033 197 1063 et
219 1031 335 1063 liberos
362 1031 535 1062 securitate
557 1028 646 1069 pacis
668 1031 699 1061 et
722 1030 796 1062 belli
819 1031 904 1061 malo
928 1030 1280 1063 circumveniebantur.
1297 1034 1379 1066 mari

58 1079 155 1111 timas
177 1080 248 1110 tum
273 1078 368 1118 Alpes
394 1077 524 1109 tenebat
550 1080 739 1117 procurator
768 1077 886 1109 Marius
912 1080 1067 1109 Maturus.
1097 1077 1124 1109 is
1148 1078 1275 1110 concita
1297 1081 1392 1120 gente

60 1125 130 1163 (nec
149 1125 238 1158 deest
256 1125 426 1165 juventus)
454 1132 562 1156 arcere
589 1124 766 1165 provinciae
789 1124 907 1156 tinibus
931 1125 1132 1156 Othonianos
1156 1125 1306 1158 intendit.
1335 1128 1390 1160 sed

60 1173 166 1213 primo
188 1173 312 1214 impetu
329 1172 403 1203 caesi
426 1171 621 1212 disjectique
646 1172 810 1211 montani,
829 1175 865 1203 ut
882 1172 1000 1212 quibus
1024 1175 1142 1203 temere
1161 1172 1304 1205 collectis
1326 1184 1389 1207 non

62 1222 184 1260 castra,
200 1229 265 1252 non
285 1219 402 1252 ducem
421 1219 657 1251 noscitantibus
676 1227 782 1260 neque
802 1220 835 1250 in
857 1219 995 1251 victoria
1011 1218 1111 1251 decus
1132 1222 1217 1252 esset
1234 1229 1337 1261 neque
1359 1222 1390 1254 in

61 1269 136 1309 fuga
156 1268 322 1308 flagitium.

103 1319 184 1348 XlIl.
208 1315 354 1347 Irritatus
374 1323 411 1346 eo
431 1314 545 1355 proelio
571 1314 709 1346 Othonis
734 1314 826 1346 miles
849 1315 947 1346 vertit
967 1315 1029 1346 iras
1051 1316 1084 1346 in
1108 1315 1320 1356 municipium
1341 1316 1391 1348 Al-

62 1364 152 1396 bium
174 1362 391 1394 Intemelium.
417 1362 535 1403 quippe
558 1362 591 1393 in
615 1362 683 1393 acie
705 1362 783 1394 nihil
802 1362 921 1402 praedae
940 1373 946 1393 :
969 1362 1080 1402 inopes
1105 1364 1248 1402 agrestes
1271 1364 1303 1394 et
1317 1363 1390 1394 vilia

60 1419 150 1443 arma
174 1419 182 1441 ε
209 1418 269 1441 nec
291 1409 362 1450 capi
386 1411 557 1450 poterant,
582 1409 696 1450 pernix
713 1418 814 1449 genus
837 1413 869 1441 et
885 1410 974 1449 gnari
998 1410 1158 1441 locorum.
1184 1410 1238 1441 sed
1265 1409 1379 1441 calami

60 1457 181 1489 tatibus
196 1457 373 1489 insontium
390 1457 518 1497 expleta
539 1457 688 1488 avaritia.
708 1457 806 1488 Auxit
829 1457 986 1488 invidiam
1008 1457 1162 1498 praeclaro
1182 1457 1330 1498 exemplo
1353 1457 1389 1490 se-

61 1505 149 1536 mina
171 1505 285 1545 Ligus,
312 1513 386 1544 quae
406 1505 472 1535 silio
493 1503 605 1535 abdito
620 1527 628 1543 ,
653 1513 755 1545 quum
778 1505 874 1536 simul
902 1505 1074 1545 pecuniam
1099 1505 1258 1535 occultari
1275 1504 1393 1536 milites

61 1551 272 1584 credidissent
289 1560 391 1592 eoque
415 1560 473 1592 per
492 1551 659 1582 cruciatus
682 1553 945 1592 interrogarent
972 1552 1029 1584 ubi
1047 1551 1169 1592 filium
1195 1552 1393 1584 occuleret?

61 1601 191 1631 uterum
206 1598 381 1631 ostendens
400 1598 509 1630 latere
527 1598 707 1639 respondit.
728 1608 788 1631 nec
806 1599 881 1631 ullis
897 1599 1016 1632 deinde
1031 1599 1206 1658 terroribus
1220 1600 1277 1631 aut
1290 1598 1392 1630 morte

62 1647 277 1679 constantiam
296 1646 385 1677 vocis
401 1646 536 1686 egregiae
551 1646 704 1678 mutavit.

104 1698 185 1726 XIV.
212 1696 401 1726 Imminere
426 1695 616 1733 provinciae
642 1693 861 1725 Narbonensi
892 1695 927 1725 in
959 1693 1064 1726 verba
1097 1694 1226 1726 Vitellii
1256 1693 1392 1725 adacta:

62 1742 207 1774 classem
226 1741 369 1772 Othonis
386 1740 504 1780 trepidi
523 1740 629 1771 nuntii
647 1740 747 1772 Fabio
761 1741 888 1772 Valenti
903 1741 1054 1773 attulere.
1076 1741 1210 1773 aderant
1227 1741 1321 1781 legati
1337 1749 1393 1772 co·

61 1788 222 1820 loniarum
240 1787 398 1818 auxilium
416 1790 556 1818 orantes.
576 1787 659 1818 duas
674 1791 878 1828 Tungrorum
895 1788 1059 1828 cohortes,
1075 1792 1229 1829 quattuor
1247 1787 1392 1828 equitum

61 1838 188 1868 turmas
200 1859 208 1874 ‚
224 1835 409 1865 universam
427 1837 641 1865 Treverorum
660 1835 742 1866 alam
763 1843 837 1865 cum
855 1835 943 1866 Julio
960 1835 1101 1866 Classico
1117 1836 1270 1875 praesecto
1284 1834 1392 1865 misit:

62 1892 80 1915 e
97 1882 218 1923 quibus
235 1890 309 1922 pars
327 1881 358 1912 in
377 1880 506 1912 colonia
523 1880 734 1921 Forojuliensi
760 1884 886 1913 retenta
898 1905 906 1919 ‚
928 1891 968 1913 ne
988 1882 1140 1913 omnibus
1162 1882 1264 1922 copiis
1281 1881 1314 1912 in
1333 1883 1392 1913 ter-

64 1931 167 1961 restre
199 1928 260 1960 iter
289 1929 390 1959 versis
419 1936 524 1959 vacuo
551 1928 631 1959 mari
670 1928 782 1960 classis
809 1928 1011 1961 acceleraret.
1045 1929 1219 1961 duodecim
1245 1928 1393 1969 equitum

63 1978 182 2008 turmae
204 1978 236 2007 et
261 1975 335 2006 lecti
351 1984 368 2006 e
386 1975 576 2007 cohortibus
600 1975 757 2007 adversus
778 1976 902 2008 hostem
919 1976 985 2008 iere
999 2002 1006 2016 ‚
1029 1977 1148 2017 quibus
1170 1976 1325 2017 adJ'uncta
1341 1974 1392 2007 Li-

63 2032 180 2064 gurum
199 2023 337 2063 cohors,
360 2025 455 2054 vetus
477 2023 541 2054 loci
559 2023 719 2054 auxilium
732 2046 740 2062 ‚
760 2025 793 2055 et
809 2023 977 2064 quingenti
996 2024 1152 2055 Pannonii
1170 2023 1315 2055 nondum
1331 2022 1392 2054 sub

63 2070 174 2110 signis.
201 2079 263 2102 nec
284 2079 375 2102 mora
401 2069 513 2111 proelio
528 2094 537 2109 ‚
558 2069 613 2101 sed
639 2070 706 2102 acie
728 2071 734 2088 ¹
756 2070 801 2102 ita
824 2071 1003 2111 instructa,
1031 2072 1066 2102 ut
1091 2080 1162 2112 pars
1184 2071 1393 2103 classicorum

65 2118 176 2150 mixtis
198 2118 330 2159 paganis
354 2117 387 2148 in
420 2118 518 2149 colles
549 2117 630 2148 mari
657 2118 857 2159 propinquos
883 2121 1092 2159 exsurgerem
1119 2121 1278 2159 quantum
1307 2117 1392 2149 inter

64 2165 166 2197 colles
190 2173 228 2196 ac
250 2164 343 2197 littus
360 2165 446 2206 aequi
467 2164 551 2204 loci,
576 2166 791 2206 praetorianus
809 2166 898 2197 miles
921 2166 1086 2206 expleret3
1105 2167 1138 2197 in
1163 2166 1232 2206 ipso
1254 2164 1335 2196 mari
1357 2164 1392 2194 ut

62 2220 193 2243 annexa
209 2212 322 2244 classis
340 2214 372 2244 et
395 2221 512 2253 pugnae
538 2216 648 2253 parata
671 2221 827 2244 conversa
849 2212 860 2230 ²
884 2214 917 2244 et
938 2213 1057 2245 minaci
1082 2213 1188 2245 fronte
1215 2211 1391 2253 praetende·

64 2285 251 2309 arcessiverat
261 2286 357 2310 contra
369 2285 520 2310 Vindicem.
537 2298 566 2303 —
579 2290 601 2310 2.
617 2287 655 2310 De
669 2285 765 2316 quibus
782 2286 815 2310 ad
830 2286 850 2315 1,
863 2290 955 2311 εει-υ.
970 2286 1093 2312 Nondum
1105 2287 1132 2310 in
1143 2287 1243 2316 justam
1257 2284 1391 2314 legionem

68 2320 292 2350 conscriptorum.

100 2354 155 2378 ΧΗ.
170 2360 189 2378 ι.
205 2356 243 2379 De
256 2355 298 2378 his
310 2361 389 2385 supra
404 2356 506 2381 dictum
521 2358 540 2384 1,
551 2361 641 2381 87.-2.
655 2357 749 2382 Animo
760 2357 788 2382 in
805 2357 979 2383 ambitionem
993 2359 1124 2388 corrupto
1139 2357 1289 2381 modestam
1308 2355 1389 2379 disci-

67 2390 168 2420 plinam
183 2390 291 2414 dissolvi
304 2391 406 2415 sinens.

99 2424 168 2449 xlv.
183 2429 202 2448 ι-
216 2424 498 2452 Othonianorum—2.
513 2427 583 2458 Non,
598 2429 628 2453 ut
645 2428 789 2459 assolebat,
801 2429 944 2460 puppibus,
961 2429 1009 2455 sed
1026 2429 1116 2461 proris
1136 2429 1163 2454 et
1185 2428 1284 2458 rostris*
1302 2422 1399 2459 littori¹
