1539 2668
130 147 188 180 176
522 150 657 180 TACITI
678 151 887 180 ANNALIUM
910 151 982 178 LIB.
1008 151 1063 178 XII

127 225 249 264 patrias
264 227 347 257 artes
371 225 521 265 edoctus,
549 225 700 265 claraque
720 226 806 257 inter
827 224 952 256 accolas
980 225 1075 255 sama.
1100 224 1127 255 is
1143 224 1314 256 modicum
1327 226 1451 259 Iberiae

129 280 274 311 reqnum
290 274 427 304 senecta
437 274 554 312 patris
573 272 719 303 detineri
745 273 882 304 ferocius
900 272 1106 312 crebriusque
1127 271 1270 310 jactabat
1294 282 1391 313 quam
1415 276 1451 306 ut

126 319 310 358 cupidinem
325 319 513 350 occultaret.
532 319 630 358 igitur
649 319 880 351 Pharasmanes
893 320 1045 359 juvenem
1066 318 1220 358 potentiae
1238 321 1396 360 promptae
1418 322 1452 353 et

124 366 233 397 studio
249 366 452 406 popularium
468 366 664 405 accinctum,
682 366 887 406 vergentibus
901 366 966 406 Jam
981 366 1074 397 annis
1095 366 1175 405 suis,
1193 368 1341 398 metuens
1356 367 1450 399 aliam

126 411 165 442 ad
184 421 273 453 spem
287 414 411 444 trahere
424 416 455 444 et
471 415 669 444 Armeniam
685 415 860 452 ostentare,
874 413 987 453 pulsis
1004 413 1160 451 Parthis,
1176 413 1301 444 datam
1316 414 1453 446 Mithri-

125 458 202 490 date¹
217 469 239 491 a
252 463 357 492 semet
375 460 586 491 memorando
603 469 610 490 z
629 460 684 491 sed
699 462 768 492 vim
786 459 1043 500 differendam,
1062 461 1097 490 et
1118 462 1287 499 potiorem
1311 460 1429 492 dolum
1441 484 1451 500 ,

125 516 192 548 quo
205 509 387 539 incautum
400 509 648 547 opprimerent.
666 507 710 539 ita
727 507 956 539 Rhadamistus
966 530 975 545 ,
989 507 1142 538 simulata
1153 506 1310 538 adversus
1326 509 1452 547 patrem

125 554 304 592 discordia,
328 557 489 593 tamquam
513 562 659 585 novercae
684 554 768 585 odiis
788 554 892 594 impar
912 553 1015 594 pergit
1032 553 1072 584 ad
1089 556 1263 593 patruum;
1287 553 1453 594 multaque

126 601 166 632 ab
183 610 221 632 eo
235 601 389 632 comitate
405 601 437 631 in
456 601 594 641 speciem
609 601 745 632 liberum
759 601 770 618 ²
787 602 893 632 cultus
905 625 914 640 ‚
932 601 1090 640 primores
1106 601 1332 632 Armeniorum
1347 601 1388 632 ad
1401 609 1452 632 res

125 658 226 680 novas
240 648 351 686 illicit,
367 648 479 687 ignaro
491 650 524 679 et
540 651 675 679 ornante
687 648 818 689 insuper
834 647 1031 679 Mithridate.

125 701 129 726 t
167 699 258 726 XLV.
281 695 565 726 Reconciliationis
593 695 699 736 specie
722 697 888 735 assumpta
909 719 918 733 ‚
944 702 1109 733 regressus
1128 694 1168 726 ad
1193 695 1317 734 patrem
1342 719 1351 733 ,
1375 703 1454 736 quae

116 742 254 782 fraude
271 742 388 782 confici
399 744 600 782 potuerint,
616 744 781 782 prompta
797 742 942 781 nuntiat,
957 743 1073 773 cetera
1098 743 1206 773 armis
1222 741 1452 782 exsequenda.

126 790 258 822 Interim
275 790 507 821 Pharasmanes
523 790 595 820 belli
611 798 723 821 causas
738 789 892 829 contingit
910 798 917 818 :
930 789 1112 829 proelianti
1129 789 1194 820 sibi
1210 788 1377 820 adversus
1401 796 1454 820 re-

125 847 201 878 yem
223 837 437 869 Albanorum
465 839 498 868 ct
522 840 690 869 Romanos
711 837 844 868 auxilio
864 838 997 868 vocanti
1019 835 1179 876 fratrem
1208 835 1453 875 adversatum,

126 892 270 925 eamque
290 886 459 924 injuriam
484 885 614 916 eoecidio
634 887 742 925 ipsius
765 886 882 917 ultum
900 886 1045 916 iturum.
1069 884 1165 915 simul
1195 893 1326 924 magnas
1344 884 1455 924 copias

125 932 191 963 filio
205 932 348 963 tradidit.
365 931 418 963 ille
433 932 610 972 irruptione
624 932 732 963 subita
748 932 899 963 territum
916 935 1118 971 exutumque
1138 930 1262 971 campis
1285 930 1455 962 Mithrida·

126 983 191 1011 tem
210 979 367 1019 compulit
392 979 425 1010 in
449 979 618 1010 castellum
647 983 787 1011 Gorneas
800 1003 809 1017 ,
835 981 942 1010 tutum
961 978 1032 1009 loco
1052 987 1089 1010 ac
1118 978 1266 1018 praesidio
1285 978 1427 1010 militum
1443 1001 1453 1016 ,

127 1027 201 1066 quis
215 1027 330 1057 Caclius
347 1025 446 1056 Pollio
461 1027 632 1065 prwtcctus
644 1050 653 1065 ‚
670 1026 817 1057 centurio
834 1025 1001 1065 Casperius
1019 1029 1164 1065 praeerat.
1183 1025 1263 1056 nihil
1283 1026 1349 1057 tam
1364 1025 1454 1066 igna-

125 1083 199 1105 rum
213 1073 360 1104 barbaris
377 1081 473 1112 qnam
493 1073 752 1104 machinamenta
767 1076 799 1103 et
812 1076 901 1103 astus
917 1074 1196 1112 oppugnationum
1215 1082 1223 1102 ε
1241 1072 1287 1112 [at
1302 1072 1394 1104 nobis
1416 1081 1454 1105 ea

125 1130 199 1162 pars
214 1120 337 1151 militiae
353 1119 492 1150 maxime
511 1128 608 1158 gnara
623 1119 699 1160 est]
714 1120 719 1137 ¹
740 1120 784 1150 ita
794 1120 1036 1159 Rhadamistus,
1049 1119 1167 1150 frustra
1181 1119 1232 1150 vel
1248 1128 1321 1150 cum
1335 1119 1455 1151 damno

125 1168 259 1200 tentatis
277 1166 524 1205 munitionibus,
542 1166 705 1197 obsidium
722 1167 853 1207 incipit3
870 1170 902 1197 et
916 1175 1017 1206 quum
1037 1166 1087 1197 vis
1105 1166 1314 1206 negligeretur
1328 1166 1339 1184 ²
1354 1191 1363 1206 ‚
1378 1175 1455 1198 ava-

126 1215 231 1247 ritiam
246 1214 388 1255 praefecti
403 1215 599 1252 emereatur,
615 1213 796 1245 obtestante
809 1213 960 1254 Casperio
973 1238 981 1252 ‚
999 1221 1042 1244 ne
1059 1215 1169 1244 socius
1186 1222 1270 1252 reae,
1288 1222 1330 1245 ne
1342 1216 1455 1245 Arme-

124 1262 337 1298 '71ia,donum
348 1261 470 1300 populi
485 1261 776 1298 Romcmz',scelere
790 1262 823 1291 et
837 1262 984 1300 pecunia
1000 1262 1221 1291 verterentur
1237 1259 1262 1290 ³.
1277 1262 1454 1301 postrem0‚

127 1308 203 1348 quia
221 1307 461 1339 multitudinem
476 1307 619 1337 hostium
634 1307 746 1346 Pollio,
758 1307 847 1346 jussa
864 1307 965 1347 patris
980 1306 1211 1337 Rhadamistus
1227 1307 1455 1347 ostendebant,

127 1359 241 1396 pactus
267 1355 413 1386 inducias
437 1354 599 1393 abscedit,
617 1356 671 1392 ut,
695 1354 754 1384 nisi
782 1354 1016 1385 Pharasmanen
1040 1354 1121 1385 bello
1146 1355 1395 1393 absterrnisset,
1414 1358 1451 1385 T.

128 1402 329 1435 Ummidium
352 1401 552 1441 Quadratum
568 1425 575 1439 ‚
594 1401 766 1440 praesidem
790 1401 902 1443 Syriae,
921 1401 1054 1432 doceret
1071 1410 1135 1440 quo
1149 1401 1182 1431 in
1196 1403 1279 1432 statu
1294 1401 1455 1432 Armeniae

127 1452 243 1482 forent.

168 1500 272 1528 XLVI.
294 1496 445 1535 Digressu
464 1495 661 1527 centurionis
677 1495 766 1527 velut
789 1495 923 1526 custode
944 1496 1110 1526 exsolutus
1136 1495 1306 1535 praefectus
1334 1495 1455 1527 hortari

128 1544 334 1576 Mithridaten
360 1542 399 1573 ad
415 1542 625 1573 sanciendum
640 1542 745 1574 foedus
759 1567 767 1582 ,
791 1555 806 1569 ιι
823 1541 1085 1580 conjunctionem
1109 1543 1243 1573 fratrum
1261 1551 1298 1573 ac
1315 1542 1454 1582 priorem

129 1604 144 1618 u
160 1593 253 1622 aetate
270 1590 507 1621 Pharasmanen
522 1591 554 1620 ct
570 1593 675 1621 cetera
692 1590 968 1621 necessitudinum
984 1590 1114 1620 nomina
1128 1603 1143 1616 »
1160 1590 1312 1628 reserens,
1338 1602 1353 1616 «
1366 1589 1455 1629 quod

128 1651 144 1664 α
160 1638 258 1668 filiam
273 1637 342 1676 ejus
360 1637 393 1667 in
413 1635 620 1666 matrimonio
647 1636 778 1668 haberet
791 1660 799 1675 ,
822 1635 909 1676 quod
932 1636 999 1676 ipse
1024 1636 1232 1667 Rhadamisto
1250 1645 1341 1667 socer
1356 1637 1454 1668 esset.

128 1698 143 1712 a
159 1694 224 1716 non
242 1685 383 1715 abnuere
399 1692 510 1724 pacem
525 1683 633 1714 Iberos
646 1707 655 1723 ‚
681 1692 879 1723 quamquam
896 1684 928 1714 in
943 1686 1090 1723 tempore
1109 1683 1300 1722 validiores3
1321 1685 1354 1714 et
1375 1682 1454 1714 satis

128 1745 145 1760 ιι
161 1732 321 1771 cognitam
339 1730 562 1761 Armeniorum
589 1730 775 1771 perfidiam,
804 1739 864 1761 nec
886 1730 974 1761 aliud
1001 1730 1139 1761 subsidii
1165 1739 1263 1769 quam
1285 1729 1453 1761 castellum

128 1792 144 1807 α
160 1781 341 1810 commeatu
358 1786 506 1817 egenum.
525 1787 564 1809 ne
579 1777 741 1810 dubitaret
756 1778 854 1809 armis
871 1777 877 1794 ¹
900 1777 1084 1808 incruentas
1100 1777 1298 1809 conditiones
1313 1777 1419 1808 malle.
1436 1788 1453 1803 n

127 1827 299 1857 cunctante
315 1824 354 1855 ad
371 1834 408 1855 ea
422 1824 606 1855 Mithridate
619 1825 650 1855 et
663 1826 821 1865 suspectis
835 1825 977 1865 praefecti
994 1824 1134 1855 consiliis
1145 1848 1153 1862 ‚
1176 1824 1263 1864 quod
1279 1825 1311 1855 in
1325 1832 1455 1856 omnem

127 1873 292 1904 libidinem
303 1871 425 1903 venalis
442 1872 631 1912 habebatur,
650 1872 820 1913 Casperius
838 1872 968 1903 interim
985 1872 1024 1903 ad
1043 1872 1280 1903 Pharasmanen
1294 1871 1456 1912 pervadit,

127 1921 235 1960 utque
250 1919 344 1951 Iberi
357 1919 483 1950 obsidio
498 1918 666 1951 decedant
679 1919 872 1960 expostulat.
892 1919 944 1950 ille
960 1919 1125 1960 propalam
1148 1919 1270 1950 incerta
1286 1921 1318 1950 et
1334 1920 1456 1961 saepius

128 1967 274 1998 molliora
288 1966 504 2006 respondens,
522 1967 658 1998 secretis
672 1967 796 1998 nuntiis
818 1970 928 1998 monet
948 1966 1214 2004 Rhadamistum,
1232 1968 1455 2006 oppuqnate'o-

128 2023 207 2045 nem
223 2022 357 2054 quoquo
381 2012 480 2044 modo
496 2014 660 2045 celerare.
685 2015 820 2054 augetur
843 2013 952 2053 flagitii
979 2021 1120 2052 merces,
1147 2016 1179 2044 et
1205 2013 1303 2044 Pollio
1329 2013 1455 2044 occulta

129 2061 336 2100 corruptione
362 2060 498 2100 impellit
522 2061 642 2093 milites
660 2085 668 2100 ,
693 2064 729 2092 ut
745 2069 870 2101 pacem
889 2060 1069 2099 flagitarent
1087 2083 1096 2099 ,
1122 2068 1222 2100 seque
1245 2059 1455 2100 prcesiclz'um

130 2109 313 2138 omissuros
328 2107 565 2139 minitarentur.
592 2117 655 2148 qua
672 2108 863 2140 necessitate
885 2107 1085 2138 Mithridates
1104 2106 1191 2137 diem
1213 2107 1384 2146 locumque
1400 2107 1456 2138 foe·

131 2154 199 2186 deri
217 2156 339 2196 accepit
352 2180 361 2195 ‚
377 2157 570 2196 castelloque
585 2157 756 2196 egreditur.

172 2206 292 2235 XLVII.
316 2207 361 2234 Ac
376 2203 480 2244 primo
496 2204 742 2243 Rhadamistus‚
759 2204 791 2235 in
807 2203 972 2244 amplexus
988 2203 1057 2242 ejus
1069 2202 1207 2242 effusus,
1225 2202 1378 2234 sinmlare
1393 2199 1454 2233 ob-

107 2297 110 2302 ·
131 2306 159 2311 —
173 2298 195 2316 2.
208 2293 342 2317 comitate
357 2299 416 2322 qna:
427 2294 520 2317 similis
537 2290 597 2318 erat
615 2295 638 2318 ei
659 2301 711 2324 qna
733 2294 781 2318 filii
795 2294 953 2320 tractantur.

162 2328 238 2352 XLV.
252 2333 269 2351 ι.
285 2329 347 2352 Haec
363 2329 447 2352 verba
466 2329 536 2352 haud
554 2330 634 2354 dubie
654 2331 688 2354 ab
708 2330 902 2359 interpolatore
915 2331 1004 2354 assuta
1021 2330 1092 2354 sunt.
1118 2342 1125 2346 -
1151 2334 1174 2354 2.
1188 2330 1377 2359 sperneretur.
1389 2342 1406 2346 -
1430 2334 1454 2352 5.

133 2363 338 2388 Everterentur.
357 2364 543 2393 perderentur.

163 2399 248 2424 XLVI.
261 2404 282 2423 ι.
292 2399 378 2429 Quam
391 2405 474 2429 arma,
489 2406 504 2423 a
521 2400 622 2424 mallet
637 2401 769 2430 pendens.
