1539 2668
514 161 550 191 A.
575 163 614 190 U.
638 162 672 189 C.
698 161 770 190 788.
794 160 831 189 Α.
854 161 889 190 C.
912 160 964 190 35.
1343 159 1402 190 139

66 236 216 278 posteros
233 234 403 267 adulatorii
422 233 590 265 dedecoris
608 232 758 272 habetur,
785 233 1014 272 cesseruntque
1039 231 1142 272 prima
1157 231 1344 271 postremis,
1368 232 1401 264 et

66 284 151 316 bona
163 284 309 323 juventae
333 283 482 314 senectus
501 280 656 319 flagitiosa
674 280 885 312 oblitteravit.

108 334 244 362 XXXIII.
263 332 303 361 At
323 339 360 361 ex
379 328 495 367 regulis
521 328 608 368 prior
630 327 834 358 Mithridates
852 327 1088 359 Pharasmanen
1107 326 1244 366 perpulit
1267 324 1341 357 dolo
1366 327 1398 356 et

64 378 98 409 vi
114 379 249 409 conatus
271 386 347 408 suos
366 376 502 415 juvare3
531 375 714 415 repertique
738 376 944 415 corruptores
969 374 1134 405 ministros
1153 373 1281 404 Arsacis
1296 372 1398 404 multo

61 434 142 456 auro
162 425 203 455 ad
217 424 320 455 scelus
335 425 466 463 cogunt,
497 423 592 453 simul
608 422 690 453 Iberi
705 423 830 461 magnis
852 422 952 463 copiis
966 422 1149 453 Armeniam
1165 420 1350 461 irmmpunt
1365 420 1397 450 et

62 472 142 504 urbe
159 471 333 503 Artaxata¹
365 472 544 511 potiuntur.
564 479 638 510 quae
652 473 825 510 postquam
847 470 1007 501 Artabano
1023 469 1167 509 cognita,
1192 467 1295 499 tilium
1319 471 1396 499 Oro-

59 518 126 550 den
141 519 278 550 ultorem
294 521 383 559 parat
397 542 406 557 ‚
422 517 478 548 dat
495 518 687 549 Parthorum
714 517 840 558 copias,
865 518 966 548 mittit
980 517 1035 558 qui
1056 516 1176 548 auxiHa
1190 514 1338 547 mercede
1353 514 1397 545 fa-

61 568 181 597 cerent.
209 570 319 596 contra
335 566 567 596 Pharasmanes
584 565 758 605 adjungere
772 565 912 596 Albanos
924 589 932 604 ,
948 565 1092 604 accipere
1105 566 1266 595 Sarmatas
1281 587 1289 603 ,
1317 571 1396 602 quo-

61 621 134 644 rum
148 613 315 652 sceptuchi
331 612 358 651 ²,
377 612 540 652 utrimque
560 612 653 643 donis
670 612 829 652 acceptis,
850 621 937 643 more
957 612 1083 651 gentico
1098 612 1226 642 diversa
1247 609 1392 641 induere.

55 660 113 691 sed
132 660 234 700 Iberi,
250 660 394 691 iocorum
413 662 558 700 potentes
572 684 580 699 ,
607 659 721 700 Caspia
737 660 789 691 via
801 659 812 677 ³
830 663 1006 691 Sarmatam
1028 660 1059 689 in
1082 658 1252 690 Armenios
1274 657 1393 697 raptim

55 707 240 739 effundunt.
271 711 304 738 at
331 707 386 747 qui
405 708 412 725 ⁵
437 707 563 738 Parthis
586 707 825 747 adventabant,
849 707 943 739 facile
966 707 1171 743 arcebantur,
1192 713 1293 745 quum
1313 704 1392 737 alios

54 752 201 786 incessus
220 756 319 786 hostis
339 755 528 790 clausisset,
546 764 646 785 unum
666 755 843 794 reliquum,
859 764 946 785 mare
963 754 1046 784 inter
1062 756 1093 785 et
1110 756 1273 784 extremos
1296 752 1386 783 Alba-

56 809 172 832 norum
204 805 331 833 montes
345 827 353 841 ‚
386 805 480 833 aestas
507 802 700 841 impediret,
724 802 798 842 quia
830 801 961 833 ssatibus
991 801 1165 831 Etesiarum
1180 800 1191 817 ³
1220 800 1394 840 implentur

55 848 328 886 vada;hiberuus
352 851 462 881 auster
481 848 622 880 revolvit
643 848 786 889 ssuctus,
815 850 971 889 pulsoque
995 848 1154 879 introrsus
1176 847 1257 878 freto
1282 845 1392 878 brevia

55 897 205 929 littorum
224 899 401 930 nudantur.

95 949 229 976 XXXIV.
255 947 389 977 Interim
406 946 545 983 Oroden,
565 947 729 977 sociorum
744 947 885 986 inopem,
897 946 1012 977 auctus
1027 943 1149 975 auxilio
1163 943 1394 974 Pharasmanes

53 1000 169 1024 vocare
183 993 221 1024 ad
238 1002 377 1032 pugnam
396 996 427 1024 et
442 994 674 1024 detrectantem
689 994 845 1025 incessere
859 1018 867 1032 ,
884 992 1069 1032 adequitare
1087 991 1199 1022 castris
1211 1014 1219 1028 ‚
1236 991 1393 1022 infensare

53 1039 190 1080 pabula3
209 1049 246 1070 ac
262 1049 348 1080 soepe
374 1041 404 1072 iu
428 1041 560 1072 modum
583 1041 700 1072 obsidii
727 1041 923 1072 stationibus
949 1040 1114 1078 cingebat,
1138 1038 1239 1069 donec
1261 1038 1393 1076 Parthi,

49 1088 321 1118 contumeliarum
351 1088 526 1119 insolentes
543 1089 858 1127 ¹‚circumsistereut
885 1097 1013 1126 regem,
1040 1088 1209 1126 poscor-uit
1227 1085 1389 1126 proelium.

53 1136 154 1172 atque
175 1133 238 1164 illis
263 1134 330 1164 sola
347 1135 378 1165 in
399 1135 507 1174 equite
522 1135 570 1166 vis
587 1145 594 1165 :
612 1136 845 1166 Pharasmanes
863 1138 895 1166 et
912 1134 1016 1174 pedite,
1037 1133 1172 1163 valebat.
1207 1142 1281 1163 nam
1307 1132 1391 1164 Iberi

51 1179 230 1220 Albanique
242 1205 250 1219 ‚
265 1181 426 1212 saltuosos
442 1182 530 1212 locos
547 1182 725 1213 incolentes
739 1207 747 1221 ‚
771 1182 901 1213 duritiae
924 1181 1152 1221 patientiaeque
1169 1181 1270 1219 magis
1286 1180 1392 1211 insue-

50 1235 137 1258 vere.
156 1227 328 1267 feruntque
342 1237 374 1259 se
392 1228 561 1260 Thessalis
583 1231 695 1267 ονίοε,
711 1238 781 1269 qua
798 1231 996 1269 tempestate
1016 1227 1113 1259 [050²
1138 1229 1213 1267 post
1232 1229 1391 1258 avectam

51 1274 211 1305 Medeam
223 1277 418 1316 qenilosqzce
436 1284 478 1306 eat
493 1285 532 1307 ea
553 1275 676 1306 liberos
693 1278 832 1307 inctnem
849 1276 860 1293 ³
881 1285 960 1307 1110oe
982 1278 1108 1315 remam
1121 1277 1228 1305 AEeloe
1246 1282 1386 1305 vacuos-

49 1329 116 1361 que
130 1321 140 1339 ⁴
164 1322 305 1353 Colchos
319 1324 491 1361 repetivit.
514 1323 679 1361 multaque
702 1323 741 1354 de
764 1323 894 1354 nominc
911 1324 989 1362 ejiis,
1008 1325 1039 1353 et
1063 1322 1232 1352 oraculum
1248 1320 1357 1352 Phrixi
1375 1322 1386 1339 ³

48 1367 234 1407 celebrant;
262 1378 321 1399 nec
341 1370 512 1408 quisquam
528 1370 626 1399 ariete
644 1370 872 1401 sacrificaverit
886 1394 893 1408 ‚
909 1370 1030 1400 credito
1046 1370 1056 1385 ⁰
1077 1369 1201 1399 vexisse
1216 1368 1387 1408 Phrixum,

49 1412 120 1444 sive
135 1415 165 1445 id
184 1416 303 1446 animal
325 1425 381 1446 scu
400 1425 455 1446 nai
466 1416 491 1447 is
514 1416 637 1455 insigne
661 1417 731 1448 fuit.
762 1420 931 1455 Ceterum,
961 1416 1082 1446 dii-oeta
1110 1416 1272 1454 utrimque
1297 1415 1384 1453 acie,

49 1460 186 1491 Parthus
214 1464 398 1500 imperium
428 1465 593 1502 orientis,
622 1464 871 1495 claritudinem
897 1462 1167 1502 ‚lrsmffdarmffi
1196 1464 1385 1502 contraque

48 1507 229 1547 iqnohtlem
260 1508 417 1547 lberam,
446 1514 659 1542 mercenario
677 1512 802 1549 milite,
825 1511 1017 1547 disserehat;
1045 1510 1275 1540 Pharasmanes
1298 1511 1384 1540 ince-

48 1562 127 1593 9ros
139 1557 244 1585 semet
258 1564 279 1584 a
293 1556 460 1587 Parthico
477 1557 675 1595 dominatu,
692 1560 824 1598 quanto
843 1558 978 1597 majora
995 1559 1167 1596 „nolet-em,
1185 1557 1266 1595 plus
1289 1556 1384 1587 deco-

49 1603 99 1632 ris
119 1603 276 1640 victores,
293 1605 368 1642 aul,
381 1606 409 1634 si
430 1606 525 1643 terea
543 1604 827 1645 darent,staqitii
844 1607 950 1645 alque
966 1604 1109 1643 periculi
1129 1604 1276 1633 Isauros.
1289 1603 1387 1634 simul

49 1648 213 1680 horridam
228 1658 357 1680 suorum
373 1650 474 1682 aciem
488 1675 497 1690 ‚
513 1651 599 1691 picta
615 1661 694 1683 auro
716 1651 903 1683 Medorum²
924 1651 1050 1691 agmina
1062 1675 1070 1690 ‚
1090 1650 1163 1681 irinc
1178 1651 1264 1682 viros
1275 1674 1291 1695 ,V
1309 1649 1385 1682 inde

47 1696 190 1737 praedam
208 1698 390 1728 ostendere.

90 1746 208 1775 XXXV.
235 1744 403 1776 Enimvero
425 1745 511 1785 apud
529 1747 694 1777 Sarmatas
708 1754 772 1776 non
790 1754 854 1777 una
867 1754 930 1775 vox
947 1744 1056 1783 ducis,
1071 1754 1104 1775 se
1118 1744 1254 1784 quisque
1271 1743 1385 1775 stimu-

48 1790 138 1828 lant,
157 1799 198 1821 ne
210 1799 366 1829 pizqnam
379 1801 441 1831 per
453 1794 600 1831 sayittas
618 1794 748 1823 inirent
764 1804 777 1831 ,·
794 1794 924 1832 impelle
944 1793 977 1822 et
998 1794 1151 1822 cominus
1174 1792 1386 1831 prcevenien-

45 1836 143 1867 dum.
169 1838 275 1867 Variae
293 1838 368 1868 hinc
388 1838 579 1869 bellantium
608 1839 751 1878 species,
781 1848 882 1878 quum
902 1839 1057 1877 Parthus,
1084 1838 1174 1877 sequi
1197 1837 1248 1868 vel
1274 1837 1384 1877 fugere

48 1883 116 1923 pari
135 1886 203 1914 arte
218 1886 348 1923 suetus,
363 1885 559 1915 distraheret
576 1886 718 1924 turmas,
739 1886 880 1925 spatium
896 1884 1016 1916 ictibus
1033 1886 1038 1902 ¹
1064 1887 1241 1924 quaereret,
1259 1886 1383 1914 Sarma·

46 1931 90 1961 1ae
105 1929 228 1961 omisso
243 1939 340 1970 arcu,
355 1940 421 1971 quo
445 1930 599 1963 brevius²
619 1931 749 1970 valent,
786 1932 890 1962 contis
915 1932 1092 1971 gladiisque
1115 1933 1246 1962 ruerent
1254 1941 1265 1971 ;
1284 1929 1383 1961 modo

75 2058 200 2083 XXXIII.
219 2064 239 2082 ι.
250 2059 282 2081 V.
294 2058 330 2087 Il,
345 2063 383 2082 sc.
396 2071 423 2075 —
436 2063 460 2082 2.
473 2054 670 2093 Σχηπτοῦχοι
682 2077 691 2092 ‚
705 2059 819 2087 sceptra
835 2059 975 2088 tenentes,
988 2059 1064 2088 quasi
1077 2060 1192 2088 satrapae
1205 2064 1299 2088 regum
1316 2058 1380 2082 Sar-

47 2096 189 2119 matarum.
201 2106 229 2111 ·-
240 2099 261 2117 3.
275 2095 323 2118 l‘er
336 2095 427 2123 portas
440 2094 600 2123 Caucasias,
615 2094 687 2117 inter
701 2093 826 2122 Caspium
842 2100 917 2118 mare
929 2096 957 2118 et
970 2096 1085 2119 Pontum
1101 2095 1241 2118 Euxinum.
1255 2098 1315 2117 —⁴.
1329 2094 1377 2117 Sc.

46 2126 266 2159 sceptucborum.
285 2141 313 2145 —
336 2135 357 2153 κ.
382 2130 458 2152 venti
480 2131 578 2158 aestivi,
601 2129 636 2152 de
655 2129 807 2154 Nord-Est.
820 2130 954 2153 Hibernus
966 2131 1065 2159 auster,
1081 2130 1115 2153 de
1126 2130 1295 2153 Sua-(mest.
1309 2129 1382 2152 Eun-

47 2166 108 2189 dem
121 2164 212 2187 locum
227 2164 357 2188 describit
374 2165 483 2188 Curtius
499 2165 546 2194 VI,
564 2171 584 2189 ⁴.

78 2199 201 2223 XXXIV.
218 2204 240 2223 ι.
259 2199 319 2223 Non
335 2201 431 2224 insueti
447 2200 630 2224 contumeliis.
642 2213 670 2217 —-
681 2205 702 2223 2.
723 2201 781 2224 Dux
801 2201 1030 2229 Argonautarum.
1044 2213 1073 2218 —
1084 2206 1106 2224 5.
1130 2201 1171 2224 Sc.
1191 2200 1282 2224 liberis
1296 2204 1377 2223 :nam

47 2234 158 2258 tratrem
173 2236 340 2258 mactaverat
353 2236 443 2258 Medea
463 2235 588 2265 profuga.
599 2248 629 2252 —
639 2241 660 2259 4.
673 2235 722 2264 Qui
735 2236 792 2258 sine
809 2241 873 2265 rege
890 2237 978 2259 erant.
989 2248 1018 2253 —
1031 2242 1052 2260 5,
1069 2236 1238 2260 Athamantis
1250 2235 1313 2262 filii.
1331 2233 1378 2264 qui

48 2275 110 2293 cum
122 2268 199 2292 Helle
212 2275 307 2293 sorore
318 2270 403 2293 ariete
418 2271 492 2293 aurei
506 2270 614 2293 velleris
628 2276 676 2300 per
689 2276 780 2294 aerem
795 2271 890 2294 vectus
902 2271 928 2294 in
947 2270 1005 2294 illas
1018 2272 1144 2300 regiones
1157 2271 1262 2294 venisse
1278 2275 1376 2293 narra-

48 2305 101 2329 tur.
119 2303 196 2327 Helle
216 2304 243 2327 in
262 2310 337 2328 mare
362 2305 470 2334 delapsa
490 2305 673 2335 Hellesponto
692 2305 780 2329 fertur
800 2311 899 2329 nomen
922 2306 1029 2329 dedisse
1050 2311 1110 2329 -6,
1131 2305 1217 2329 Nemo
1233 2305 1270 2329 ibi
1289 2305 1376 2328 ariete

48 2339 168 2364 mactato
182 2344 287 2362 sacrum
305 2339 401 2363 fecerit
412 2358 419 2369 ,
434 2340 495 2369 quia
512 2340 631 2364 creditus
645 2341 687 2364 est
700 2341 769 2365 aries
782 2341 903 2368 vexisse,
921 2342 973 2366 etc.
986 2353 1015 2358 —
1031 2345 1054 2364 ⁷.
1074 2341 1104 2365 ln
1120 2346 1234 2371 quorum
1251 2339 1374 2364 vestibus

43 2376 78 2400 et
90 2374 171 2397 armis
187 2379 282 2398 aurum
298 2375 427 2403 fulgebat.

77 2407 185 2433 xxxv.
197 2413 220 2432 ι.
237 2410 278 2433 Sc.
290 2411 450 2438 sagittarum
463 2409 497 2434 ab
504 2409 621 2435 arcubus
633 2410 752 2441 magnis,
770 2416 837 2440 quos
846 2411 1028 2442 gestabant-
1038 2416 1060 2435 2.
1072 2411 1101 2435 ln
1115 2410 1224 2436 brevius
1239 2411 1371 2440 spatium.
