1539 2668
491 210 528 238 A.
551 210 588 239 U.
612 208 648 238 C.
674 209 745 239 823.
771 210 807 238 Α.
830 211 864 239 C.
889 209 940 238 70.
1317 211 1375 240 411

53 287 187 320 internis
207 284 384 327 persuasio.
402 283 583 315 coelestium
601 284 715 314 contra
732 283 863 323 AEgyptii
880 283 1032 323 pleraque
1045 283 1057 300 ⁹
1077 283 1228 315 animalia
1246 284 1378 325 effigies-

53 344 117 375 que
134 334 334 374 compositas
349 332 569 369 venerantur3
588 331 693 362 Judaei
716 334 822 362 mente
838 331 905 361 sola
920 331 946 348 ¹⁰
966 339 1131 370 unumque
1147 340 1268 363 numen
1287 333 1377 364 intel-

52 382 156 419 ligunt
173 391 180 412 :
190 380 362 421 profanos
376 379 399 396 ¹¹
426 380 486 419 qui
502 378 604 409 (Ζεύγη
620 380 784 418 imczqtncs
801 377 1008 408 mortalibus
1025 379 1182 408 materiis
1198 380 1233 409 in
1253 381 1378 418 speeies

52 421 228 459 hominum
241 426 414 466 effinqant
423 437 434 463 ,·
444 433 618 455 stamnum
634 424 728 456 illud
740 427 773 455 et
785 426 956 455 ceter-num
970 432 1076 464 neque
1086 425 1256 456 mutabile
1271 434 1379 465 neque
1410 423 1417 433 ²

49 477 286 507 interiturum.
316 473 414 512 igitur
428 472 517 502 nulla
534 472 707 503 simulacra
724 471 859 502 urbibus
873 472 957 510 suis,
976 471 1094 502 nedum
1111 472 1239 512 templis
1253 472 1375 503 sinunt.
1404 485 1408 503 :

50 531 114 552 nou
142 520 270 561 regibus
297 520 364 550 liaec
388 519 549 556 adulatio,
576 528 640 550 non
661 519 844 550 Caesaribus
869 519 985 550 honor.
1011 518 1065 549 sed
1090 519 1166 559 quia
1190 519 1377 551 sacerdotes

50 577 162 599 eorum
185 567 264 598 tibia
284 566 515 606 tympanisque
531 566 800 605 concinebantffl,
825 567 944 597 hedera
967 565 1208 606 vinciebantur,
1233 566 1377 606 vitisque

49 624 144 646 aurea
164 613 190 631 ¹³
209 613 330 653 templo
348 615 494 653 reperta,
516 614 680 645 Liberum
702 615 844 654 patrem
866 615 951 653 coli,
975 613 1178 644 domitorem
1200 615 1374 652 Orientis,
1402 611 1403 614 ’

48 661 177 702 quidam
195 660 340 692 arbitrati
358 662 452 699 sunt,
468 669 673 701 nequaquam
690 661 943 700 congruentibus
958 661 1131 691 institutis.
1149 660 1268 700 quippe
1283 660 1376 692 Liber

47 710 146 740 festos
164 708 320 747 laetosque
338 708 420 738 ritus
437 709 566 747 posuit,
586 712 601 739 J
605 708 773 739 udaeorum
790 711 860 739 mos
876 708 1036 739 absurdus
1053 707 1280 747 sordidasque.

87 760 140 787 VI.
166 759 262 786 Terra
285 755 426 795 finesque
439 779 447 793 ‚
471 765 534 795 qua
551 755 592 786 ad
610 756 776 786 Orientem
794 759 956 795 vergunt,
976 755 1112 786 Arabia¹
1138 756 1372 795 terminantur;

47 812 64 833 a
81 802 215 834 meridie
232 803 378 841 AEgyptus
395 802 538 841 objacet3
555 802 594 832 ab
611 811 729 833 occasu
746 802 911 833 Phoenices
928 804 959 833 et
977 811 1081 840 mare;
1105 802 1373 842 septemtrionem

46 860 64 881 a
88 851 185 882 latere
202 850 301 889 Syriae
319 849 411 888 longe
433 851 652 889 prospectant.
673 859 808 889 corpora
832 850 1002 880 hominum
1029 849 1169 880 salubria
1186 851 1217 881 et
1238 850 1374 882 ferentia

44 897 203 930 laborum.
218 896 280 926 rari
292 896 423 935 imbres,
438 896 515 926 uber
526 896 643 927 solum.
660 895 862 936 [exuberant]
877 896 985 935 fruges
1001 899 1143 927 nostrum
1156 897 1195 927 ad
1209 905 1332 928 morem
1343 897 1371 938 ²,

43 946 224 986 praeterque
247 952 299 974 eas
320 943 500 974 balsamum
522 945 553 974 et
572 943 698 983 palmae.
718 943 868 983 palmetis
887 944 1062 983 proceritas
1079 946 1110 975 et
1130 945 1237 975 decor.
1264 944 1371 974 balsa-

42 1000 134 1023 mum
151 990 279 1022 modica
299 990 394 1021 arbor
410 1000 417 1020 :
435 992 469 1021 ut
485 991 622 1030 quisque
638 999 749 1021 ramus
763 990 920 1021 intumuit
934 1014 941 1028 ,
961 990 989 1021 si
1012 992 1079 1021 vim
1098 991 1172 1021 ferri
1196 990 1368 1028 adbibeaS,

42 1038 163 1079 pavent
179 1045 290 1076 venae,
310 1037 466 1077 fragmine
486 1038 603 1079 lapidis
626 1040 684 1069 aut
701 1039 785 1069 testa
809 1037 1022 1077 aperiuntur3
1042 1038 1160 1069 humor
1177 1039 1209 1069 in
1228 1047 1285 1069 usu
1304 1048 1370 1070 me·

43 1084 187 1116 dentium
209 1084 292 1121 est-³,
320 1085 523 1125 praecipuum
550 1086 713 1116 montium
741 1085 901 1116 Libanum
928 1085 1067 1125 erigit⁴‚
1101 1086 1219 1116 mirum
1253 1086 1367 1125 dictu,

42 1135 148 1166 tantos
166 1132 248 1162 inter
274 1131 404 1162 ardores
426 1141 563 1172 opacum
581 1132 744 1172 fidumque
767 1132 896 1162 nivibus
910 1132 935 1163 ⁵.
958 1132 1041 1162 idem
1060 1141 1188 1163 amnem
1208 1133 1369 1164 Jordanen

43 1180 100 1211 alit
122 1178 301 1218 funditque.
327 1187 384 1209 nec
401 1179 554 1209 Jordanes
575 1180 686 1219 pelago
707 1179 876 1218 accipitur,
902 1179 957 1215 sed
983 1188 1085 1209 unum
1109 1181 1206 1219 atque
1230 1180 1368 1210 alterum

44 1227 149 1256 lacum
161 1225 172 1243 ⁶
191 1225 314 1264 integer
329 1225 472 1264 perlinit,
488 1226 583 1256 tertio
598 1225 607 1242 ⁷
633 1226 804 1257 retinetur.
821 1226 910 1256 lacus
926 1226 1088 1256 immenso
1102 1226 1226 1256 ambitu
1237 1249 1244 1263 ,
1262 1226 1369 1266 specie

0 1301 1 1304 ,
42 1272 141 1303 mai-is
154 1296 162 1310 ,
184 1280 297 1312 sapore
321 1272 514 1312 corruptior,
540 1272 698 1310 gravitate
714 1272 822 1302 odoris
840 1272 958 1302 accolis
975 1272 1108 1311 pestifer
1121 1297 1129 1311 ,
1148 1281 1251 1312 neque
1270 1274 1369 1304 vento

41 1318 217 1359 impellitur
234 1327 337 1358 neque
354 1318 459 1358 pisces
482 1321 539 1349 aut
555 1320 663 1350 suetas
680 1319 770 1358 aquis
792 1318 937 1349 volucres
962 1319 1092 1358 patitur.
1117 1320 1247 1350 incertae
1270 1319 1368 1352 undae

42 1366 223 1405 superJacta
236 1389 245 1404 ,
265 1368 301 1396 ut
325 1365 428 1396 solido
441 1365 452 1382 ⁸
473 1365 597 1403 ferunt3
616 1366 710 1405 periti
728 1365 934 1405 imperitique
950 1365 1047 1395 nandi
1067 1366 1198 1405 perinde
1214 1366 1367 1397 attollun-

41 1415 94 1443 tur
108 1413 132 1441 2'.
153 1415 239 1443 certo
257 1412 331 1442 anni
351 1415 494 1452 tempore
511 1413 657 1443 bitumen
674 1413 792 1452 egei-im
813 1414 904 1451 cujus
920 1412 1044 1451 legendi
1063 1422 1177 1451 usum,
1194 1416 1229 1443 ut
1244 1416 1367 1445 ceteras

41 1460 141 1497 artes,
158 1459 356 1499 experientia
372 1459 494 1490 docuit.
519 1461 586 1490 ater
603 1462 716 1499 suapte
739 1462 853 1490 natura
876 1459 981 1498 liquor
1001 1461 1033 1490 et
1054 1468 1165 1499 sparso
1182 1463 1270 1491 aceto
1291 1469 1365 1491 con-

41 1509 149 1539 cretus
171 1506 308 1537 innatat.
336 1506 424 1537 hunc
450 1516 547 1538 manu
573 1508 703 1547 captum
717 1531 725 1546 ,
752 1507 870 1547 quibus
888 1515 924 1538 ea
947 1515 1042 1546 cura,
1064 1507 1097 1537 in
1122 1516 1250 1539 summa
1273 1507 1366 1538 navis

39 1632 163 1660 tempore
180 1631 373 1660 ignominiosa,
393 1630 564 1654 nihilominus
584 1631 749 1660 aliquamdiu
765 1631 891 1657 invaluit,
910 1631 957 1654 sed
974 1633 1034 1660 post
1051 1631 1226 1660 Babylonium
1242 1632 1365 1656 exsilium

39 1672 149 1697 prorsus
165 1666 275 1690 abolita.
295 1666 332 1689 De
346 1666 471 1695 infernis
483 1674 491 1689 :
507 1673 569 1689 nam
584 1668 698 1696 uterque
713 1667 966 1696 populusjudicium
984 1670 1044 1695 post
1059 1669 1172 1699 mortem
1187 1668 1365 1691 statuebat?

40 1711 61 1729 9.
72 1705 92 1729 E
104 1703 242 1731 contrario
257 1702 374 1730 AEgyptii
389 1702 516 1731 pleraque
528 1703 666 1725 numinum
682 1702 829 1726 coelestium
845 1704 882 1726 ita
894 1704 1066 1729 venerantur,
1082 1703 1110 1725 ut
1124 1709 1152 1724 en
1168 1703 1366 1727 inanimalibus

40 1742 68 1765 et
85 1737 225 1766 effigiebus
242 1738 393 1759 monstrose
407 1738 564 1766 compositis
578 1738 664 1767 (velut
679 1737 818 1766 Anubidis)
838 1738 921 1761 latere
935 1739 1040 1766 putent.
1052 1750 1080 1753 —
1094 1743 1126 1760 ιο.
1139 1737 1171 1760 L't
1183 1737 1215 1759 de
1227 1739 1365 1763 Germanis

40 1775 106 1800 dicit
123 1774 159 1802 (c.
176 1772 199 1799 o)
217 1777 222 1793 ι
243 1771 421 1800 Deorumqne
443 1772 605 1796 nominibus
621 1773 770 1801 appellant
785 1775 924 1796 secretum
946 1773 1020 1796 illud
1040 1773 1113 1802 qnod
1127 1773 1188 1796 solar
1203 1776 1365 1799 reverentia

39 1810 146 1836 vident.
157 1819 186 1824 —
198 1812 233 1830 n.
249 1807 291 1829 Sc.
310 1812 369 1829 esse
382 1806 475 1830 dicunt
491 1813 548 1830 cosm
560 1820 588 1823 —
603 1813 638 1830 ¹2.
656 1807 733 1830 (loni.
752 1808 837 1831 Lerit.
852 1809 946 1835 xxm,
965 1813 1010 1836 2·t;
1028 1808 1148 1832 Numer.
1163 1809 1260 1835 xxtx,
1274 1815 1364 1839 ¹.—13,

39 1845 170 1872 Dedicata
187 1841 220 1865 ab
243 1841 351 1864 Herode
364 1847 446 1870 rege,
467 1842 586 1865 donariis
599 1843 625 1865 in
643 1843 803 1865 immensum
823 1844 911 1865 aucta.
928 1844 989 1871 Agit
1005 1843 1037 1866 de
1060 1849 1091 1865 ca
1117 1843 1246 1871 Iosephus
1265 1846 1364 1875 Αητὶᾳ,

39 1881 108 1906 Jud.
121 1878 175 1906 XV,
198 1882 220 1900 Η
235 1883 240 1903 ,·
257 1877 324 1899 Bell.
341 1876 410 1900 Jud.
422 1877 448 1905 V,
468 1882 490 1903 5,
506 1877 661 1900 Plutarchus
682 1877 836 1908 Quoestion.
854 1883 973 1906 sympos.
990 1878 1032 1903 lV.
1045 1883 1059 1899 ἐς
1072 1878 1099 1900 et
1111 1883 1139 1905 e,
1153 1883 1177 1906 p.
1190 1883 1232 1900 8ιὸ
1246 1884 1284 1907 sq.
1299 1886 1365 1905 meae

40 1913 172 1941 editionis,
188 1912 234 1941 qui
248 1912 289 1934 est
308 1912 379 1935 inter
393 1917 439 1935 eos
453 1912 498 1940 qui
514 1912 656 1935 Bcwcltum
669 1912 701 1935 ab
714 1912 830 1935 Hebraeis
844 1911 895 1935 coli
914 1912 1036 1935 credunt.

69 1950 112 1974 Vl,
132 1954 152 1971 i.
171 1947 299 1971 Nimirum
314 1947 478 1970 Petraea—2.
493 1948 520 1970 ld
538 1949 592 1975 est,
608 1948 670 1970 sunt
683 1948 750 1970 utin
765 1947 855 1975 ltalia,
870 1947 945 1973 vites,
959 1947 1033 1973 oleae,
1049 1947 1250 1971 frimientuin.——
1261 1954 1282 1972 3.
1298 1950 1363 1974 Cum

39 1987 80 2011 his
97 1982 279 2008 conferendus
298 1982 374 2005 Plinii
393 1982 481 2011 loeus,
500 1983 573 2006 Hist.
589 1984 663 2011 nat„
678 1983 739 2010 ΧΠ,
753 1987 789 2009 25,
802 1982 814 2011 ξ
828 1987 855 2005 51
871 1988 876 2005 :
898 1983 1052 2005 «omuibus
1072 1982 1199 2005 odoribus
1221 1984 1365 2011 praefcrtur

39 2021 197 2048 balsamum,
211 2017 259 2040 uni
271 2018 402 2041 terrarum
418 2018 517 2041 Judaeae
531 2023 712 2041 concessum..
774 2016 922 2040 ostendere
936 2017 1105 2040 arbusculam
1121 2018 1188 2041 hanc
1203 2018 1265 2041 L'rbi
1281 2020 1365 2049 liupe-

38 2057 145 2081 ratores
164 2052 328 2081 Vespasiani.
352 2051 512 2082 Clarumque
532 2052 622 2081 dictu,
637 2058 651 2075 a
666 2052 793 2081 Pompeio
815 2053 911 2081 Magno
926 2054 952 2075 in
966 2053 1102 2081 triumpho
1123 2053 1235 2076 arbores
1255 2060 1363 2084 quoque

41 2091 173 2116 duximus.
186 2088 274 2111 Servit
286 2092 357 2110 nunc
370 2087 435 2115 haec,
454 2089 481 2110 et
495 2088 597 2111 tributa
614 2088 708 2117 pendit
722 2093 782 2111 cum
793 2093 839 2110 sua
853 2089 943 2117 gente,
960 2088 986 2111 in
1000 2090 1085 2112 totum
1098 2088 1149 2110 alia
1163 2092 1266 2116 natura,
1282 2096 1363 2119 quam

40 2125 126 2151 nostri
146 2124 307 2152 externique
323 2123 521 2151 [prodiderant.
545 2124 648 2152 Quippe
664 2124 713 2146 viti
735 2124 848 2147 similior
873 2125 914 2147 est
935 2129 1014 2152 quam
1038 2125 1133 2153 myrto.
1158 2124 1288 2148 malleolis
1309 2131 1362 2152 sert

41 2161 148 2188 dicitur,
162 2164 249 2187 nuper
263 2159 363 2185 vincta,
378 2159 408 2181 ut
423 2159 485 2181 vitis
497 2164 503 2181 :
518 2160 544 2182 et
555 2159 649 2187 implet
660 2158 742 2182 colles
756 2159 894 2182 vinearum
907 2158 996 2188 modo,
1010 2165 1068 2188 quae
1078 2160 1136 2182 sine
1150 2159 1320 2184 adminiculis
1333 2167 1363 2185 se

40 2197 105 2225 ipsae
121 2194 292 2217 sustinent...
302 2211 320 2217 ..
339 2194 454 2217 saeviere
471 2194 498 2216 in
512 2199 571 2217 cam
586 2194 671 2217 Judaei
682 2211 688 2221 ,
702 2194 773 2216 sicut
788 2194 816 2216 in
832 2194 914 2217 vitam
929 2199 1035 2223 quoque
1048 2200 1132 2218 suam.
1147 2195 1247 2218 Contra
1265 2195 1361 2219 defen-

43 2230 108 2254 dere
120 2229 245 2257 Romani,
263 2229 291 2252 et
303 2228 458 2251 dimicatum
475 2234 523 2258 pro
538 2229 636 2253 frutice
649 2230 697 2252 est.
709 2229 832 2258 seritque
846 2235 918 2252 nunc
931 2235 991 2253 eum
1005 2229 1099 2257 fiscus;
1114 2235 1164 2253 nec
1177 2235 1292 2258 unquam
1310 2230 1361 2255 fuit
1397 2231 1399 2235 '

40 2264 210 2290 numerosior
221 2265 268 2287 aut
281 2264 446 2292 procerior,·›
456 2265 484 2287 et
496 2270 554 2293 quae
567 2266 717 2293 sequuntur
730 2264 763 2287 de
776 2264 928 2293 speciebus,
940 2265 1044 2288 cultura
1057 2266 1084 2288 et
1098 2264 1157 2288 aliis
1171 2265 1205 2288 ad
1218 2265 1270 2288 hoc
1283 2264 1361 2289 arbu-

41 2302 113 2325 stum
128 2298 335 2328 pertinentibus.
349 2298 419 2322 Olim
433 2304 465 2322 ex
477 2299 575 2323 Arabia
588 2299 676 2323 Felice
696 2300 722 2322 in
733 2299 853 2323 Judaeam
868 2299 1028 2323 translatum
1046 2301 1100 2327 est,
1113 2300 1188 2324 Sabae
1200 2300 1315 2329 reginae,
1329 2301 1360 2324 ut

40 2336 136 2363 fertur,
151 2338 248 2356 munus
263 2333 399 2357 solomoni
418 2335 525 2363 datum;
540 2337 568 2359 et
580 2335 660 2358 hodie
674 2335 702 2358 in
717 2334 774 2358 sola
788 2335 883 2358 Arabia
897 2335 1066 2359 colitur—⁴.
1080 2336 1120 2359 Sc.
1135 2337 1225 2361 terra;
1240 2341 1271 2359 ex
1287 2341 1317 2358 se
1330 2335 1359 2358 iu

42 2371 127 2396 altum
140 2369 300 2392 emittite-5.
312 2369 419 2392 Poetice
430 2375 436 2391 :
447 2370 493 2398 qui
506 2376 521 2394 a
534 2370 641 2394 nivibus
654 2375 706 2393 non
718 2371 920 2398 separatum-⁶.
931 2371 1137 2394 semechoniten
1148 2372 1176 2394 et
1183 2371 1358 2394 Genezarium

42 2406 99 2429 sive
110 2403 324 2428 Tiberiadis—7.
338 2403 486 2432 Asphaltite
500 2406 586 2434 (quasi
599 2405 680 2433 dicas¹
696 2405 892 2433 bituminosus),
912 2406 945 2430 de
957 2412 1009 2436 quo
1019 2406 1158 2435 sequentia
1172 2405 1356 2435 intelligenda.

42 2440 161 2464 Vocatur
177 2439 258 2463 etiam
271 2438 354 2463 Mare
370 2440 555 2464 mortuum.—
563 2446 582 2464 s.
602 2442 640 2465 Ac
654 2441 675 2464 si
692 2440 804 2464 solidum
818 2440 917 2470 aliquid
933 2442 1091 2466 subesset.-
1104 2446 1125 2464 9,
1139 2442 1216 2471 Cujus
1226 2441 1265 2465 rei
1278 2445 1357 2469 expe-
