1539 2668
89 166 130 195 28
492 161 624 191 TACt'rt
648 159 858 191 ANNALIUM
880 162 953 191 LlB.
978 161 1019 191 11.

134 239 197 269 XL.
209 233 406 275 Vulgabatur
418 233 545 266 interim
559 243 614 274 per
627 233 752 265 Italiam
765 235 942 265 servatum
952 242 1095 265 munere
1107 233 1414 274 dezzmAqrippam;

90 282 284 316 credebatur
301 285 411 312 Romae
427 306 435 320 ,
452 281 582 321 jamque
606 280 730 312 Ostiam
751 279 916 311 invectum
936 280 1107 311 multitudo
1133 280 1266 319 ingens,
1290 279 1357 319 jam
1379 279 1413 312 in

93 329 180 362 Urbe
195 328 385 361 clandestini
402 330 504 358 coetus
520 327 725 358 celebrabant
739 326 763 365 ¹,
777 336 878 366 quum
893 327 1055 358 Tiberium
1072 335 1188 366 anceps
1204 335 1282 357 eura
1298 326 1413 359 distra-

93 376 181 415 here,
191 375 262 406 vine
277 375 415 406 militum
430 383 559 405 servum
576 382 672 404 suum
683 372 694 391 ²
711 376 881 412 coerceret,
900 382 940 404 an
957 373 1083 405 inanem
1098 373 1322 404 credulitatem
1335 374 1415 405 tem·

93 431 172 464 pore
192 422 260 463 ipso
278 430 448 452 vanescere
475 421 604 452 sineret.
626 419 722 451 modo
743 420 821 451 nihil
839 420 1057 460 spernendum
1072 444 1079 458 ‚
1105 420 1201 451 modo
1218 428 1281 450 non
1307 420 1416 452 omnia

94 468 268 500 metuenda
285 468 454 507 ambiguus
473 466 604 507 pudoris
621 475 658 497 ac
676 468 780 497 metus
797 466 980 506 reputabat.
1001 468 1165 506 postremo
1182 465 1237 497 dat
1253 466 1417 506 negotium

94 515 245 546 Sallustio
261 514 384 554 Crispo.
400 513 411 531 ³
431 514 482 544 ille
504 522 521 544 e
537 512 708 544 clientibus
733 512 814 544 duos
832 513 975 552 (qnidam
1003 512 1120 544 milites
1147 513 1247 544 fuisse
1272 510 1415 551 tradunt)

93 562 206 602 deligit
218 565 314 602 atque
331 561 488 599 hortatur,
511 560 661 591 simulata
683 559 899 591 eonscientia⁴
917 559 1052 598 adeant,
1072 559 1209 590 offerant
1228 559 1417 600 pecuniam,

94 607 191 639 fidem
205 611 301 648 atque
315 607 455 646 pericula
466 606 476 624 ⁵
493 606 712 646 polliceantur.
731 608 952 646 exsequuntur
970 609 1006 636 ut
1019 605 1145 645 jussum
1162 607 1241 637 erat.
1261 605 1335 637 dein
1351 612 1407 646 spe

93 654 191 686 culati
208 656 335 685 noctem
355 653 602 692 incustoditam,
619 655 748 693 accepta
763 653 875 683 idonea
889 661 985 683 manu
1000 652 1163 689 vinctum,
1177 652 1286 683 clauso
1299 661 1371 692 ore,
1387 654 1419 684 in

94 701 250 740 palatium
267 704 401 731 traxere.
430 699 652 740 percunctanti
667 699 794 730 Tiberio
814 699 978 740 quomodo
996 701 1147 738 Agyrippa
1164 698 1290 737 factus
1307 701 1419 731 esset?

96 748 302 787 respondisse
330 746 444 786 fertur,
466 745 635 783 Quomodo
660 747 698 777 tu
719 748 856 777 Coesar?
883 748 919 776 ut
938 745 1046 777 ederet
1063 744 1168 776 socios
1182 769 1190 783 ,
1222 745 1326 785 subigi
1355 755 1419 778 non

95 795 212 835 potuit.
229 805 287 828 nec
302 796 449 827 Tiberius
465 804 592 836 poenam
609 795 676 835 ejus
692 795 796 836 palam
814 804 930 834 ausus,
949 795 981 826 in
998 796 1118 825 secreta
1134 794 1247 834 palatii
1268 797 1358 834 parte
1375 795 1421 826 in·

96 842 197 873 terfici
207 843 315 883 jussit,
328 851 510 882 corpusque
524 842 605 873 clam
618 841 746 873 auferri.
764 845 795 873 et
809 850 1005 882 quamquam
1019 840 1112 872 multi
1125 849 1142 871 e
1155 840 1253 871 domo
1267 841 1422 882 Principis

95 889 288 930 Equitesque
311 898 348 920 ac
368 891 532 921 senatores
553 891 750 921 sustentasse
775 889 908 929 opibus,
921 889 1046 928 juvisse
1068 888 1211 919 consiliis
1224 888 1420 929 dicerentur,

96 935 180 968 baud
201 937 371 977 quaesitum

138 987 214 1015 XLI.
249 984 324 1015 Fine
347 983 422 1014 anni
449 991 544 1013 arcus
566 983 694 1023 propter
710 983 812 1014 aedem
833 983 960 1014 saturni
980 983 985 1000 ¹
1009 982 1051 1013 ob
1077 985 1205 1022 recepta
1232 983 1322 1022 signa
1348 992 1421 1015 cum

97 1032 182 1062 Varo
196 1030 314 1062 amissa
327 1030 425 1061 (luctu
441 1029 637 1068 Germanici,
653 1030 805 1070 auspiciis
823 1030 955 1063 Tiberii,
979 1032 1010 1061 et
1024 1030 1109 1061 aedes
1125 1029 1229 1061 Fortis
1246 1032 1397 1062 Fortunae
1410 1031 1421 1048 2

95 1077 240 1108 Tiberim
257 1076 350 1116 juxta
367 1077 398 1107 in
417 1076 519 1107 hortis
536 1085 618 1116 quos
644 1080 750 1107 Caesar
772 1076 911 1107 dictator
931 1077 1051 1116 populo
1075 1081 1220 1107 Romano
1243 1076 1422 1117 legaverat,

94 1124 270 1155 sacrarium
293 1123 377 1163 genti
392 1123 484 1154 Juliae
498 1122 681 1162 effigiesque
698 1123 776 1153 divo
789 1125 934 1161 Augusto
952 1123 1038 1162 apud
1061 1123 1199 1153 Bovillas
1223 1123 1234 1140 ³
1263 1123 1421 1154 dicantur.

97 1174 133 1202 C.
155 1171 298 1209 Caecilio,
322 1175 355 1201 L.
377 1171 551 1210 Pomponio
579 1174 664 1201 Coss.
695 1170 704 1188 ⁶
723 1170 931 1200 Germanicus
963 1173 1068 1200 Caesar
1084 1179 1112 1200 a.
1138 1170 1170 1200 d.
1195 1174 1252 1201 VII
1278 1171 1346 1201 Kal.
1369 1174 1423 1202 Ju-

97 1217 189 1249 nias⁵
206 1217 419 1257 *riunqihavit
438 1216 476 1247 de
497 1216 665 1247 Cheruscis
690 1215 879 1256 Chattisque
901 1217 933 1247 et
955 1216 1169 1256 Angrivariis,
1194 1225 1331 1256 quaeque
1355 1217 1425 1248 aliae

97 1263 245 1296 nationes
266 1267 366 1303 usque
379 1263 418 1294 ad
436 1263 540 1294 Albim
563 1263 673 1294 colunt
692 1272 698 1293 :
715 1262 830 1293 vectass
847 1262 966 1303 spolia,
984 1262 1125 1302 captivi,
1147 1263 1318 1294 simulacra
1335 1272 1410 1295 mon

96 1310 198 1350 tium,
218 1310 388 1341 fluminum
400 1335 408 1349 ,
426 1309 632 1350 prseliorum5
650 1309 855 1348 bellumque,
871 1309 947 1348 quia
964 1309 1119 1340 conficere
1133 1309 1315 1350 prohibitus
1335 1312 1422 1351 erat,

96 1366 154 1397 pro
171 1357 317 1388 consecto
334 1356 562 1396 accipiebatur.
585 1355 722 1395 augebat
738 1355 934 1386 intuentium
953 1355 1042 1387 visus
1057 1356 1066 1373 ⁷
1094 1356 1213 1387 eximia
1231 1356 1333 1396 ipsius
1351 1366 1424 1398 spe-

95 1404 161 1435 cies
178 1412 356 1442 currusque
373 1402 516 1442 quinque
534 1402 642 1433 liberis
660 1404 807 1433 onustus.
825 1402 881 1433 sed
898 1402 1027 1433 suberat
1042 1403 1168 1433 occulta
1184 1403 1322 1434 formido
1335 1412 1424 1444 repu-

96 1450 240 1483 tantibus
257 1449 353 1481 haud
366 1458 570 1489 prosperum
586 1451 619 1480 in
638 1452 753 1480 Druso
765 1473 774 1489 ,
796 1451 899 1489 patre
913 1449 1168 1488 ej208‚sczeorem
1183 1451 1300 1490 melfi,-
1317 1459 1425 1482 avun-

95 1499 215 1531 culum
232 1496 383 1536 ejzcsdem
400 1497 609 1527 Marcellum
618 1496 860 1536 flayrantibns
871 1496 981 1536 plebis
994 1496 1116 1527 studiis
1131 1499 1230 1528 intra
1239 1497 1425 1536 juvencam

94 1547 252 1586 ereptum
264 1555 277 1582 ;
302 1543 418 1574 breves
437 1544 470 1574 et
485 1542 658 1582 infaustos
671 1544 793 1583 populi
809 1545 951 1575 Romam·
967 1552 1101 1574 amores
1117 1543 1142 1575 ὅ.

139 1594 235 1624 XLII.
261 1593 409 1622 Ceterum
425 1589 573 1621 Tiberius
600 1590 731 1621 nomine
749 1590 929 1620 Germanici
948 1592 1097 1621 trecenos
1120 1591 1205 1631 plebi
1230 1591 1394 1622 sestertios
1414 1592 1419 1608 ¹

97 1638 217 1670 viritim
235 1637 342 1675 dedit,
361 1646 459 1677 seque
473 1636 626 1676 collegam
644 1637 823 1667 consulatui
840 1638 908 1676 ejus
925 1636 1109 1668 destinavit.
1127 1646 1185 1668 nec
1202 1637 1275 1669 ideo
1289 1638 1424 1670 sincerae

95 1684 242 1718 caritatis
260 1684 355 1715 sidem
375 1687 542 1715 assecutus
553 1707 561 1722 ,
579 1684 703 1715 amoliri
719 1684 872 1723 juvenem
888 1684 992 1723 specie
1007 1684 1137 1715 honoris
1151 1684 1277 1722 statuit,
1294 1684 1425 1716 struxit-

97 1742 162 1775 que
182 1740 309 1771 causas,
329 1733 384 1762 aut
415 1732 494 1762 sorte
521 1731 644 1762 oblatas
662 1730 807 1770 arripuit.
832 1735 898 1761 Rex
923 1730 1097 1761 Archelaus
1121 1731 1424 1771 quinquagesimum

98 1788 221 1811 annum
242 1778 253 1795 2
274 1777 474 1818 Cappadocia
492 1777 687 1817 potiebatur,
706 1776 829 1807 invisus
846 1776 974 1807 Tiberio
989 1801 998 1816 ,
1017 1777 1103 1816 quod
1123 1786 1196 1808 eum
1214 1777 1316 1808 Rhodi
1333 1786 1424 1817 agen—

98 1828 164 1857 tem
181 1825 270 1857 nullo
299 1825 406 1855 oslicio
426 1824 588 1855 coluisset.
603 1823 615 1841 ³
635 1832 693 1854 nec
722 1823 754 1854 id
780 1823 951 1854 Archelaus
969 1832 1026 1863 per
1046 1824 1229 1864 superbiam
1249 1823 1422 1863 omiserat,

95 1873 153 1905 sed
170 1873 209 1904 ab
224 1872 346 1903 intimis
370 1872 502 1911 Augusti
521 1871 682 1910 monitus,
705 1871 780 1910 quia
797 1871 930 1902 florente
943 1874 976 1901 C.
996 1874 1120 1902 Caesare
1137 1871 1300 1911 missoque
1313 1870 1353 1902 ad
1375 1878 1425 1902 res

98 1919 241 1952 Orientis
254 1918 263 1936 ⁴
283 1919 389 1949 intuta
405 1918 523 1949 Tiberii
543 1918 684 1949 amicitia
698 1917 900 1949 credebatur.
920 1920 955 1948 ut
976 1926 1068 1948 versa
1087 1918 1097 1935 ⁵
1128 1922 1290 1950 Ctesarum
1316 1917 1425 1950 sobole

97 1966 271 2007 imperium
292 1965 426 2006 adeptus
443 1967 510 2005 est,
534 1964 620 1996 elicit
641 1964 833 1996 Archelaum
859 1965 969 2000 matris
987 1964 1126 2004 litteris,
1150 1974 1224 2005 quae
1247 1973 1310 1996 non
1336 1965 1424 1998 dissi-

97 2061 108 2083 i'
127 2060 180 2084 XL.
193 2065 213 2083 i.
226 2059 266 2083 Ad
280 2065 340 2083 cum
358 2060 531 2085 confluebant
544 2060 654 2085 honoris
668 2066 759 2084 causa.
770 2073 798 2076 —
809 2065 833 2084 2.
851 2060 1080 2089 Hereditatisjure
1091 2059 1124 2083 ab
1138 2060 1253 2089 Agrippa
1267 2063 1422 2091 acceptum.

98 2108 129 2113 -
144 2100 167 2118 5.
187 2095 225 2118 De
244 2100 297 2124 quo
313 2095 336 2123 1,
357 2100 380 2118 6.
393 2108 421 2112 --
434 2101 455 2119 4.
469 2096 633 2120 simulantes
646 2096 720 2125 quasi
739 2095 841 2119 conscii
855 2096 945 2118 essent
958 2096 985 2118 et
998 2095 1143 2124 participes
1156 2100 1249 2119 eorum
1266 2096 1313 2125 qui
1330 2101 1424 2121 verum

101 2131 252 2159 Augustum
266 2133 474 2158 exspectassent.
485 2144 515 2149 -·
527 2137 547 2155 5.
563 2133 762 2160 Experimenta,
775 2131 921 2160 specimina
938 2130 1028 2159 (fidei).

129 2165 195 2189 XLI.
217 2170 238 2188 ι.
257 2166 474 2194 Antiquissimum
489 2167 590 2195 zedem.
614 2167 641 2190 in
663 2168 760 2190 octava
774 2167 884 2195 regione
901 2166 978 2190 Urbis
995 2167 1023 2189 ct
1044 2166 1135 2189 radice
1153 2165 1216 2190 clivi
1231 2167 1381 2196 Capitolini.
1396 2182 1423 2186 —

100 2205 123 2224 2.
147 2200 229 2229 cujus
251 2200 307 2223 ‹ieae
331 2201 421 2224 fanum
444 2201 582 2225 dedicasse
606 2200 745 2226 terebatur
770 2201 878 2225 Servius
899 2200 1014 2228 Tullius,
1036 2201 1137 2224 cultum
1161 2201 1293 2226 describit
1314 2202 1424 2228 Ovidius

101 2235 170 2259 Fast.
186 2235 232 2263 Vl,
250 2239 289 2258 ⁷7¹
305 2241 382 2266 seqq.
398 2249 428 2253 -
446 2242 467 2260 s.
484 2236 547 2260 inde
563 2237 673 2266 Equites
687 2237 785 2260 mortui
803 2236 914 2265 Augusti
929 2241 1026 2265 corpus
1039 2235 1155 2259 humeris
1174 2237 1228 2260 suis
1251 2237 1277 2260 in
1296 2237 1424 2266 palatium

102 2269 288 2299 deportarunt.
301 2282 329 2286 —
349 2275 370 2295 4.
398 2273 427 2294 Α.
440 2276 470 2296 u.
493 2276 550 2299 7⁷0,
565 2277 588 2301 p.
604 2272 666 2296 Chr.
687 2277 723 2295 t7.
738 2284 767 2288 —
779 2276 802 2295 s.
820 2272 892 2294 Ante
904 2271 978 2294 diem
990 2271 1140 2300 septt‘mum
1153 2271 1288 2296 calendas
1301 2272 1422 2304 Jum'as.

101 2305 118 2329 l.
131 2310 154 2329 e.
169 2306 283 2334 septimo
296 2305 338 2329 die
352 2307 415 2330 ante
426 2308 539 2336 primum
555 2307 652 2330 mensis
663 2307 749 2335 Junii,
762 2306 805 2330 dic
818 2311 847 2330 26
857 2306 927 2329 Maii.
941 2318 967 2323 -
981 2311 1003 2329 e.
1018 2306 1047 2330 ln
1061 2312 1156 2336 pompa
1171 2307 1422 2333 transvehebantur.

104 2351 133 2357 ·—-
145 2345 167 2364 7.
181 2340 381 2370 spectationem
398 2341 594 2371 amplificabat,
608 2342 709 2371 majore
726 2341 815 2365 studio
827 2340 1010 2370 spectabatur.
1024 2353 1053 2358 -
1069 2346 1089 2364 a.
1104 2341 1177 2366 Conf-
1190 2341 1198 2364 l
1210 2360 1215 2369 ,
1229 2347 1252 2366 s.

130 2375 210 2399 XLll.
229 2381 249 2399 ι.
268 2376 334 2400 Fere
349 2381 378 2400 so
389 2375 434 2407 sr.
448 2389 475 2394 -
490 2382 512 2400 2.
527 2377 639 2407 Ceperat
653 2382 766 2406 regnum
779 2376 814 2400 ab
827 2376 959 2405 Antonio,
975 2382 998 2399 a.
1011 2376 1039 2400 U.
1053 2381 1104 2400 ⁷¹⁸.
1119 2388 1146 2393 —
1158 2382 1178 2400 s.
1199 2377 1366 2407 Quamquam
1381 2376 1424 2402 Ti-

102 2408 194 2435 bertus
215 2410 279 2435 olim
305 2417 366 2436 eum
388 2411 460 2443 apud
481 2412 632 2443 Augustum
657 2411 826 2437 defenderat.
843 2424 870 2429 —-
885 2416 907 2436 ⁴.
935 2410 1011 2437 cont.
1031 2416 1111 2444 supra
1135 2417 1159 2437 c.
1178 2417 1202 2437 ι.
1220 2417 1283 2437 -ε,
1309 2413 1423 2441 Eversa.
