1539 2668
488 167 525 197 A.
548 168 587 196 U.
610 168 646 196 C.
671 167 743 197 789.
768 167 805 195 Α.
829 167 866 196 C.
889 167 941 196 36.
1322 167 1385 199 1434

47 243 253 284 imperium,
275 240 336 273 sed
349 243 453 273 inane
466 248 587 273 nomen
605 240 701 281 apud
723 240 896 272 imbellem
913 239 1062 272 exter-nd
1076 240 1240 280 mollitia,
1259 243 1327 273 vim
1342 244 1381 275 in

46 289 234 330 Abdaqesis
247 288 355 321 domo.

88 341 194 370 Xle.
215 336 319 369 sensit
332 338 426 367 vetus
437 334 591 376 regnandi
607 334 708 366 salsos
723 335 756 366 in
770 344 878 366 amore
895 334 969 367 odia
981 343 1046 366 non
1062 334 1208 374 tingere.¹
1224 343 1283 365 nec
1296 335 1382 367 ultra

48 389 194 417 moratus
207 393 306 425 quam
319 383 397 414 dum
413 383 602 423 scytharum
618 382 739 413 auxilia
752 382 915 422 conciret,
936 383 1038 423 pergit
1051 391 1223 423 properus,
1247 383 1280 413 et
1296 391 1381 422 prae-

47 432 182 465 veniens
194 432 402 462 inimicorum
420 435 509 462 astus
521 455 531 470 ‚
549 430 726 461 amicorum
743 430 988 470 poenitentiam
1006 439 1112 470 neque
1131 432 1264 461 exuerat
1277 428 1384 469 paedo·

46 488 137 519 rem,
159 481 196 510 ut
217 479 350 519 vulgum
374 478 580 509 miseratione
610 477 804 508 adverteret.
834 486 898 508 non
924 478 1029 516 fraus,
1056 486 1120 508 non
1144 486 1277 516 preces,
1303 475 1383 507 nihii

47 527 226 566 omissum,
251 535 317 566 quo
339 526 512 566 ambiguos
535 525 688 563 illiceret,
712 524 855 565 prompti
880 524 1099 556 firmarentur.
1126 528 1262 564 Jamque
1281 523 1385 554 multa

47 583 148 606 manu
169 574 350 614 propinqua
366 572 516 605 Seleuciae
532 571 771 610 adventabant,
789 581 889 612 quum
903 572 1062 603 Tiridates
1072 571 1169 602 simul
1187 572 1272 602 fama
1285 572 1385 610 atque

47 620 121 662 ipso
138 620 300 652 Artabano
317 629 488 660 percussus
499 643 508 659 ‚
524 619 660 651 distrahi
676 619 839 657 consiliis,
858 619 919 650 iret
936 622 1050 650 contra
1062 642 1070 657 ‚
1090 627 1133 650 an
1166 618 1289 649 bellum
1307 627 1384 649 cun·

49 668 189 700 ctatione
205 667 391 699 tractaret&
408 667 528 708 quibus
542 666 694 707 proelium
709 668 741 698 et
763 661 903 697 festinati
920 675 1012 697 casus
1026 666 1208 706 placebant,
1227 665 1388 705 disjectos

48 717 83 747 et
97 715 350 757 lonqinquilate
367 717 499 746 itineris
508 715 624 754 sessos
644 722 686 746 ne
706 716 821 745 animo
838 714 976 754 quidem
1002 715 1087 745 satis
1110 713 1156 745 ad
1185 712 1386 753 obsequium

48 763 216 795 coaluisse
236 762 420 802 disserunt,
444 762 641 803 proditores
666 770 779 801 nuper
807 761 989 801 hostesque
1013 762 1086 801 cjzcs
1112 769 1212 801 quem
1243 767 1386 791 rursum

46 810 204 850 foveant.
233 818 347 841 verum
376 810 556 850 Abdageses
575 808 835 849 reqredz'endimz
857 810 892 839 in
907 810 1190 847 Mesopotamiam
1213 806 1387 845 censebat,

49 859 92 889 ut
108 865 211 889 amne
227 857 373 896 objecto,
391 859 558 889 Armeniis
575 858 715 887 interim
730 856 962 896 Elymaeisque
979 856 1012 886 et
1025 856 1142 886 ceteris
1169 863 1190 885 α
1214 856 1308 894 τεν-ρο
1328 861 1386 884 ex—

49 905 145 944 citis,
161 905 257 936 aucti
283 906 389 944 copiis
404 904 592 935 socialibus
620 905 654 935 et
678 912 765 944 quas
795 902 870 934 dux
888 905 1065 934 Romanus
1082 903 1247 940 misisset,
1266 900 1387 939 fortu-

49 958 134 983 nam
149 952 334 982 tentarent.
354 961 392 983 ea
411 951 570 983 sententia
589 950 710 988 valuit,
727 951 803 990 quia
819 949 960 990 plurima
976 949 1152 980 auctoritas
1170 956 1267 988 penes
1284 947 1388 978 Abda-

50 1006 144 1038 gesen
159 1000 191 1029 et
205 999 363 1030 Tiridates
380 999 515 1039 ignavus
530 998 570 1030 ad
589 998 731 1038 pericula
745 999 823 1029 erat.
842 997 896 1028 sed
912 997 995 1037 fugae
1012 996 1117 1037 specie
1131 996 1309 1027 discessum
1323 1006 1331 1033 ;
1350 1003 1387 1025 ac

50 1045 209 1086 principio
234 1054 252 1075 a
268 1048 360 1085 gente
386 1046 527 1077 Arabum
553 1046 656 1083 factm
675 1045 772 1076 ceteri
787 1045 902 1076 domos
919 1044 1038 1075 abeunt
1057 1044 1108 1074 vel
1126 1044 1156 1073 in
1174 1046 1280 1073 castra
1298 1043 1390 1073 Arta-

50 1091 147 1132 bani,
174 1092 277 1124 donec
290 1093 448 1125 Tiridates
463 1102 539 1124 cum
557 1093 667 1134 paucis
681 1093 714 1124 in
726 1093 853 1132 Syriam
871 1093 1022 1124 revectus
1035 1115 1044 1131 ,
1062 1091 1184 1131 pudore
1198 1089 1389 1131 proditionis

51 1148 164 1171 omnes
176 1140 324 1171 exsolvit.

94 1189 182 1217 XLV.
215 1186 302 1217 Idem
324 1195 427 1218 annus
443 1187 533 1226 gravi
558 1187 631 1227 igne
656 1185 778 1218 Urbem
803 1186 923 1227 afficit,
946 1185 1061 1217 deusta
1087 1185 1176 1226 parte
1201 1184 1285 1215 Circi
1314 1192 1387 1224 quae

51 1233 211 1264 Aventino
230 1235 400 1273 contigua,
421 1234 556 1274 ipsoque
581 1233 750 1265 Aventino.
779 1233 866 1273 quod
883 1233 1038 1264 damnum
1058 1236 1163 1264 Caesar
1187 1231 1228 1262 ad
1252 1231 1387 1269 gloriam

51 1280 149 1311 vertit
176 1281 330 1311 exsolutis
357 1280 513 1311 domuum
529 1281 559 1311 et
590 1280 770 1311 insularum
790 1280 798 1297 ¹
831 1280 955 1320 pretiis.
979 1280 1095 1311 millies
1121 1276 1332 1310 sestertinm²
1350 1285 1389 1308 ea

54 1327 273 1358 munificentia
289 1328 500 1368 collocatum,
526 1328 617 1358 tanto
645 1328 808 1367 acceptius
836 1327 870 1358 in
887 1328 1040 1367 vulgum,
1066 1330 1187 1366 quanto
1213 1324 1360 1356 modicus
1378 1324 1388 1342 Ξ

56 1374 192 1414 privatis
206 1374 484 1405 aedificationibus.
505 1383 544 1405 ne
566 1374 695 1415 publice
709 1373 841 1413 quidem
855 1374 919 1404 nisi
937 1375 1001 1405 duo
1026 1382 1123 1414 opera
1139 1372 1283 1410 struxit,
1311 1373 1391 1402 tem-

51 1420 141 1459 plum
156 1424 299 1460 Augusto
314 1424 346 1452 et
363 1430 492 1451 scenam
508 1421 690 1460 Pompeiani
706 1421 824 1452 theatri
841 1420 850 1438 ⁴
871 1430 879 1451 z
897 1429 999 1461 eaque
1017 1422 1159 1461 perfecta
1170 1444 1178 1458 ‚
1203 1419 1392 1458 contemptu

53 1466 239 1497 ambitionis
253 1491 261 1505 ,
279 1477 318 1498 an
333 1477 390 1508 per
404 1470 603 1499 senectutem
617 1492 625 1507 ‚
644 1468 728 1498 baud
746 1467 910 1500 dedicavit
926 1468 937 1486 ⁵
953 1468 1008 1500 sed
1024 1467 1219 1499 aestimando
1234 1466 1393 1505 cujusque

54 1512 249 1544 detrimento
261 1517 414 1553 quattuor
429 1515 595 1554 progeneri
611 1515 765 1554 Caesaris,
781 1519 840 1546 Cn.
858 1515 1019 1546 Domitius
1032 1539 1042 1553 ,
1068 1515 1199 1546 Cassius
1216 1512 1393 1551 Longinus,

54 1562 99 1591 M.
113 1560 257 1592 Vinicius
268 1585 276 1599 ‚
293 1560 460 1592 Rubellius
474 1562 614 1593 Blandus
627 1562 761 1602 delecti,
776 1562 970 1603 additusque
987 1562 1207 1594 nominatione
1221 1560 1394 1591 consulum

54 1609 91 1638 P.
110 1607 293 1640 Petronius.
319 1611 351 1639 et
368 1617 426 1648 pro
443 1608 572 1648 ingenio
601 1610 759 1649 cujusque
784 1609 915 1649 quaesiti
938 1610 1122 1649 decretique
1151 1608 1183 1638 in
1212 1606 1394 1646 Principem

0 1650 1 1658 ¹
54 1654 202 1686 honores.
222 1664 302 1695 quos
316 1656 462 1686 omiserit
477 1657 691 1696 receperitve,
725 1657 757 1687 in
785 1656 912 1688 incerto
935 1657 996 1688 suit
1018 1657 1060 1687 ob
1078 1654 1394 1698 propinquumrvitae

52 1701 162 1733 finem.
178 1707 288 1743 Neque
305 1703 392 1734 enim
406 1703 511 1735 multo
526 1706 600 1744 post
616 1704 759 1744 supremi
778 1704 906 1734 Tiberio
923 1704 1073 1735 consules
1084 1704 1095 1721 ὅ
1115 1707 1172 1735 Cn.
1189 1701 1392 1737 Acerronius,

53 1752 89 1781 C.
115 1749 267 1789 Pontius,
291 1750 515 1789 magistratum
548 1759 723 1791 occepere,
747 1751 847 1781 nimia
866 1751 933 1791 jam
960 1751 1107 1792 potentia
1132 1749 1311 1787 Macronis,
1337 1747 1394 1787 qui

12 1826 17 1837 f
53 1796 191 1837 gratiam
207 1800 241 1828 C.
266 1798 422 1837 Caesaris,
446 1806 614 1837 nunquam
640 1798 700 1829 sibi
729 1798 929 1838 neglectam,
958 1798 1065 1828 acrius
1083 1798 1115 1827 in
1142 1797 1212 1827 dies
1240 1794 1392 1833 fovebat,

62 1843 289 1883 mpuleratque
306 1845 378 1883 post
399 1846 536 1876 mortem
559 1845 721 1883 Claudiae,
748 1853 846 1884 quam
871 1846 1007 1884 nuptam
1032 1843 1062 1875 ei
1091 1842 1187 1874 retuli
1203 1841 1230 1881 ⁷,
1257 1850 1394 1872 uxorem

53 1896 145 1920 suam
168 1890 302 1921 Enniam
336 1890 493 1921 imitando
518 1899 628 1922 amore
650 1892 803 1930 juvenem
828 1891 948 1922 illicere
963 1915 973 1930 ‚
1002 1893 1165 1930 pactoque
1193 1888 1393 1919 matrimonii

53 1934 200 1977 vincire,
229 1937 310 1968 nibil
323 1937 536 1976 abnuentem,
563 1937 640 1968 dum
658 1937 892 1968 dominationis
912 1937 1106 1977 apiceretur.
1127 1944 1203 1966 nam
1229 1935 1291 1966 etsi
1308 1942 1395 1965 com-

54 1987 164 2015 motus
177 1984 188 2001 ⁸
209 1983 356 2024 ingenio,
369 1984 615 2015 simulationum
631 1986 740 2015 tamen
758 1984 835 2015 salsa
854 1984 887 2014 in
903 1984 976 2015 sinu
993 1983 1046 2015 avi
1060 1982 1284 2024 perdidicerat.

97 2034 202 2064 XLVI.
229 2034 371 2063 Gnarum
398 2031 461 2063 hoc
475 2030 634 2072 Principi,
657 2039 760 2071 eoque
787 2031 950 2064 dubitavit
978 2030 1019 2063 de
1044 2029 1204 2063 tradenda
1226 2026 1396 2069 republica

86 2174 176 2214 niv.
188 2181 212 2202 ι.
222 2177 310 2201 sensit
322 2178 476 2202 Artabanus
485 2196 491 2207 ,
505 2183 619 2207 regnum
631 2177 715 2207 longo
729 2183 778 2201 usu
792 2179 936 2208 expertus,
951 2179 980 2203 in
995 2183 1090 2202 amore
1102 2178 1212 2208 quidem
1231 2178 1314 2204 falsos
1333 2183 1394 2202 esse

57 2213 176 2241 amicos,
193 2217 273 2242 quem
286 2212 403 2242 fingant,
418 2213 466 2237 sed
480 2213 541 2237 odia
556 2218 610 2237 non
627 2213 732 2242 fingere
745 2219 829 2243 eaque
840 2219 899 2238 esse
913 2219 986 2238 vera.
997 2218 1059 2237 ——2.
1071 2214 1213 2238 ‘tranei-et.

89 2243 206 2286 XLV-¹¹.
230 2247 331 2271 Insula
349 2247 449 2272 dicitur
470 2248 578 2277 quando
601 2248 692 2278 plures
715 2248 898 2272 habitationes
920 2249 948 2273 in
966 2254 1050 2272 unum
1071 2249 1174 2278 junctae
1194 2249 1273 2277 sunt,
1294 2247 1394 2272 Graecis

59 2285 210 2319 σνγοικια.
223 2283 355 2307 vids-ntur
366 2289 424 2306 esse
438 2283 534 2307 domus
544 2289 658 2313 quarum
672 2284 776 2313 singula
787 2284 908 2308 tabulata
921 2284 1034 2314 (e'taqes)
1046 2285 1102 2308 sive
1118 2284 1294 2314 possidentur
1308 2288 1323 2306 a
1340 2284 1380 2306 sin

59 2315 128 2344 gulis
142 2316 257 2340 dominis
271 2318 353 2347 (quod
367 2318 502 2347 hodieque
516 2319 622 2343 obtinet
638 2319 666 2342 in
686 2319 772 2347 italia)
786 2320 843 2343 sive
858 2319 1001 2343 elocantur
1015 2319 1131 2349 singulis
1145 2319 1262 2343 familiis.
1277 2331 1306 2335 —
1316 2322 1341 2341 2.
1355 2324 1392 2344 ιθ.

60 2354 114 2379 υτ»,
127 2352 259 2381 32οῙν.-
269 2358 290 2376 ⁵.
304 2354 346 2377 sc.
361 2354 420 2377 erat
430 2353 561 2378 Tiberius.
572 2366 603 2372 —
613 2358 634 2378 ⁴.
645 2353 721 2378 conf.
733 2354 783 2383 111,
793 2359 830 2377 72.
841 2360 902 2378 -ε,
913 2355 977 2385 Quae
986 2356 1046 2379 erat
1059 2355 1212 2378 caerimonia
1226 2353 1380 2383 triumphali

19 2387 25 2393 ⁵
61 2383 112 2409 hus
136 2385 283 2411 honoribus
310 2389 482 2418 aequiparata.
495 2400 525 2405 -
536 2394 560 2413 e.
573 2390 642 2413 Anni
652 2390 682 2414 U.
693 2395 745 2418 790,
760 2396 785 2419 p.
799 2390 861 2414 Chr.
879 2395 916 2415 5⁷.
927 2395 989 2415 —7.
1009 2391 1070 2420 Cap.
1085 2394 1123 2414 20.
1137 2401 1166 2407 —
1178 2395 1199 2414 a.
1217 2389 1376 2413 concitatus

61 2419 217 2452 vehemens,
229 2422 262 2446 de
275 2423 347 2453 caio,
358 2425 375 2448 i.
386 2429 412 2448 e.
426 2424 556 2454 caligula.
