1539 2668
129 140 172 170 32
544 136 677 166 TACITI
699 135 909 165 ANNALIUM
931 136 1004 165 LIB.
1030 136 1053 165 1.

132 209 327 244 abstinuerit
344 209 528 252 spectaculo
543 209 630 251 ipse,
650 208 739 240 varie
751 208 924 240 trahebant
939 208 973 249 ⁶3
990 208 1044 240 alii
1067 208 1166 241 taedio
1187 209 1292 240 coetus
1303 233 1311 248 ,
1331 209 1464 251 quidam

131 257 284 290 tristitia⁷
312 257 430 298 ingenii
454 258 485 289 et
506 258 597 289 metu
620 256 874 296 comparationis
888 281 896 296 ‚
920 256 996 297 quia
1025 259 1191 294 Augustus
1207 256 1341 288 comiter
1369 257 1467 289 inter·

131 305 257 337 suisset.
275 314 340 336 non
364 304 556 336 crediderim
582 303 623 335 ad
645 302 874 334 ostentandam
900 304 1058 335 saevitiam
1082 303 1325 344 movendasque
1353 304 1465 344 populi

128 353 328 386 offensiones
345 360 536 383 concessam
553 351 618 382 lilio
634 350 801 382 materiem
820 360 827 381 z
843 359 1043 391 quamquam
1058 351 1090 382 id
1109 360 1238 391 quoque
1255 351 1379 382 dictum
1404 352 1464 383 est.

174 403 320 432 LXXVII.
346 402 386 431 At
399 399 517 430 theatri
537 397 665 430 licentia
677 422 686 437 ,
702 398 849 438 proximo
870 398 976 438 priore
998 407 1082 430 anno
1098 402 1202 438 coepta
1217 421 1225 436 ,
1250 398 1379 438 gravius
1394 399 1466 429 tum

127 447 256 489 erupit,
269 447 386 479 occisis
400 456 464 478 non
482 446 580 477 modo
604 454 620 477 e
639 445 730 486 plebe
745 470 754 485 ‚
772 445 828 476 sed
845 446 1004 478 militibus
1021 449 1052 477 et
1067 446 1256 477 centurione
1268 470 1277 485 ‚
1296 445 1467 477 vulnerato

133 495 264 527 tribuno
278 495 437 535 praeterite
455 493 618 532 cohortis,
637 493 714 524 dum
740 493 857 534 probra
881 493 914 524 in
940 494 1151 533 magistratus
1177 496 1209 524 et
1231 493 1466 524 dissensionem

129 542 218 582 vulgi
235 542 421 584 prohibent.
445 543 553 572 actum
572 539 611 571 de
626 549 663 571 ea
679 540 841 573 seditione
856 541 941 581 apud
963 544 1089 579 Patres,
1116 541 1370 580 dicebanturque
1391 549 1464 571 sen-

130 591 261 630 tentiae,
278 592 319 621 ut
330 588 542 629 praetoribus
557 588 616 627 jus
630 590 810 629 virqarum
823 590 859 620 z‘n
880 588 1063 620 histriones
1080 590 1176 620 esset.
1202 588 1383 620 intercessit
1406 592 1465 620 Ha-

130 637 234 670 terius
258 636 396 676 Agrippa
422 635 575 667 tribunus
602 635 725 675 plebei,
752 635 996 676 increpitusque
1019 638 1067 667 est
1083 635 1182 666 Asinii
1198 635 1277 666 Galli
1294 635 1439 667 orat10ne
1454 659 1463 676 ,

131 685 247 716 silente
260 684 387 715 Tiberio
401 707 409 723 ,
423 682 477 723 qui
492 691 529 714 ea
546 681 720 714 simulacra
737 683 894 715 libertatis
908 684 1032 714 senatui
1049 683 1223 723 praebebat.
1240 683 1339 714 valuit
1355 685 1465 715 tamen

131 732 341 771 intercessio,
367 731 444 771 quia
460 731 556 762 divus
580 732 744 770 Augustus
760 732 928 762 immunes
953 731 1131 762 verberum
1159 730 1343 762 histriones
1365 740 1467 771 quon-

131 780 206 811 dam
223 778 430 818 responderat
448 778 454 795 ¹
472 801 480 816 ,
498 787 603 817 neque
619 777 665 809 fas
679 778 806 810 Tiberio
821 778 995 819 infringere
1012 777 1097 809 dictu
1113 777 1191 817 ejus.
1207 777 1247 808 de
1263 777 1360 808 modo
1381 777 1467 810 luca·

131 827 176 858 ris
189 829 221 857 et
237 826 392 857 adversus
406 825 573 856 lasciviam
595 825 756 856 fautorum
770 824 781 842 ²
800 825 901 856 multa
915 825 1137 856 decernuntur
1152 834 1159 856 :
1175 834 1212 856 ex
1229 827 1303 864 quis
1325 824 1467 856 maxime

132 872 273 913 insignia
286 897 294 911 ‚
314 885 328 899 «
344 881 384 903 ne
397 871 511 903 domos
529 872 805 912 pantomimorum
821 876 952 904 senator
972 873 1139 912 introiret3
1158 881 1197 903 ne
1218 871 1418 911 egredientes
1432 871 1465 903 in

134 933 149 947 «
165 920 331 960 publicum
347 919 358 937 3
378 919 512 959 Equites
528 919 664 951 Romani
679 920 845 959 cingerent
860 943 867 958 ,
882 923 937 951 aut
952 920 1027 951 alibi
1044 929 1140 960 quam
1155 920 1187 950 in
1203 920 1328 950 theatro
1342 920 1467 959 specta-

133 979 150 994 «
167 969 297 1004 rentur;
315 967 347 997 et
362 966 581 1006 spectantium
596 966 836 998 immodestiam
851 967 967 998 exsilio
984 966 1141 998 multandi
1165 968 1307 1006 potestas
1324 966 1467 1006 praetori—

133 1027 148 1041 «
163 1014 225 1045 bus
241 1014 339 1045 fieret.
356 1026 372 1041 n

174 1065 336 1093 Lxxviil.
362 1061 531 1101 Templum
548 1062 585 1093 ut
606 1062 637 1093 in
658 1062 783 1093 colonia
799 1063 1027 1094 Tarraconensi
1042 1063 1220 1093 strueretur
1234 1061 1376 1101 Augusto
1388 1085 1397 1099 ,
1414 1067 1467 1100 pe-

133 1108 278 1140 tentibus
301 1109 449 1149 Hispanis
466 1109 676 1149 permissum,
693 1109 870 1149 datumque
887 1110 918 1140 in
936 1118 1048 1140 omnes
1065 1109 1246 1149 provincias
1266 1107 1462 1147 exemplum.

131 1155 349 1187 Centesimum
379 1164 487 1186 rerum
516 1155 680 1186 venalium
699 1155 705 1172 ¹
739 1158 809 1195 post
833 1155 912 1187 bella
940 1156 1047 1186 civilia
1077 1156 1257 1186 institutam
1273 1154 1466 1194 deprecante

131 1203 270 1243 populo,
301 1202 404 1233 edixit
426 1202 572 1233 Tiberius
595 1202 748 1233 mutitare
780 1204 950 1233 cercirimn
969 1202 979 1219 ²
1002 1211 1038 1233 eo
1061 1202 1211 1233 subsidio
1231 1203 1318 1239 ηὶίὶς
1347 1200 1465 1239 simul,

130 1251 303 1290 imparem
329 1251 422 1280 oneri
452 1248 720 1288 reinlmblicam,
743 1251 810 1280 nisi
840 1251 995 1281 vicesimo
1024 1250 1163 1281 mililt'ce
1193 1257 1285 1280 (nmo
1308 1249 1465 1279 valerani

131 1300 405 1332 divnilterentszcr.
432 1298 475 1328 ita
503 1299 661 1338 proximae
683 1298 850 1329 seditionis
875 1299 957 1329 male
984 1299 1148 1337 consulta,
1179 1298 1296 1339 quibus
1324 1297 1464 1329 sedecim

130 1346 366 1386 stipendiorum
384 1344 479 1375 finem
499 1344 510 1362 ³
536 1347 775 1384 expresserant,
791 1346 910 1376 abolita
927 1346 958 1376 in
974 1348 1146 1385 posterum.

174 1396 303 1424 LXXIX.
325 1394 440 1422 Actum
458 1391 572 1422 deinde
586 1392 619 1422 in
636 1394 746 1423 senatu
765 1392 805 1423 ab
822 1393 974 1424 Arruntio
991 1395 1022 1423 et
1041 1393 1130 1423 Ateio
1142 1417 1150 1431 ‚
1172 1401 1211 1422 an
1236 1391 1277 1422 ob
1296 1391 1462 1422 moderan-

131 1438 188 1471 das
201 1438 324 1470 Tiberis
340 1438 572 1469 exundationes
586 1439 806 1470 verterentur¹
828 1439 959 1471 flumina
975 1443 1006 1471 et
1021 1440 1120 1478 lacus,
1137 1449 1191 1479 per
1208 1448 1287 1480 quos
1306 1438 1461 1478 augescit.

129 1486 314 1526 auditaeque
330 1485 582 1525 municipiorum
599 1488 631 1517 et
648 1485 846 1516 coloniarum
863 1486 1033 1525 legationes
1044 1511 1052 1526 ,
1077 1487 1243 1518 orantibus
1260 1484 1463 1523 Florentinis,

130 1542 175 1565 ne
193 1534 312 1565 Clanis
327 1557 335 1572 ,
359 1533 459 1564 solito
481 1534 579 1564 alveo
605 1532 778 1569 demotus,
809 1536 843 1565 in
872 1542 1007 1565 animem
1037 1536 1168 1565 „li-mem
1191 1533 1460 1572 transferrelm·‚

129 1580 232 1621 idque
248 1582 331 1620 ipsis
345 1581 530 1620 perniciem
547 1583 709 1620 (efferret.
726 1580 934 1620 congruentia
948 1581 996 1611 his
1013 1584 1244 1612 interamnates
1263 1581 1437 1612 disseruere
1452 1588 1460 1610 ε

127 1634 268 1666 pessum
284 1626 668 1666 {tidrosfecundissimos
684 1628 800 1658 [salice
816 1637 967 1668 campos,
984 1630 1011 1659 si
1028 1631 1140 1660 anonis
1155 1631 1233 1659 Nar
1248 1628 1290 1667 (id
1310 1628 1396 1659 enim
1410 1636 1462 1667 pa-

131 1673 282 1713 rabatur)
309 1676 343 1705 in
370 1675 460 1705 rivos
486 1674 648 1705 diductus
675 1677 1025 1715 superslaqnarisset.
1063 1684 1121 1706 nec
1150 1675 1277 1706 Reatini
1305 1674 1439 1706 silebant
1453 1699 1462 1714 ,

130 1721 280 1752 Velinum
298 1721 421 1760 lacum,
442 1730 506 1760 qna
526 1720 558 1751 in
576 1726 690 1753 Narem
708 1721 905 1759 effunditur,
924 1722 1048 1753 obstrui
1073 1725 1275 1761 recusantes,
1307 1735 1321 1748 «
1340 1722 1460 1761 quippe

134 1781 150 1796 «ι
167 1768 200 1799 in
214 1767 394 1808 adjacentia
410 1770 599 1807 erupturum
613 1779 622 1807 3
636 1769 756 1808 optime
771 1769 866 1800 rebus
882 1769 1066 1800 mortalium
1084 1769 1282 1800 consuluisse
1298 1770 1460 1807 naturam,

131 1828 147 1842 «
167 1824 240 1855 quae
257 1824 314 1846 sua
331 1823 386 1846 ora
402 1814 603 1854 fluminibus,
621 1824 696 1847 snos
713 1825 837 1855 cursus,
854 1818 952 1856 utque
966 1817 1142 1856 originem,
1160 1817 1204 1847 ita
1219 1818 1297 1847 tines
1315 1816 1458 1854 dederit;

131 1874 150 1890 «ι
170 1862 356 1903 spectandas
372 1862 469 1893 etiam
487 1862 654 1901 religiones
670 1863 830 1894 sociorum
842 1887 850 1902 ‚
868 1863 923 1903 qui
943 1872 1032 1894 saera
1050 1866 1081 1895 et
1097 1864 1187 1895 lucos
1209 1867 1240 1895 et
1261 1872 1330 1894 aras
1349 1862 1464 1903 patriis

132 1922 147 1936 ιι
166 1909 316 1940 amnibus
330 1908 519 1940 dicaverint.
535 1909 612 1949 quin
627 1909 732 1950 ipsum
749 1910 890 1941 Tiberim
908 1910 991 1941 nolle
1008 1919 1137 1951 prorsus
1152 1911 1268 1942 accolis
1282 1910 1387 1942 fluviis
1404 1919 1457 1941 or-

132 1968 149 1983 «
164 1955 274 1988 batum
288 1956 412 1987 minore
425 1956 524 1996 gloria
538 1956 666 1988 fluere».
681 1967 738 1988 seu
764 1966 873 1997 preces
898 1957 1096 1989 coloniarum
1119 1967 1174 1989 seu
1200 1958 1370 1989 difficultas
1390 1966 1460 1998 ope-

131 2012 204 2034 rum
218 2004 285 2035 sive
301 2003 485 2043 superstitio
501 2003 622 2043 valuit,
641 2006 677 2036 ut
692 2004 727 2035 in
744 2005 937 2036 sententiam
954 2005 1077 2036 Pisonis
1091 2005 1331 2043 concederetur,
1347 2003 1402 2044 qui
1417 2003 1461 2035 nil

131 2050 324 2081 mutandum
341 2052 524 2082 censuerat.

174 2101 287 2128 LXXX.
309 2099 502 2136 Prorogatur
524 2101 663 2138 Poppaeo
678 2098 795 2130 Sabino
819 2098 985 2138 provincia
1008 2098 1136 2138 Moesia,
1157 2098 1273 2130 additis
1290 2097 1407 2129 Achaia
1424 2105 1460 2127 ac

130 2143 326 2177 Macedonia.
345 2142 376 2173 id
391 2152 520 2184 quoque
539 2153 667 2176 morum
690 2144 808 2176 Tiberii
828 2145 907 2185 suit,
926 2145 1113 2177 continuare
1135 2145 1269 2186 imperia
1285 2154 1323 2176 ac
1339 2145 1461 2185 pleros-

131 2213 318 2242 1ormidabile,
333 2213 491 2236 timendum.
503 2225 531 2230 —
544 2218 567 2237 e.
583 2214 622 2237 Ad
636 2215 723 2238 varias
741 2220 835 2238 causas
848 2213 1014 2238 referebant.
1028 2227 1056 2231 —
1067 2220 1089 2238 7.
1104 2215 1279 2239 Austeritate.

161 2249 286 2274 LXXVii.
304 2253 322 2271 i.
340 2249 377 2271 De
396 2254 426 2271 ea
441 2253 470 2271 re
487 2248 633 2272 consultus.
650 2250 678 2272 V.
693 2250 802 2273 sueton.
821 2255 844 2273 c.
867 2254 904 2272 45.
932 2261 954 2266 -
972 2254 996 2272 2.
1021 2249 1192 2278 Plausorum,
1211 2250 1303 2280 quales
1316 2249 1373 2280 jam
1396 2249 1460 2272 ante

132 2285 187 2309 duo
201 2282 298 2307 saecuia
312 2283 437 2307 mercede
450 2283 683 2307 conducebantur.
698 2297 727 2302 —
738 2290 760 2308 5.
773 2286 814 2309 Sc.
827 2284 1014 2314 pantomimos.

164 2320 230 2344 Lxx
237 2319 301 2343 Viti.
323 2325 344 2342 ι.
361 2320 430 2343 Dicit
445 2319 626 2343 centesimam
646 2321 825 2345 auctionum.
839 2333 869 2338 —
887 2325 909 2345 «ι.
926 2320 965 2344 Ab
980 2321 1101 2350 Augusto
1116 2327 1140 2345 a.
1153 2321 1182 2346 U.
1195 2326 1239 2345 ⁷59
1256 2321 1417 2346 institutum.
1430 2332 1458 2338 —

130 2361 157 2380 ³.
172 2355 244 2379 Finis
259 2353 358 2378 inititiae
374 2354 401 2378 in
418 2353 555 2378 sedecimo
572 2355 707 2384 stipendio
720 2357 802 2384 (anno
817 2356 931 2384 militiae)
949 2356 1121 2381 constitutus,

161 2389 279 2414 LXXlX.
295 2394 317 2414 ι.
331 2391 375 2414 sc.
393 2389 446 2414 alio
456 2408 463 2420 ,
477 2395 508 2414 ex
520 2389 600 2414 solito
617 2389 693 2414 alveo
707 2391 733 2414 in
745 2391 823 2415 aliam
839 2391 955 2421 partem.
