1539 2668
595 164 644 192 DE
666 164 928 193 ORATORlBUS.
1362 165 1422 195 475

108 240 281 271 canutium
294 240 351 269 aut
362 238 488 269 Arrium
501 237 710 275 Furniumve,
725 246 815 277 curo,
825 247 882 268 nec
895 237 972 267 alios
985 238 991 254 ¹
1005 237 1035 267 in
1049 236 1160 267 eodem
1176 237 1422 269 valitudinari0²

109 285 178 317 liaec
191 293 262 316 ossa
275 287 307 316 et
329 285 413 316 lianc
428 284 563 315 maciem
581 284 754 323 probantes
768 283 779 301 ³
796 294 803 314 ε
820 284 887 323 ipse
900 283 979 314 mihi
1003 283 1134 321 Calvus,
1150 293 1251 323 quum
1274 293 1375 315 unum
1394 286 1427 315 et

108 332 241 372 viginti,
257 334 293 363 ut
311 334 406 372 puto,
424 330 523 362 libros
542 331 727 370 reliquerit,
745 332 797 361 vix
820 331 851 361 in
871 340 933 361 una
949 333 981 362 et
1000 331 1100 361 altera
1114 331 1317 362 oratiuncula
1336 332 1426 363 satis-

108 380 193 412 facit.
218 388 277 411 nec
302 379 473 409 dissentire
498 381 621 408 ceteros
648 378 687 409 ab
713 379 775 409 hoc
803 386 875 408 meo
899 378 1021 416 Judicio
1044 377 1137 408 video
1165 387 1171 407 ;
1198 380 1316 417 quotus
1341 379 1427 409 enim

105 429 243 468 quisque
265 426 354 459 Calvi
371 426 405 456 in
422 424 559 456 Asitium
578 426 633 456 aut
652 426 684 455 in
700 429 840 456 Drusum
856 424 865 441 ⁴
890 425 988 464 legit?
1005 427 1038 455 at
1061 425 1194 455 Hercule
1211 425 1242 455 in
1260 425 1427 455 bominum

105 476 325 509 studiosorum
343 472 492 503 manibus
509 475 679 502 versantur
697 472 918 503 accusationes
934 480 1005 510 quae
1025 471 1056 502 in
1072 472 1234 502 vatinium
1249 471 1426 502 inscribun-

107 526 172 561 tur,
187 531 224 554 ac
239 520 401 561 praecipue
418 518 561 550 secunda
578 528 615 549 ex
636 519 684 550 liis
700 520 817 549 oratio.
834 520 883 549 est
900 518 984 549 enim
1002 519 1110 549 verbis
1127 522 1238 549 ornata
1254 520 1286 549 et
1303 520 1427 549 senten-

106 569 178 608 tiis,
205 568 337 599 auribus
361 566 509 605 iudicum
545 565 812 603 accommodata,
840 568 876 596 ut
901 565 983 596 scias
1012 566 1116 606 ipsum
1142 574 1272 605 quoque
1297 565 1428 596 Calvum

105 615 300 647 intellexisse
314 614 392 654 quid
407 613 522 644 melius
537 616 633 652 esset,
651 622 709 644 nec
726 613 924 643 voluntatem
942 612 971 643 ei
985 637 993 651 ‚
1009 622 1074 652 quo
1086 613 1255 644 sublimius
1268 616 1299 643 et
1311 612 1430 643 cultius

104 662 244 700 diceret,
261 661 318 693 sed
336 660 499 699 ingenium
516 668 554 690 ac
576 660 662 691 vires
678 659 829 691 defuisse.
854 659 937 698 Quid
957 668 993 689 ex
1017 659 1165 690 Caelianis
1182 659 1430 690 orationibus-³?

106 719 222 749 nempe
238 718 284 740 eae
301 709 449 749 placent,
465 707 491 739 si
510 716 574 738 non
593 707 756 738 universae
769 731 777 745 ,
795 710 827 737 at
842 710 947 747 partes
963 714 1093 744 earum,
1110 707 1141 737 in
1159 706 1277 746 quihus
1293 706 1428 736 nitorem

104 758 136 789 et
148 756 352 788 altitudinem
370 755 485 785 borum
503 756 685 794 temporum
702 754 918 793 agnoscimus.
932 753 1042 784 sordes
1057 756 1165 784 autem
1180 754 1242 784 illae
1258 753 1429 783 verborum

105 805 137 837 et
154 803 246 834 hians
262 802 456 842 compositio
473 804 506 833 et
522 802 678 833 inconditi
694 809 808 832 sensus
822 801 968 832 redolent
985 801 1207 840 antiquitatem
1222 812 1230 838 ;
1248 809 1307 831 nec
1324 807 1431 840 quem-

105 859 204 892 quam
227 849 307 880 adeo
323 849 540 889 antiquarium
552 849 564 867 θ
587 850 684 888 puto,
703 849 741 879 ut
761 848 896 878 Coelium
914 857 953 878 ex
975 857 1011 879 ea
1028 850 1118 887 parte
1135 847 1244 878 laudet
1262 856 1326 887 qua
1344 846 1428 877 antl-

105 905 189 937 quus
203 898 262 927 est.
282 896 504 927 concedamus
520 904 597 926 sane
611 896 686 927 Caio
700 894 816 926 Caesari
829 918 836 932 ‚
854 897 888 925 nt
905 897 1034 934 propter
1048 894 1301 933 magnitudinem
1316 893 1430 933 cogita·

104 944 227 975 tionum
244 946 276 974 et
291 943 520 982 occupationes
543 951 652 973 rerum
676 942 707 972 in
730 941 912 980 eloquentia
938 950 1003 971 non
1027 941 1171 971 effecerit
1189 949 1261 979 quae
1280 940 1428 972 divinum

103 992 172 1031 ejus
196 990 360 1029 ingenium
384 990 610 1028 postulabat⁵3
637 991 703 1020 tam
727 989 832 1020 lici-cle
855 998 950 1028 quain
970 991 1102 1018 Brutum
1129 988 1339 1028 philosophia>
1361 997 1429 1019 suae

103 1039 325 1078 relinquamus
344 1046 351 1067 :
371 1036 493 1067 namin
512 1036 715 1067 orationibus
732 1037 888 1067 minori-in
905 1044 974 1066 esse
995 1036 1077 1065 fama
1099 1044 1156 1065 sua
1171 1035 1268 1066 etiam
1289 1035 1427 1067 admira-

104 1087 191 1116 tores
217 1084 286 1123 ejus
308 1084 483 1114 laterit111‘⁹.
509 1091 568 1114 nec
594 1084 657 1113 fere
673 1084 843 1122 quisquam
866 1085 920 1113 aut
939 1083 1071 1113 casaris
1088 1091 1145 1121 pro
1172 1082 1265 1113 Decio
1287 1082 1429 1113 Samnite

103 1134 159 1163 aut
175 1132 263 1163 Bruti
285 1140 342 1171 pro
361 1131 511 1162 Deiotaro
527 1139 598 1169 rege
613 1130 638 1147 ¹⁰
663 1132 849 1169 ceterosque
861 1129 1006 1168 ejusdem
1021 1129 1225 1160 lentitudinis
1247 1138 1284 1160 ac
1308 1130 1428 1170 teporis

103 1178 202 1211 libros
222 1178 316 1218 legit,
335 1178 395 1209 nisi
412 1180 444 1210 et
461 1177 606 1207 carmina
623 1177 798 1208 eorundem
817 1178 964 1208 miratur.
983 1178 1125 1207 fecerunt
1138 1177 1222 1207 enim
1236 1177 1267 1207 et
1284 1178 1429 1209 carmina

101 1226 135 1258 et
157 1225 189 1256 in
215 1225 429 1256 bibliothecas
454 1224 691 1263 retulerunt¹¹‚
718 1233 781 1254 non
809 1224 925 1254 melius
940 1232 1036 1263 quam
1056 1223 1184 1262 Cicero,
1204 1223 1260 1253 sed
1281 1224 1403 1255 felicius
1417 1248 1427 1263 ‚

102 1272 178 1314 quia
190 1272 262 1303 illos
276 1272 388 1303 fecisse
405 1271 572 1311 panciores
583 1271 703 1301 sciunt.
717 1271 847 1301 Asinius
863 1279 1207 1310 quoque,quamquam
1223 1270 1428 1310 propioribus

102 1319 307 1359 temporibus
324 1321 419 1350 natus
440 1318 502 1355 sit,
520 1318 649 1348 videtur
663 1318 743 1348 mihi
756 1318 839 1348 inter
854 1318 1015 1348 Menenios
1029 1319 1060 1348 et
1075 1317 1193 1356 Appios
1210 1317 1372 1348 studuisse
1386 1317 1428 1349 ¹².

103 1367 279 1398 Pacuvium
298 1369 383 1398 certe
405 1369 440 1397 et
459 1366 583 1396 Attium
608 1374 672 1396 non
694 1366 800 1396 solum
823 1364 1006 1404 tragoediis,
1025 1364 1079 1395 sed
1106 1365 1201 1395 etiam
1226 1364 1428 1397 orationibus

102 1412 171 1444 suis
192 1413 352 1454 expressit
377 1423 384 1443 :
409 1412 490 1443 adeo
516 1412 618 1443 durus
642 1414 674 1444 et
697 1412 802 1443 siccus
826 1414 886 1442 est.
916 1413 1024 1442 Oratio
1047 1415 1177 1449 autem,
1203 1411 1287 1442 sicut
1310 1420 1427 1452 corpus

103 1460 264 1499 hominis,
282 1470 319 1491 ea
336 1460 466 1491 demum
486 1460 620 1499 pulchra
640 1462 710 1497 est,
728 1460 760 1489 in
778 1468 839 1499 qua
859 1468 920 1488 non
939 1459 1081 1489 eminent
1096 1467 1188 1489 venae
1206 1467 1264 1489 nec
1281 1467 1354 1489 ossa
1370 1468 1427 1490 nu·

102 1509 288 1545 merantur,
309 1507 366 1538 sed
394 1509 594 1546 temperatus
618 1516 656 1537 ac
678 1506 783 1537 bonus
801 1506 928 1545 sanguis
945 1506 1056 1544 implet
1074 1505 1219 1536 menibra
1235 1508 1267 1536 et
1283 1505 1428 1544 exsurgit

102 1556 180 1586 toris
195 1554 221 1572 ¹³
243 1555 391 1606 ipsosque
404 1562 520 1585 nervos
535 1554 650 1585 rubore
666 1554 741 1592 tegit
755 1556 786 1584 et
800 1554 913 1583 decore
927 1552 1142 1583 commendat.
1157 1553 1236 1583 Nolo
1251 1553 1426 1583 Corvinum

101 1602 248 1641 insequi,
271 1601 347 1640 quia
370 1609 438 1631 non
465 1610 522 1640 pei
551 1601 658 1641 ipsum
684 1599 1029 1639 stetit¹⁴‚q·1ominus
1053 1599 1197 1629 lutitiam
1224 1599 1427 1639 nitoremque

101 1652 283 1680 nostrorum
306 1650 489 1700 temporum
511 1648 717 1688 exprimeret
742 1625 957 1677 videiimus¹⁵
980 1647 1012 1676 in
1033 1648 1192 1686 quantum
1210 1646 1335 1685 Judicio
1357 1647 1427 1686 eJus

101 1694 150 1726 vis
168 1696 224 1726 aut
243 1694 345 1725 animi
361 1696 418 1725 aut
436 1694 554 1733 ingenii
574 1694 749 1725 sulfecerit.

142 1745 238 1773 xxu.
260 1754 275 1769 «
296 1741 344 1772 Ad
369 1740 556 1772 Ciceronem
583 1742 701 1780 venio,
721 1741 774 1772 cui
797 1741 909 1772 eadem
937 1749 1044 1781 pugna
1064 1749 1139 1771 cum
1162 1740 1341 1780 aequalibus
1358 1741 1426 1772 suis

132 1831 201 1855 XXI.
216 1835 234 1853 ι.
248 1830 291 1854 Sic
307 1830 457 1854 Gronovius
474 1830 501 1853 et
516 1830 640 1853 Rittcrus
656 1829 832 1858 Manuscripti
849 1829 954 1852 Canuti
966 1830 1020 1852 aut
1035 1828 1108 1852 Attii
1122 1828 1155 1851 de
1169 1828 1278 1852 Furnio
1294 1830 1322 1853 et
1340 1829 1427 1853 Cora-

102 1867 151 1893 m'o
164 1866 248 1890 alios·
266 1865 423 1893 canutium,
441 1865 548 1888 Arrium
564 1865 591 1887 et
611 1864 737 1888 Furnium
757 1866 880 1888 oratores
898 1864 1030 1887 memorat
1049 1864 1220 1887 Cicera-2.
1244 1864 1341 1887 Eodem
1362 1865 1426 1888 vitio

102 1901 265 1926 laborantes.
280 1901 381 1923 Seneca
396 1900 485 1929 Epist>
500 1900 595 1928 XXVII
608 1905 614 1922 :
634 1899 781 1928 Tanquam
794 1900 824 1923 in
837 1900 932 1923 eodem
945 1898 1291 1927 valetudinariojaceam,
1306 1899 1340 1922 de
1355 1906 1427 1923 com-

101 1936 183 1961 muni
196 1936 274 1959 malo
288 1937 379 1959 tecum
391 1935 603 1964 coaequam—5.
619 1935 680 1958 Mss.
692 1934 824 1963 probant.
838 1936 906 1958 Ossa
920 1935 948 1957 ct
958 1934 1062 1957 macies
1076 1934 1108 1956 de
1119 1933 1192 1957 tenui
1204 1935 1231 1956 et
1245 1934 1307 1957 exili
1318 1934 1425 1958 (licendi

101 1978 210 2002 genere.
222 1985 248 1988 -
260 1977 280 1994 -i-
295 1975 335 1998 sc.
351 1972 495 1995 orationes.
510 1972 548 1994 De
566 1970 720 1993 hominibus
734 1970 786 1994 illis
802 1970 868 1993 nibil
886 1971 954 1994 certi
972 1970 1087 1992 constat.
1105 1970 1279 1998 conjecturas
1299 1969 1382 1993 habes
1399 1971 1426 1994 in

102 2007 280 2037 Fraqmeneis
296 2006 449 2030 oratorum
464 2013 487 2035 p.
502 2011 543 2029 521
559 2011 644 2035 seqq,
659 2005 813 2035 ibidemque
831 2005 984 2034 fragmenta
998 2005 1150 2028 orationum
1165 2004 1195 2027 ιή
1210 2004 1378 2033 Vatinium,
1394 2011 1424 2029 ex

101 2040 232 2066 Cicerone
242 2042 402 2065 notum-s.
415 2042 511 2065 Nonne
525 2041 596 2063 idem
608 2040 726 2064 efficitur
740 2047 773 2064 ex
786 2040 859 2063 Coelii
872 2040 1024 2063 orationum
1039 2038 1234 2068 exemplo?—‹;.
1251 2040 1427 2068 Antiquitatis

100 2079 249 2103 amatorem
264 2076 460 2100 fervidum—n.
475 2076 603 2100 Similiter
616 2076 766 2105 loquuntur
779 2075 958 2104 Quintilianus
969 2076 1001 2102 Χ,
1015 2080 1035 2102 ¹,
1048 2074 1061 2104 ς
1074 2079 1123 2102 iu,
1142 2076 1169 2098 et
1181 2075 1339 2098 Plutarchus
1354 2075 1425 2098 Vita

101 2112 167 2136 Caes.
183 2117 207 2136 c.
219 2118 240 2134 τ..
259 2122 289 2128 ‹—
301 2117 324 2136 9.
339 2111 518 2141 Quintilianus
531 2112 544 2141 ξ
562 2117 619 2134 125:
634 2111 665 2134 1η
676 2110 881 2140 philosophia(
895 2112 995 2138 Stoica,
1009 2110 1043 2133 de
1060 2115 1112 2139 qua
1127 2109 1210 2132 libros
1225 2110 1308 2133 edidit
1324 2111 1330 2137 )
1347 2116 1426 2139 eyre-

100 2147 164 2177 ωας
176 2148 338 2177 multoque,
355 2153 440 2177 quam
462 2149 491 2171 in
508 2146 704 2174 orationibus,
714 2146 905 2175 praestantior
919 2146 1028 2170 Brutus
1041 2145 1159 2175 suffecit
1170 2145 1291 2173 ponderi
1305 2151 1402 2169 rerum
1416 2152 1425 2166 :

100 2182 172 2206 scias
185 2188 249 2206 eum
271 2183 378 2206 sentire
394 2188 456 2212 quw
480 2182 560 2206 dicit.
572 2194 599 2198 ——
612 2186 646 2205 ιο.
662 2182 819 2206 Orationem
835 2187 882 2210 pro
905 2180 956 2209 illo>
972 2181 1102 2204 Armeniae
1122 2186 1187 2209 rege
1206 2185 1297 2203 coram
1319 2180 1424 2202 Caesare

100 2216 194 2241 Nicaeae
206 2217 341 2245 habitain;
355 2217 407 2241 Cic.
423 2218 475 2247 Ep.
489 2218 528 2241 ad
544 2217 629 2242 Ατϊὶε.
644 2217 713 2244 XIV,
729 2221 787 2239 1.-
799 2221 834 2239 u.
852 2216 901 2240 Ubi
925 2216 1018 2245 inspici
1033 2222 1048 2239 a
1065 2215 1192 2239 studiosis
1204 2214 1342 2244 poterant.
1360 2215 1423 2239 Erat

101 2250 146 2275 hic
158 2252 214 2275 tum
229 2258 298 2275 unus
313 2259 344 2276 ex
356 2253 459 2276 edendi
477 2253 571 2276 modis⁴
584 2265 611 2268 —
624 2257 660 2275 νε.
682 2252 789 2276 Litteris
802 2257 911 2280 operam
930 2251 1046 2275 dedisse.
1060 2251 1202 2274 Menenius
1219 2250 1335 2278 Agrippa
1349 2251 1375 2274 et
1386 2251 1423 2275 Cl.

102 2286 202 2315 Appius
215 2287 308 2311 caecus
319 2288 373 2317 jam
388 2293 410 2312 c.
428 2293 453 2311 27
465 2289 492 2311 et
507 2293 532 2311 is
547 2287 699 2311 memorati.
714 2286 893 2315 Quintilianus
907 2292 1014 2316 quoque
1029 2287 1062 2310 tle
1074 2285 1199 2314 Asinio,§
1216 2285 1312 2308 ¹¹:112!
1330 2285 1424 2308 nitore

101 2321 320 2350 etjucunditate
333 2322 476 2348 Ciceronis
493 2323 535 2347 ita
549 2324 629 2353 loncJe
640 2322 724 2349 abest,
740 2323 774 2345 ut
785 2322 878 2345 videri
891 2323 983 2351 posset
994 2322 1097 2346 saeculo
1107 2321 1270 2350 priam-is.
1287 2319 1423 2343 Musculis.

101 2361 168 2380 -ιι
182 2355 244 2380 Non
255 2362 340 2386 penes
351 2358 447 2389 ipsum,
462 2359 490 2382 in
502 2358 583 2388 ipsius
599 2358 736 2387 potestate
751 2357 880 2381 suite-13.
895 2357 985 2381 Potius
998 2358 1123 2381 nostrum
1137 2357 1175 2381 est
1187 2355 1280 2379 videre
1292 2355 1323 2379 in
1333 2359 1424 2384 quan-

103 2392 172 2419 tum,
189 2391 243 2415 ete.
