<?xml version="1.0" encoding="UTF-8"?>
<!DOCTYPE html PUBLIC "-//W3C//DTD XHTML 1.0 Transitional//EN"
    "http://www.w3.org/TR/xhtml1/DTD/xhtml1-transitional.dtd">
<html xmlns="http://www.w3.org/1999/xhtml" xml:lang="en" lang="en">
 <head>
  <title>
</title>
<meta http-equiv="Content-Type" content="text/html;charset=utf-8" />
  <meta name='ocr-system' content='tesseract 3.04.00' />
  <meta name='ocr-capabilities' content='ocr_page ocr_carea ocr_par ocr_line ocrx_word'/>
</head>
<body>
  <div class='ocr_page' id='page_1' title='image "./operaquaesupersu00taciuoft_0409.png"; bbox 0 0 1539 2668; ppageno 0'>
   <div class='ocr_carea' id='block_1_1' title="bbox 520 157 1408 190">
    <p class='ocr_par' dir='ltr' id='par_1_1' title="bbox 520 157 1408 190">
     <span class='ocr_line' id='line_1_1' title="bbox 520 157 1408 190; baseline 0.003 -3"><span class='ocrx_word' id='word_1_1' title='bbox 520 158 558 188; x_wconf 78' lang='lat' dir='ltr'>A.</span> <span class='ocrx_word' id='word_1_2' title='bbox 581 158 621 188; x_wconf 87' lang='lat' dir='ltr'>U.</span> <span class='ocrx_word' id='word_1_3' title='bbox 645 157 680 187; x_wconf 87' lang='lat' dir='ltr'>C.</span> <span class='ocrx_word' id='word_1_4' title='bbox 705 157 778 188; x_wconf 80' lang='lat'>822.</span> <span class='ocrx_word' id='word_1_5' title='bbox 801 157 837 187; x_wconf 80' lang='lat' dir='ltr'>A.</span> <span class='ocrx_word' id='word_1_6' title='bbox 862 157 898 187; x_wconf 93' lang='lat' dir='ltr'>C.</span> <span class='ocrx_word' id='word_1_7' title='bbox 923 158 973 188; x_wconf 79' lang='lat'>69.</span> <span class='ocrx_word' id='word_1_8' title='bbox 1349 159 1408 190; x_wconf 82' lang='lat'>377</span> 
     </span>
    </p>
   </div>
   <div class='ocr_carea' id='block_1_2' title="bbox 84 237 1422 2176">
    <p class='ocr_par' dir='ltr' id='par_1_2' title="bbox 84 237 1413 421">
     <span class='ocr_line' id='line_1_2' title="bbox 85 237 1408 279; baseline -0.005 -3"><span class='ocrx_word' id='word_1_9' title='bbox 85 242 225 277; x_wconf 70' lang='lat' dir='ltr'>auxilia</span> <span class='ocrx_word' id='word_1_10' title='bbox 251 243 284 274; x_wconf 82' lang='lat' dir='ltr'>et</span> <span class='ocrx_word' id='word_1_11' title='bbox 311 239 483 273; x_wconf 80' lang='lat' dir='ltr'>tumultus</span> <span class='ocrx_word' id='word_1_12' title='bbox 505 239 699 271; x_wconf 77' lang='lat' dir='ltr'>Germanici</span> <span class='ocrx_word' id='word_1_13' title='bbox 721 239 830 278; x_wconf 76' lang='lat' dir='ltr'>specie</span> <span class='ocrx_word' id='word_1_14' title='bbox 847 239 1024 270; x_wconf 82' lang='lat' dir='ltr'><em>retentare</em></span> <span class='ocrx_word' id='word_1_15' title='bbox 1051 238 1197 278; x_wconf 75' lang='lat' dir='ltr'>leqiones</span> <span class='ocrx_word' id='word_1_16' title='bbox 1219 237 1408 279; x_wconf 81' lang='lat' dir='ltr'>jubebatur.</span> 
     </span>
     <span class='ocr_line' id='line_1_3' title="bbox 84 285 1411 327; baseline -0.003 -4"><span class='ocrx_word' id='word_1_17' title='bbox 84 291 195 324; x_wconf 83' lang='lat' dir='ltr'>eadem</span> <span class='ocrx_word' id='word_1_18' title='bbox 210 287 411 322; x_wconf 83' lang='lat' dir='ltr'>Hordeonius</span> <span class='ocrx_word' id='word_1_19' title='bbox 421 287 553 318; x_wconf 83' lang='lat' dir='ltr'>Flaccus</span> <span class='ocrx_word' id='word_1_20' title='bbox 566 288 575 304; x_wconf 72' lang='lat'><strong>⁴</strong></span> <span class='ocrx_word' id='word_1_21' title='bbox 597 294 737 326; x_wconf 76' lang='lat' dir='ltr'>praesens</span> <span class='ocrx_word' id='word_1_22' title='bbox 756 287 942 325; x_wconf 86' lang='lat' dir='ltr'>monuerat,</span> <span class='ocrx_word' id='word_1_23' title='bbox 958 285 1114 317; x_wconf 86' lang='lat' dir='ltr'>inclinato</span> <span class='ocrx_word' id='word_1_24' title='bbox 1129 285 1163 317; x_wconf 89' lang='lat' dir='ltr'>in</span> <span class='ocrx_word' id='word_1_25' title='bbox 1175 287 1411 327; x_wconf 82' lang='lat' dir='ltr'>Vespasianum</span> 
     </span>
     <span class='ocr_line' id='line_1_4' title="bbox 85 332 1413 376; baseline -0.002 -8"><span class='ocrx_word' id='word_1_26' title='bbox 85 337 194 369; x_wconf 86' lang='lat' dir='ltr'>animo</span> <span class='ocrx_word' id='word_1_27' title='bbox 218 338 249 368; x_wconf 87' lang='lat' dir='ltr'>et</span> <span class='ocrx_word' id='word_1_28' title='bbox 273 334 458 376; x_wconf 84' lang='lat' dir='ltr'>reipublicae</span> <span class='ocrx_word' id='word_1_29' title='bbox 480 342 579 372; x_wconf 87' lang='lat' dir='ltr'>cura,</span> <span class='ocrx_word' id='word_1_30' title='bbox 604 333 657 364; x_wconf 89' lang='lat' dir='ltr'>cui</span> <span class='ocrx_word' id='word_1_31' title='bbox 679 333 844 364; x_wconf 82' lang='lat' dir='ltr'>excidium</span> <span class='ocrx_word' id='word_1_32' title='bbox 871 332 1087 373; x_wconf 85' lang='lat' dir='ltr'>adventabat,</span> <span class='ocrx_word' id='word_1_33' title='bbox 1108 332 1134 364; x_wconf 90' lang='lat' dir='ltr'>si</span> <span class='ocrx_word' id='word_1_34' title='bbox 1157 333 1413 373; x_wconf 84' lang='lat' dir='ltr'>redintegratum</span> 
     </span>
     <span class='ocr_line' id='line_1_5' title="bbox 84 380 990 421; baseline -0.003 -6"><span class='ocrx_word' id='word_1_35' title='bbox 84 383 204 415; x_wconf 88' lang='lat' dir='ltr'>bellum</span> <span class='ocrx_word' id='word_1_36' title='bbox 223 385 257 416; x_wconf 90' lang='lat' dir='ltr'>et</span> <span class='ocrx_word' id='word_1_37' title='bbox 272 385 321 414; x_wconf 86' lang='lat' dir='ltr'>tot</span> <span class='ocrx_word' id='word_1_38' title='bbox 336 389 501 414; x_wconf 88' lang='lat' dir='ltr'>armorum</span> <span class='ocrx_word' id='word_1_39' title='bbox 520 380 621 412; x_wconf 89' lang='lat' dir='ltr'>millia</span> <span class='ocrx_word' id='word_1_40' title='bbox 641 380 764 411; x_wconf 88' lang='lat' dir='ltr'>ltaliam</span> <span class='ocrx_word' id='word_1_41' title='bbox 785 380 990 421; x_wconf 82' lang='lat' dir='ltr'>irrupissent.</span> 
     </span>
    </p>

    <p class='ocr_par' dir='ltr' id='par_1_3' title="bbox 84 427 1419 1408">
     <span class='ocr_line' id='line_1_6' title="bbox 126 427 1413 470; baseline -0.002 -8"><span class='ocrx_word' id='word_1_42' title='bbox 126 435 206 462; x_wconf 82' lang='lat' dir='ltr'>XIV.</span> <span class='ocrx_word' id='word_1_43' title='bbox 231 430 331 470; x_wconf 81' lang='lat' dir='ltr'>Igitur</span> <span class='ocrx_word' id='word_1_44' title='bbox 346 429 452 461; x_wconf 88' lang='lat' dir='ltr'>Civilis</span> <span class='ocrx_word' id='word_1_45' title='bbox 467 427 664 460; x_wconf 88' lang='lat' dir='ltr'>desciscendi</span> <span class='ocrx_word' id='word_1_46' title='bbox 679 430 802 467; x_wconf 90' lang='lat' dir='ltr'>certus,</span> <span class='ocrx_word' id='word_1_47' title='bbox 818 429 979 460; x_wconf 86' lang='lat' dir='ltr'>occultato</span> <span class='ocrx_word' id='word_1_48' title='bbox 993 427 1122 459; x_wconf 77' lang='lat' dir='ltr'>interim</span> <span class='ocrx_word' id='word_1_49' title='bbox 1136 427 1249 460; x_wconf 80' lang='lat' dir='ltr'>altiore</span> <span class='ocrx_word' id='word_1_50' title='bbox 1263 429 1413 469; x_wconf 87' lang='lat' dir='ltr'>consilio,</span> 
     </span>
     <span class='ocr_line' id='line_1_7' title="bbox 85 475 1414 516; baseline -0.002 -6"><span class='ocrx_word' id='word_1_51' title='bbox 85 481 192 510; x_wconf 80' lang='lat' dir='ltr'>cetera</span> <span class='ocrx_word' id='word_1_52' title='bbox 207 487 245 509; x_wconf 83' lang='lat' dir='ltr'>ex</span> <span class='ocrx_word' id='word_1_53' title='bbox 259 479 374 508; x_wconf 85' lang='lat' dir='ltr'>eventu</span> <span class='ocrx_word' id='word_1_54' title='bbox 397 475 624 515; x_wconf 80' lang='lat' dir='ltr'>judicaturus,</span> <span class='ocrx_word' id='word_1_55' title='bbox 642 485 764 508; x_wconf 87' lang='lat' dir='ltr'>novare</span> <span class='ocrx_word' id='word_1_56' title='bbox 778 485 828 508; x_wconf 88' lang='lat' dir='ltr'>res</span> <span class='ocrx_word' id='word_1_57' title='bbox 847 476 909 508; x_wconf 85' lang='lat' dir='ltr'>hoc</span> <span class='ocrx_word' id='word_1_58' title='bbox 928 476 1027 508; x_wconf 88' lang='lat' dir='ltr'>modo</span> <span class='ocrx_word' id='word_1_59' title='bbox 1047 475 1157 516; x_wconf 83' lang='lat' dir='ltr'>coepit.</span> <span class='ocrx_word' id='word_1_60' title='bbox 1179 475 1271 515; x_wconf 89' lang='lat' dir='ltr'>jussu</span> <span class='ocrx_word' id='word_1_61' title='bbox 1294 475 1414 507; x_wconf 90' lang='lat' dir='ltr'>Vitellii</span> 
     </span>
     <span class='ocr_line' id='line_1_8' title="bbox 84 523 1413 565; baseline -0.002 -8"><span class='ocrx_word' id='word_1_62' title='bbox 84 527 276 558; x_wconf 84' lang='lat' dir='ltr'>Batavorum</span> <span class='ocrx_word' id='word_1_63' title='bbox 289 524 444 563; x_wconf 87' lang='lat' dir='ltr'>juventus</span> <span class='ocrx_word' id='word_1_64' title='bbox 459 524 497 555; x_wconf 89' lang='lat' dir='ltr'>ad</span> <span class='ocrx_word' id='word_1_65' title='bbox 514 524 675 555; x_wconf 85' lang='lat' dir='ltr'>delectum</span> <span class='ocrx_word' id='word_1_66' title='bbox 689 523 868 556; x_wconf 81' lang='lat' dir='ltr'>vocabatur</span> <span class='ocrx_word' id='word_1_67' title='bbox 880 524 904 564; x_wconf 89' lang='lat'>¹,</span> <span class='ocrx_word' id='word_1_68' title='bbox 920 533 1015 565; x_wconf 90' lang='lat' dir='ltr'>quem</span> <span class='ocrx_word' id='word_1_69' title='bbox 1030 525 1143 563; x_wconf 88' lang='lat' dir='ltr'>suapte</span> <span class='ocrx_word' id='word_1_70' title='bbox 1157 525 1272 555; x_wconf 89' lang='lat' dir='ltr'>natura</span> <span class='ocrx_word' id='word_1_71' title='bbox 1284 531 1413 563; x_wconf 85' lang='lat' dir='ltr'>gravem</span> 
     </span>
     <span class='ocr_line' id='line_1_9' title="bbox 84 571 1414 612; baseline 0 -10"><span class='ocrx_word' id='word_1_72' title='bbox 84 571 261 603; x_wconf 89' lang='lat' dir='ltr'>onerabant</span> <span class='ocrx_word' id='word_1_73' title='bbox 287 571 428 602; x_wconf 87' lang='lat' dir='ltr'>ministri</span> <span class='ocrx_word' id='word_1_74' title='bbox 454 571 590 603; x_wconf 79' lang='lat' dir='ltr'>avaritIa</span> <span class='ocrx_word' id='word_1_75' title='bbox 613 580 650 602; x_wconf 85' lang='lat' dir='ltr'>ac</span> <span class='ocrx_word' id='word_1_76' title='bbox 676 571 772 610; x_wconf 88' lang='lat' dir='ltr'>luxu,</span> <span class='ocrx_word' id='word_1_77' title='bbox 798 580 890 603; x_wconf 87' lang='lat' dir='ltr'>senes</span> <span class='ocrx_word' id='word_1_78' title='bbox 914 573 971 603; x_wconf 90' lang='lat' dir='ltr'>aut</span> <span class='ocrx_word' id='word_1_79' title='bbox 993 571 1154 602; x_wconf 91' lang='lat' dir='ltr'>invalidos</span> <span class='ocrx_word' id='word_1_80' title='bbox 1171 571 1414 612; x_wconf 86' lang='lat' dir='ltr'>conquirendo,</span> 
     </span>
     <span class='ocr_line' id='line_1_10' title="bbox 85 617 1415 659; baseline -0.001 -10"><span class='ocrx_word' id='word_1_81' title='bbox 85 627 167 659; x_wconf 88' lang='lat' dir='ltr'>quos</span> <span class='ocrx_word' id='word_1_82' title='bbox 182 619 285 659; x_wconf 87' lang='lat' dir='ltr'>pretio</span> <span class='ocrx_word' id='word_1_83' title='bbox 299 618 510 650; x_wconf 77' lang='lat' dir='ltr'>dimitterent.</span> <span class='ocrx_word' id='word_1_84' title='bbox 530 627 642 649; x_wconf 88' lang='lat' dir='ltr'>rursus</span> <span class='ocrx_word' id='word_1_85' title='bbox 659 618 808 659; x_wconf 85' lang='lat' dir='ltr'>impubes</span> <span class='ocrx_word' id='word_1_86' title='bbox 822 643 829 656; x_wconf 88' lang='lat'>‚</span> <span class='ocrx_word' id='word_1_87' title='bbox 849 618 902 650; x_wconf 84' lang='lat' dir='ltr'>sed</span> <span class='ocrx_word' id='word_1_88' title='bbox 919 619 1021 650; x_wconf 81' lang='lat' dir='ltr'>forma</span> <span class='ocrx_word' id='word_1_89' title='bbox 1038 618 1204 659; x_wconf 80' lang='lat' dir='ltr'>conspicui</span> <span class='ocrx_word' id='word_1_90' title='bbox 1221 620 1266 657; x_wconf 85' lang='lat' dir='ltr'>(et</span> <span class='ocrx_word' id='word_1_91' title='bbox 1283 620 1331 650; x_wconf 83' lang='lat' dir='ltr'>est</span> <span class='ocrx_word' id='word_1_92' title='bbox 1351 617 1415 658; x_wconf 83' lang='lat' dir='ltr'>ple-</span> 
     </span>
     <span class='ocr_line' id='line_1_11' title="bbox 84 665 1415 706; baseline 0 -9"><span class='ocrx_word' id='word_1_93' title='bbox 84 665 192 706; x_wconf 87' lang='lat' dir='ltr'>risque</span> <span class='ocrx_word' id='word_1_94' title='bbox 205 675 338 706; x_wconf 85' lang='lat' dir='ltr'>procera</span> <span class='ocrx_word' id='word_1_95' title='bbox 354 666 502 706; x_wconf 86' lang='lat' dir='ltr'>pueritia)</span> <span class='ocrx_word' id='word_1_96' title='bbox 519 666 559 697; x_wconf 87' lang='lat' dir='ltr'>ad</span> <span class='ocrx_word' id='word_1_97' title='bbox 574 665 742 697; x_wconf 84' lang='lat' dir='ltr'>inhonesta</span> <span class='ocrx_word' id='word_1_98' title='bbox 756 666 934 698; x_wconf 86' lang='lat' dir='ltr'>ministeria</span> <span class='ocrx_word' id='word_1_99' title='bbox 947 667 1169 698; x_wconf 79' lang='lat' dir='ltr'>trahebantur.</span> <span class='ocrx_word' id='word_1_100' title='bbox 1187 666 1261 697; x_wconf 86' lang='lat' dir='ltr'>binc</span> <span class='ocrx_word' id='word_1_101' title='bbox 1274 666 1395 698; x_wconf 85' lang='lat' dir='ltr'>invidia</span> <span class='ocrx_word' id='word_1_102' title='bbox 1405 677 1415 706; x_wconf 76' lang='lat'>3</span> 
     </span>
     <span class='ocr_line' id='line_1_12' title="bbox 86 713 1414 754; baseline 0.001 -9"><span class='ocrx_word' id='word_1_103' title='bbox 86 715 118 745; x_wconf 86' lang='lat' dir='ltr'>et</span> <span class='ocrx_word' id='word_1_104' title='bbox 139 714 328 753; x_wconf 81' lang='lat' dir='ltr'>compositae</span> <span class='ocrx_word' id='word_1_105' title='bbox 346 713 515 744; x_wconf 79' lang='lat' dir='ltr'>seditionis</span> <span class='ocrx_word' id='word_1_106' title='bbox 533 714 682 744; x_wconf 80' lang='lat' dir='ltr'>auctores</span> <span class='ocrx_word' id='word_1_107' title='bbox 697 715 870 754; x_wconf 88' lang='lat' dir='ltr'>perpulere</span> <span class='ocrx_word' id='word_1_108' title='bbox 883 739 892 754; x_wconf 93' lang='lat'>,</span> <span class='ocrx_word' id='word_1_109' title='bbox 910 716 945 746; x_wconf 89' lang='lat' dir='ltr'>ut</span> <span class='ocrx_word' id='word_1_110' title='bbox 961 714 1123 746; x_wconf 88' lang='lat' dir='ltr'>delectum</span> <span class='ocrx_word' id='word_1_111' title='bbox 1148 714 1340 745; x_wconf 80' lang='lat' dir='ltr'>abnuerent.</span> <span class='ocrx_word' id='word_1_112' title='bbox 1364 714 1414 746; x_wconf 88' lang='lat' dir='ltr'>Ci-</span> 
     </span>
     <span class='ocr_line' id='line_1_13' title="bbox 85 760 1415 802; baseline 0.001 -11"><span class='ocrx_word' id='word_1_113' title='bbox 85 760 158 792; x_wconf 87' lang='lat' dir='ltr'>vilis</span> <span class='ocrx_word' id='word_1_114' title='bbox 173 761 328 800; x_wconf 88' lang='lat' dir='ltr'>primores</span> <span class='ocrx_word' id='word_1_115' title='bbox 344 761 448 800; x_wconf 81' lang='lat' dir='ltr'>gentis</span> <span class='ocrx_word' id='word_1_116' title='bbox 461 764 491 792; x_wconf 88' lang='lat' dir='ltr'>et</span> <span class='ocrx_word' id='word_1_117' title='bbox 507 761 769 800; x_wconf 87' lang='lat' dir='ltr'>promptissimos</span> <span class='ocrx_word' id='word_1_118' title='bbox 790 761 899 801; x_wconf 81' lang='lat' dir='ltr'>vulgi,</span> <span class='ocrx_word' id='word_1_119' title='bbox 918 762 1026 802; x_wconf 86' lang='lat' dir='ltr'>specie</span> <span class='ocrx_word' id='word_1_120' title='bbox 1044 763 1215 802; x_wconf 86' lang='lat' dir='ltr'>epularum</span> <span class='ocrx_word' id='word_1_121' title='bbox 1233 770 1361 793; x_wconf 86' lang='lat' dir='ltr'>sacrum</span> <span class='ocrx_word' id='word_1_122' title='bbox 1382 762 1415 793; x_wconf 78' lang='lat' dir='ltr'>ln</span> 
     </span>
     <span class='ocr_line' id='line_1_14' title="bbox 85 808 1416 850; baseline 0.002 -12"><span class='ocrx_word' id='word_1_123' title='bbox 85 816 200 839; x_wconf 90' lang='lat' dir='ltr'>nemus</span> <span class='ocrx_word' id='word_1_124' title='bbox 214 811 365 846; x_wconf 77' lang='lat' dir='ltr'>vocatos,</span> <span class='ocrx_word' id='word_1_125' title='bbox 392 808 447 839; x_wconf 89' lang='lat' dir='ltr'>ubi</span> <span class='ocrx_word' id='word_1_126' title='bbox 466 810 562 838; x_wconf 82' lang='lat' dir='ltr'>nocte</span> <span class='ocrx_word' id='word_1_127' title='bbox 581 816 618 838; x_wconf 84' lang='lat' dir='ltr'>ac</span> <span class='ocrx_word' id='word_1_128' title='bbox 638 808 751 839; x_wconf 80' lang='lat' dir='ltr'>laetitia</span> <span class='ocrx_word' id='word_1_129' title='bbox 764 808 936 839; x_wconf 85' lang='lat' dir='ltr'>incaluisse</span> <span class='ocrx_word' id='word_1_130' title='bbox 959 809 1068 847; x_wconf 88' lang='lat' dir='ltr'>videt,</span> <span class='ocrx_word' id='word_1_131' title='bbox 1090 818 1107 840; x_wconf 85' lang='lat' dir='ltr'>a</span> <span class='ocrx_word' id='word_1_132' title='bbox 1132 810 1226 840; x_wconf 84' lang='lat' dir='ltr'>lande</span> <span class='ocrx_word' id='word_1_133' title='bbox 1250 810 1416 850; x_wconf 80' lang='lat' dir='ltr'>gloriaque</span> 
     </span>
     <span class='ocr_line' id='line_1_15' title="bbox 86 855 1416 897; baseline 0.002 -11"><span class='ocrx_word' id='word_1_134' title='bbox 86 855 190 895; x_wconf 87' lang='lat' dir='ltr'>gentis</span> <span class='ocrx_word' id='word_1_135' title='bbox 204 864 297 886; x_wconf 80' lang='lat' dir='ltr'>orsus</span> <span class='ocrx_word' id='word_1_136' title='bbox 310 880 317 893; x_wconf 96' lang='lat'>,</span> <span class='ocrx_word' id='word_1_137' title='bbox 333 855 467 894; x_wconf 81' lang='lat' dir='ltr'>injurias</span> <span class='ocrx_word' id='word_1_138' title='bbox 486 856 518 886; x_wconf 91' lang='lat' dir='ltr'>et</span> <span class='ocrx_word' id='word_1_139' title='bbox 533 856 644 894; x_wconf 81' lang='lat' dir='ltr'>raptus</span> <span class='ocrx_word' id='word_1_140' title='bbox 659 857 690 886; x_wconf 87' lang='lat' dir='ltr'>et</span> <span class='ocrx_word' id='word_1_141' title='bbox 706 858 813 886; x_wconf 87' lang='lat' dir='ltr'>cetera</span> <span class='ocrx_word' id='word_1_142' title='bbox 831 855 955 886; x_wconf 83' lang='lat' dir='ltr'>servitii</span> <span class='ocrx_word' id='word_1_143' title='bbox 972 856 1055 887; x_wconf 88' lang='lat' dir='ltr'>mala</span> <span class='ocrx_word' id='word_1_144' title='bbox 1070 859 1238 888; x_wconf 75' lang='lat' dir='ltr'>enumerat</span> <span class='ocrx_word' id='word_1_145' title='bbox 1255 866 1261 887; x_wconf 93' lang='lat'><strong>:</strong></span> <span class='ocrx_word' id='word_1_146' title='bbox 1281 869 1297 883; x_wconf 77' lang='grc' dir='ltr'>«ι</span> <span class='ocrx_word' id='word_1_147' title='bbox 1311 865 1416 897; x_wconf 87' lang='lat' dir='ltr'>neque</span> 
     </span>
     <span class='ocr_line' id='line_1_16' title="bbox 87 902 1412 944; baseline 0.002 -11"><span class='ocrx_word' id='word_1_148' title='bbox 87 902 206 933; x_wconf 88' lang='lat' dir='ltr'>«enim</span> <span class='ocrx_word' id='word_1_149' title='bbox 233 902 441 941; x_wconf 75' lang='lat' dir='ltr'>societatem,</span> <span class='ocrx_word' id='word_1_150' title='bbox 469 906 505 933; x_wconf 89' lang='lat' dir='ltr'>ut</span> <span class='ocrx_word' id='word_1_151' title='bbox 531 902 626 941; x_wconf 88' lang='lat' dir='ltr'>olim,</span> <span class='ocrx_word' id='word_1_152' title='bbox 650 902 705 933; x_wconf 90' lang='lat' dir='ltr'>sed</span> <span class='ocrx_word' id='word_1_153' title='bbox 726 904 892 943; x_wconf 81' lang='lat' dir='ltr'>tamquam</span> <span class='ocrx_word' id='word_1_154' title='bbox 915 903 1079 943; x_wconf 84' lang='lat' dir='ltr'>mancipia</span> <span class='ocrx_word' id='word_1_155' title='bbox 1103 904 1224 936; x_wconf 84' lang='lat' dir='ltr'>baberi.</span> <span class='ocrx_word' id='word_1_156' title='bbox 1252 903 1385 944; x_wconf 86' lang='lat' dir='ltr'>quando</span> <span class='ocrx_word' id='word_1_157' title='bbox 1402 902 1412 920; x_wconf 87' lang='lat'><em>²</em></span> 
     </span>
     <span class='ocr_line' id='line_1_17' title="bbox 86 949 1417 993; baseline 0.002 -13"><span class='ocrx_word' id='word_1_158' title='bbox 86 961 102 976; x_wconf 91' lang='lat'>«</span> <span class='ocrx_word' id='word_1_159' title='bbox 120 949 262 989; x_wconf 77' lang='lat' dir='ltr'>legatum</span> <span class='ocrx_word' id='word_1_160' title='bbox 276 973 284 989; x_wconf 89' lang='lat'>‚</span> <span class='ocrx_word' id='word_1_161' title='bbox 303 950 391 989; x_wconf 68' lang='lat' dir='ltr'>gravi</span> <span class='ocrx_word' id='word_1_162' title='bbox 407 949 538 989; x_wconf 82' lang='lat' dir='ltr'>quidem</span> <span class='ocrx_word' id='word_1_163' title='bbox 552 950 707 993; x_wconf 76' lang='lat' dir='ltr'>comitatu</span> <span class='ocrx_word' id='word_1_164' title='bbox 722 951 753 981; x_wconf 85' lang='lat' dir='ltr'>et</span> <span class='ocrx_word' id='word_1_165' title='bbox 767 950 907 990; x_wconf 87' lang='lat' dir='ltr'>superbo</span> <span class='ocrx_word' id='word_1_166' title='bbox 921 960 994 981; x_wconf 89' lang='lat' dir='ltr'>cum</span> <span class='ocrx_word' id='word_1_167' title='bbox 1010 951 1164 991; x_wconf 72' lang='lat' dir='ltr'>imperio,</span> <span class='ocrx_word' id='word_1_168' title='bbox 1181 952 1313 982; x_wconf 79' lang='lat' dir='ltr'>venire?</span> <span class='ocrx_word' id='word_1_169' title='bbox 1331 950 1417 982; x_wconf 83' lang='lat' dir='ltr'>tradi</span> 
     </span>
     <span class='ocr_line' id='line_1_18' title="bbox 86 997 1415 1039; baseline 0.002 -11"><span class='ocrx_word' id='word_1_170' title='bbox 86 1007 102 1023; x_wconf 89' lang='lat'>«</span> <span class='ocrx_word' id='word_1_171' title='bbox 120 1005 154 1028; x_wconf 86' lang='lat' dir='ltr'>se</span> <span class='ocrx_word' id='word_1_172' title='bbox 168 997 330 1037; x_wconf 79' lang='lat' dir='ltr'>praesectis</span> <span class='ocrx_word' id='word_1_173' title='bbox 346 997 656 1037; x_wconf 81' lang='lat' dir='ltr'>centurionibusque</span> <span class='ocrx_word' id='word_1_174' title='bbox 670 1008 678 1035; x_wconf 89' lang='lat'>;</span> <span class='ocrx_word' id='word_1_175' title='bbox 693 1006 774 1038; x_wconf 92' lang='lat' dir='ltr'>quos</span> <span class='ocrx_word' id='word_1_176' title='bbox 788 997 844 1028; x_wconf 89' lang='lat' dir='ltr'>ubi</span> <span class='ocrx_word' id='word_1_177' title='bbox 859 997 970 1037; x_wconf 90' lang='lat' dir='ltr'>spoliis</span> <span class='ocrx_word' id='word_1_178' title='bbox 984 999 1017 1029; x_wconf 87' lang='lat' dir='ltr'>et</span> <span class='ocrx_word' id='word_1_179' title='bbox 1030 1000 1186 1038; x_wconf 77' lang='lat' dir='ltr'>sanguine</span> <span class='ocrx_word' id='word_1_180' title='bbox 1199 999 1415 1039; x_wconf 74' lang='lat' dir='ltr'>expleverint,</span> 
     </span>
     <span class='ocr_line' id='line_1_19' title="bbox 88 1044 1418 1085; baseline 0.004 -11"><span class='ocrx_word' id='word_1_181' title='bbox 88 1055 103 1070; x_wconf 91' lang='lat'>«</span> <span class='ocrx_word' id='word_1_182' title='bbox 121 1044 239 1075; x_wconf 84' lang='lat' dir='ltr'>mutari</span> <span class='ocrx_word' id='word_1_183' title='bbox 255 1069 263 1083; x_wconf 95' lang='lat'><strong><em>,</em></strong></span> <span class='ocrx_word' id='word_1_184' title='bbox 285 1044 478 1083; x_wconf 78' lang='lat' dir='ltr'>exquirique</span> <span class='ocrx_word' id='word_1_185' title='bbox 500 1053 601 1075; x_wconf 85' lang='lat' dir='ltr'>novos</span> <span class='ocrx_word' id='word_1_186' title='bbox 620 1044 708 1075; x_wconf 90' lang='lat' dir='ltr'>sinus</span> <span class='ocrx_word' id='word_1_187' title='bbox 724 1044 735 1062; x_wconf 76' lang='lat'>³</span> <span class='ocrx_word' id='word_1_188' title='bbox 759 1046 792 1076; x_wconf 91' lang='lat' dir='ltr'>et</span> <span class='ocrx_word' id='word_1_189' title='bbox 808 1045 896 1075; x_wconf 87' lang='lat' dir='ltr'>varia</span> <span class='ocrx_word' id='word_1_190' title='bbox 920 1045 1084 1085; x_wconf 84' lang='lat' dir='ltr'>praedandi</span> <span class='ocrx_word' id='word_1_191' title='bbox 1108 1046 1273 1077; x_wconf 82' lang='lat' dir='ltr'>vocabula.</span> <span class='ocrx_word' id='word_1_192' title='bbox 1298 1046 1418 1081; x_wconf 87' lang='lat' dir='ltr'>instare</span> 
     </span>
     <span class='ocr_line' id='line_1_20' title="bbox 88 1090 1418 1134; baseline 0.005 -14"><span class='ocrx_word' id='word_1_193' title='bbox 88 1101 103 1116; x_wconf 89' lang='lat'>«</span> <span class='ocrx_word' id='word_1_194' title='bbox 122 1090 292 1129; x_wconf 85' lang='lat' dir='ltr'>delectum,</span> <span class='ocrx_word' id='word_1_195' title='bbox 309 1100 372 1131; x_wconf 85' lang='lat' dir='ltr'>quo</span> <span class='ocrx_word' id='word_1_196' title='bbox 386 1090 474 1121; x_wconf 85' lang='lat' dir='ltr'>liberi</span> <span class='ocrx_word' id='word_1_197' title='bbox 489 1100 506 1121; x_wconf 87' lang='lat' dir='ltr'>a</span> <span class='ocrx_word' id='word_1_198' title='bbox 520 1092 720 1131; x_wconf 83' lang='lat' dir='ltr'>parentibus,</span> <span class='ocrx_word' id='word_1_199' title='bbox 737 1093 849 1123; x_wconf 74' lang='lat' dir='ltr'>fratres</span> <span class='ocrx_word' id='word_1_200' title='bbox 863 1101 881 1123; x_wconf 82' lang='lat' dir='ltr'>a</span> <span class='ocrx_word' id='word_1_201' title='bbox 896 1092 1049 1124; x_wconf 82' lang='lat' dir='ltr'>fratribus</span> <span class='ocrx_word' id='word_1_202' title='bbox 1064 1094 1154 1124; x_wconf 82' lang='lat' dir='ltr'>velut</span> <span class='ocrx_word' id='word_1_203' title='bbox 1169 1103 1359 1134; x_wconf 86' lang='lat' dir='ltr'>supremum</span> <span class='ocrx_word' id='word_1_204' title='bbox 1373 1096 1418 1127; x_wconf 78' lang='lat' dir='ltr'>di-</span> 
     </span>
     <span class='ocr_line' id='line_1_21' title="bbox 87 1139 1418 1181; baseline 0.005 -11"><span class='ocrx_word' id='word_1_205' title='bbox 87 1151 103 1167; x_wconf 92' lang='lat'>«</span> <span class='ocrx_word' id='word_1_206' title='bbox 122 1139 286 1171; x_wconf 74' lang='lat' dir='ltr'>vidantur.</span> <span class='ocrx_word' id='word_1_207' title='bbox 300 1149 479 1180; x_wconf 85' lang='lat' dir='ltr'>numquam</span> <span class='ocrx_word' id='word_1_208' title='bbox 492 1141 594 1180; x_wconf 74' lang='lat' dir='ltr'>magis</span> <span class='ocrx_word' id='word_1_209' title='bbox 607 1141 760 1172; x_wconf 82' lang='lat' dir='ltr'>afflictam</span> <span class='ocrx_word' id='word_1_210' title='bbox 774 1151 841 1172; x_wconf 85' lang='lat' dir='ltr'>rem</span> <span class='ocrx_word' id='word_1_211' title='bbox 852 1146 1042 1181; x_wconf 81' lang='lat' dir='ltr'>Romanam,</span> <span class='ocrx_word' id='word_1_212' title='bbox 1055 1152 1112 1173; x_wconf 91' lang='lat' dir='ltr'>nec</span> <span class='ocrx_word' id='word_1_213' title='bbox 1123 1144 1208 1174; x_wconf 84' lang='lat' dir='ltr'>aliud</span> <span class='ocrx_word' id='word_1_214' title='bbox 1225 1144 1256 1174; x_wconf 87' lang='lat' dir='ltr'>in</span> <span class='ocrx_word' id='word_1_215' title='bbox 1273 1144 1418 1177; x_wconf 85' lang='lat' dir='ltr'>bibernis</span> 
     </span>
     <span class='ocr_line' id='line_1_22' title="bbox 89 1187 1417 1230; baseline 0.003 -12"><span class='ocrx_word' id='word_1_216' title='bbox 89 1199 105 1214; x_wconf 78' lang='lat' dir='ltr'>«t</span> <span class='ocrx_word' id='word_1_217' title='bbox 123 1196 219 1227; x_wconf 89' lang='lat' dir='ltr'>quam</span> <span class='ocrx_word' id='word_1_218' title='bbox 244 1187 386 1228; x_wconf 77' lang='lat' dir='ltr'>praedam</span> <span class='ocrx_word' id='word_1_219' title='bbox 411 1189 440 1219; x_wconf 88' lang='lat' dir='ltr'>et</span> <span class='ocrx_word' id='word_1_220' title='bbox 457 1197 560 1219; x_wconf 70' lang='lat' dir='ltr'>senes</span> <span class='ocrx_word' id='word_1_221' title='bbox 577 1188 761 1219; x_wconf 80' lang='lat' dir='ltr'>attollerent</span> <span class='ocrx_word' id='word_1_222' title='bbox 777 1190 906 1220; x_wconf 85' lang='lat' dir='ltr'>tantum</span> <span class='ocrx_word' id='word_1_223' title='bbox 925 1190 1034 1220; x_wconf 88' lang='lat' dir='ltr'>oculos</span> <span class='ocrx_word' id='word_1_224' title='bbox 1049 1214 1057 1227; x_wconf 89' lang='lat'>‚</span> <span class='ocrx_word' id='word_1_225' title='bbox 1074 1192 1106 1220; x_wconf 84' lang='lat' dir='ltr'>et</span> <span class='ocrx_word' id='word_1_226' title='bbox 1122 1190 1230 1221; x_wconf 82' lang='lat' dir='ltr'>inania</span> <span class='ocrx_word' id='word_1_227' title='bbox 1254 1192 1417 1230; x_wconf 78' lang='lat' dir='ltr'>legionum</span> 
     </span>
     <span class='ocr_line' id='line_1_23' title="bbox 88 1235 1419 1280; baseline 0.005 -14"><span class='ocrx_word' id='word_1_228' title='bbox 88 1247 104 1262; x_wconf 86' lang='lat'>«</span> <span class='ocrx_word' id='word_1_229' title='bbox 123 1235 256 1266; x_wconf 84' lang='lat' dir='ltr'>nomina</span> <span class='ocrx_word' id='word_1_230' title='bbox 268 1235 277 1253; x_wconf 68' lang='lat'><strong><em>⁴</em></strong></span> <span class='ocrx_word' id='word_1_231' title='bbox 297 1244 336 1265; x_wconf 86' lang='lat' dir='ltr'>ne</span> <span class='ocrx_word' id='word_1_232' title='bbox 350 1237 570 1274; x_wconf 80' lang='lat' dir='ltr'>pavescerent.</span> <span class='ocrx_word' id='word_1_233' title='bbox 587 1239 619 1266; x_wconf 87' lang='lat' dir='ltr'>at</span> <span class='ocrx_word' id='word_1_234' title='bbox 636 1236 698 1267; x_wconf 89' lang='lat' dir='ltr'>sibi</span> <span class='ocrx_word' id='word_1_235' title='bbox 712 1236 810 1267; x_wconf 87' lang='lat' dir='ltr'>robur</span> <span class='ocrx_word' id='word_1_236' title='bbox 826 1237 969 1276; x_wconf 78' lang='lat' dir='ltr'>peditum</span> <span class='ocrx_word' id='word_1_237' title='bbox 985 1238 1196 1277; x_wconf 70' lang='lat' dir='ltr'>equitumque</span> <span class='ocrx_word' id='word_1_238' title='bbox 1210 1261 1218 1276; x_wconf 89' lang='lat'>,</span> <span class='ocrx_word' id='word_1_239' title='bbox 1233 1240 1419 1280; x_wconf 81' lang='lat' dir='ltr'>consangui-</span> 
     </span>
     <span class='ocr_line' id='line_1_24' title="bbox 91 1283 1419 1326; baseline 0.004 -13"><span class='ocrx_word' id='word_1_240' title='bbox 91 1296 105 1311; x_wconf 81' lang='grc' dir='ltr'>α</span> <span class='ocrx_word' id='word_1_241' title='bbox 126 1291 204 1314; x_wconf 87' lang='lat' dir='ltr'>neos</span> <span class='ocrx_word' id='word_1_242' title='bbox 223 1284 423 1321; x_wconf 85' lang='lat' dir='ltr'>Germanos,</span> <span class='ocrx_word' id='word_1_243' title='bbox 441 1283 557 1313; x_wconf 89' lang='lat' dir='ltr'>Gallias</span> <span class='ocrx_word' id='word_1_244' title='bbox 575 1283 661 1314; x_wconf 90' lang='lat' dir='ltr'>idem</span> <span class='ocrx_word' id='word_1_245' title='bbox 678 1283 854 1323; x_wconf 73' lang='lat' dir='ltr'>cupientes.</span> <span class='ocrx_word' id='word_1_246' title='bbox 876 1293 916 1314; x_wconf 86' lang='lat' dir='ltr'>ne</span> <span class='ocrx_word' id='word_1_247' title='bbox 936 1285 1089 1315; x_wconf 83' lang='lat' dir='ltr'>Romanis</span> <span class='ocrx_word' id='word_1_248' title='bbox 1109 1285 1239 1324; x_wconf 73' lang='lat' dir='ltr'>&lt;pridem</span> <span class='ocrx_word' id='word_1_249' title='bbox 1258 1286 1419 1326; x_wconf 83' lang='lat' dir='ltr'>ingratum</span> 
     </span>
     <span class='ocr_line' id='line_1_25' title="bbox 88 1327 1418 1371; baseline 0.003 -10"><span class='ocrx_word' id='word_1_250' title='bbox 88 1344 103 1355; x_wconf 72' lang='lat' dir='ltr'>u</span> <span class='ocrx_word' id='word_1_251' title='bbox 121 1329 154 1360; x_wconf 87' lang='lat' dir='ltr'>id</span> <span class='ocrx_word' id='word_1_252' title='bbox 167 1327 296 1368; x_wconf 86' lang='lat' dir='ltr'>bellum,</span> <span class='ocrx_word' id='word_1_253' title='bbox 310 1330 402 1368; x_wconf 85' lang='lat' dir='ltr'>cujus</span> <span class='ocrx_word' id='word_1_254' title='bbox 412 1329 596 1369; x_wconf 79' lang='lat' dir='ltr'>ambiguam</span> <span class='ocrx_word' id='word_1_255' title='bbox 611 1330 774 1361; x_wconf 75' lang='lat' dir='ltr'>fortunam</span> <span class='ocrx_word' id='word_1_256' title='bbox 787 1331 981 1370; x_wconf 79' lang='lat' dir='ltr'>Vespasiano</span> <span class='ocrx_word' id='word_1_257' title='bbox 996 1331 1212 1371; x_wconf 81' lang='lat' dir='ltr'>imputaturos</span> <span class='ocrx_word' id='word_1_258' title='bbox 1225 1333 1234 1349; x_wconf 71' lang='lat'>&#39;³</span> <span class='ocrx_word' id='word_1_259' title='bbox 1252 1343 1259 1363; x_wconf 80' lang='lat'>2</span> <span class='ocrx_word' id='word_1_260' title='bbox 1275 1333 1418 1365; x_wconf 70' lang='lat' dir='ltr'>victoriae</span> 
     </span>
     <span class='ocr_line' id='line_1_26' title="bbox 89 1377 511 1408; baseline -0.005 0"><span class='ocrx_word' id='word_1_261' title='bbox 89 1390 104 1405; x_wconf 88' lang='lat'>«</span> <span class='ocrx_word' id='word_1_262' title='bbox 123 1377 280 1408; x_wconf 82' lang='lat' dir='ltr'>rationem</span> <span class='ocrx_word' id='word_1_263' title='bbox 296 1385 360 1407; x_wconf 87' lang='lat' dir='ltr'>non</span> <span class='ocrx_word' id='word_1_264' title='bbox 379 1377 478 1407; x_wconf 85' lang='lat' dir='ltr'>reddi.</span> <span class='ocrx_word' id='word_1_265' title='bbox 496 1389 511 1403; x_wconf 88' lang='lat'>»</span> 
     </span>
    </p>

    <p class='ocr_par' dir='ltr' id='par_1_4' title="bbox 87 1425 1422 2176">
     <span class='ocr_line' id='line_1_27' title="bbox 128 1425 1419 1465; baseline 0.003 -9"><span class='ocrx_word' id='word_1_266' title='bbox 128 1428 193 1456; x_wconf 87' lang='lat' dir='ltr'>XV.</span> <span class='ocrx_word' id='word_1_267' title='bbox 219 1428 334 1463; x_wconf 78' lang='lat' dir='ltr'>Magno</span> <span class='ocrx_word' id='word_1_268' title='bbox 351 1433 426 1455; x_wconf 88' lang='lat' dir='ltr'>cum</span> <span class='ocrx_word' id='word_1_269' title='bbox 451 1433 581 1456; x_wconf 88' lang='lat' dir='ltr'>assensu</span> <span class='ocrx_word' id='word_1_270' title='bbox 607 1425 757 1464; x_wconf 83' lang='lat' dir='ltr'>auditus,</span> <span class='ocrx_word' id='word_1_271' title='bbox 786 1425 923 1456; x_wconf 81' lang='lat' dir='ltr'>barbaro</span> <span class='ocrx_word' id='word_1_272' title='bbox 946 1426 1011 1456; x_wconf 90' lang='lat' dir='ltr'>ritu</span> <span class='ocrx_word' id='word_1_273' title='bbox 1036 1427 1068 1457; x_wconf 86' lang='lat' dir='ltr'>et</span> <span class='ocrx_word' id='word_1_274' title='bbox 1093 1427 1204 1465; x_wconf 81' lang='lat' dir='ltr'>patriis</span> <span class='ocrx_word' id='word_1_275' title='bbox 1230 1428 1419 1461; x_wconf 80' lang='lat' dir='ltr'>exsecratio·</span> 
     </span>
     <span class='ocr_line' id='line_1_28' title="bbox 87 1471 1421 1513; baseline 0.003 -9"><span class='ocrx_word' id='word_1_276' title='bbox 87 1471 184 1504; x_wconf 88' lang='lat' dir='ltr'>nibus</span> <span class='ocrx_word' id='word_1_277' title='bbox 201 1472 370 1503; x_wconf 81' lang='lat' dir='ltr'>universos</span> <span class='ocrx_word' id='word_1_278' title='bbox 394 1471 504 1511; x_wconf 80' lang='lat' dir='ltr'>adigit.</span> <span class='ocrx_word' id='word_1_279' title='bbox 530 1472 621 1503; x_wconf 87' lang='lat' dir='ltr'>missi</span> <span class='ocrx_word' id='word_1_280' title='bbox 645 1472 688 1502; x_wconf 85' lang='lat' dir='ltr'>ad</span> <span class='ocrx_word' id='word_1_281' title='bbox 713 1472 936 1504; x_wconf 82' lang='lat' dir='ltr'>Canninefates</span> <span class='ocrx_word' id='word_1_282' title='bbox 960 1473 1017 1513; x_wconf 85' lang='lat' dir='ltr'>qui</span> <span class='ocrx_word' id='word_1_283' title='bbox 1041 1474 1172 1504; x_wconf 82' lang='lat' dir='ltr'>consilia</span> <span class='ocrx_word' id='word_1_284' title='bbox 1191 1475 1360 1508; x_wconf 80' lang='lat' dir='ltr'>sociarent.</span> <span class='ocrx_word' id='word_1_285' title='bbox 1383 1487 1421 1511; x_wconf 84' lang='lat' dir='ltr'>ea</span> 
     </span>
     <span class='ocr_line' id='line_1_29' title="bbox 88 1519 1420 1561; baseline 0.004 -11"><span class='ocrx_word' id='word_1_286' title='bbox 88 1527 165 1559; x_wconf 89' lang='lat' dir='ltr'>gens</span> <span class='ocrx_word' id='word_1_287' title='bbox 185 1520 309 1559; x_wconf 69' lang='lat' dir='ltr'>partem</span> <span class='ocrx_word' id='word_1_288' title='bbox 327 1519 443 1549; x_wconf 68' lang='lat' dir='ltr'>insulae</span> <span class='ocrx_word' id='word_1_289' title='bbox 459 1519 556 1556; x_wconf 88' lang='lat' dir='ltr'>colit,</span> <span class='ocrx_word' id='word_1_290' title='bbox 578 1520 722 1559; x_wconf 83' lang='lat' dir='ltr'>origine,</span> <span class='ocrx_word' id='word_1_291' title='bbox 742 1520 851 1560; x_wconf 80' lang='lat' dir='ltr'>lingua</span> <span class='ocrx_word' id='word_1_292' title='bbox 864 1544 872 1559; x_wconf 91' lang='lat'><em>‚</em></span> <span class='ocrx_word' id='word_1_293' title='bbox 894 1520 1018 1551; x_wconf 86' lang='lat' dir='ltr'>virtute</span> <span class='ocrx_word' id='word_1_294' title='bbox 1039 1530 1096 1560; x_wconf 85' lang='lat' dir='ltr'>par</span> <span class='ocrx_word' id='word_1_295' title='bbox 1117 1522 1262 1561; x_wconf 77' lang='lat' dir='ltr'>Batavis3</span> <span class='ocrx_word' id='word_1_296' title='bbox 1284 1533 1420 1558; x_wconf 87' lang='lat' dir='ltr'>numero</span> 
     </span>
     <span class='ocr_line' id='line_1_30' title="bbox 87 1566 1419 1607; baseline 0.005 -10"><span class='ocrx_word' id='word_1_297' title='bbox 87 1568 294 1606; x_wconf 86' lang='lat' dir='ltr'>superantur.</span> <span class='ocrx_word' id='word_1_298' title='bbox 311 1575 388 1597; x_wconf 77' lang='lat' dir='ltr'>mox</span> <span class='ocrx_word' id='word_1_299' title='bbox 407 1566 544 1597; x_wconf 86' lang='lat' dir='ltr'>occultis</span> <span class='ocrx_word' id='word_1_300' title='bbox 567 1566 689 1597; x_wconf 82' lang='lat' dir='ltr'>nuntiis</span> <span class='ocrx_word' id='word_1_301' title='bbox 709 1567 841 1607; x_wconf 78' lang='lat' dir='ltr'>pellexit</span> <span class='ocrx_word' id='word_1_302' title='bbox 864 1567 1046 1598; x_wconf 84' lang='lat' dir='ltr'>Britannica</span> <span class='ocrx_word' id='word_1_303' title='bbox 1070 1569 1207 1605; x_wconf 59' lang='lat' dir='ltr'>auxilia,</span> <span class='ocrx_word' id='word_1_304' title='bbox 1226 1572 1419 1605; x_wconf 84' lang='lat' dir='ltr'>Batavorum</span> 
     </span>
     <span class='ocr_line' id='line_1_31' title="bbox 87 1613 1420 1657; baseline 0.005 -13"><span class='ocrx_word' id='word_1_305' title='bbox 87 1613 237 1645; x_wconf 80' lang='lat' dir='ltr'>cobortes</span> <span class='ocrx_word' id='word_1_306' title='bbox 251 1613 363 1644; x_wconf 88' lang='lat' dir='ltr'>missas</span> <span class='ocrx_word' id='word_1_307' title='bbox 380 1613 412 1644; x_wconf 91' lang='lat' dir='ltr'>in</span> <span class='ocrx_word' id='word_1_308' title='bbox 430 1613 634 1644; x_wconf 82' lang='lat' dir='ltr'>Germaniam</span> <span class='ocrx_word' id='word_1_309' title='bbox 649 1638 657 1652; x_wconf 95' lang='lat'>‚</span> <span class='ocrx_word' id='word_1_310' title='bbox 676 1615 714 1645; x_wconf 88' lang='lat' dir='ltr'>ut</span> <span class='ocrx_word' id='word_1_311' title='bbox 733 1613 850 1653; x_wconf 84' lang='lat' dir='ltr'>supra&#39;</span> <span class='ocrx_word' id='word_1_312' title='bbox 873 1615 1045 1645; x_wconf 83' lang='lat' dir='ltr'>retulimus</span> <span class='ocrx_word' id='word_1_313' title='bbox 1057 1640 1065 1653; x_wconf 94' lang='lat'>‚</span> <span class='ocrx_word' id='word_1_314' title='bbox 1083 1624 1120 1646; x_wconf 84' lang='lat' dir='ltr'>ac</span> <span class='ocrx_word' id='word_1_315' title='bbox 1138 1620 1205 1647; x_wconf 83' lang='lat' dir='ltr'>tum</span> <span class='ocrx_word' id='word_1_316' title='bbox 1227 1619 1420 1657; x_wconf 77' lang='lat' dir='ltr'>Magontiaci</span> 
     </span>
     <span class='ocr_line' id='line_1_32' title="bbox 88 1660 1419 1700; baseline 0.005 -9"><span class='ocrx_word' id='word_1_317' title='bbox 88 1662 231 1700; x_wconf 80' lang='lat' dir='ltr'>agentes.</span> <span class='ocrx_word' id='word_1_318' title='bbox 257 1662 326 1692; x_wconf 85' lang='lat' dir='ltr'>erat</span> <span class='ocrx_word' id='word_1_319' title='bbox 348 1661 381 1691; x_wconf 88' lang='lat' dir='ltr'>in</span> <span class='ocrx_word' id='word_1_320' title='bbox 401 1660 669 1692; x_wconf 80' lang='lat' dir='ltr'>Canninefatibus</span> <span class='ocrx_word' id='word_1_321' title='bbox 689 1661 816 1692; x_wconf 61' lang='lat' dir='ltr'>stolidae</span> <span class='ocrx_word' id='word_1_322' title='bbox 838 1661 983 1693; x_wconf 81' lang='lat' dir='ltr'>audaciae</span> <span class='ocrx_word' id='word_1_323' title='bbox 1004 1662 1140 1700; x_wconf 80' lang='lat' dir='ltr'>Brinno,</span> <span class='ocrx_word' id='word_1_324' title='bbox 1164 1664 1308 1696; x_wconf 82' lang='lat' dir='ltr'>claritate</span> <span class='ocrx_word' id='word_1_325' title='bbox 1331 1668 1419 1698; x_wconf 84' lang='lat' dir='ltr'>nata·</span> 
     </span>
     <span class='ocr_line' id='line_1_33' title="bbox 89 1705 1418 1750; baseline 0.006 -14"><span class='ocrx_word' id='word_1_326' title='bbox 89 1705 170 1737; x_wconf 88' lang='lat' dir='ltr'>lium</span> <span class='ocrx_word' id='word_1_327' title='bbox 191 1707 321 1745; x_wconf 70' lang='lat' dir='ltr'>insigni.</span> <span class='ocrx_word' id='word_1_328' title='bbox 342 1709 431 1746; x_wconf 83' lang='lat' dir='ltr'>pater</span> <span class='ocrx_word' id='word_1_329' title='bbox 448 1708 516 1746; x_wconf 80' lang='lat' dir='ltr'>ejus</span> <span class='ocrx_word' id='word_1_330' title='bbox 536 1708 637 1738; x_wconf 89' lang='lat' dir='ltr'>multa</span> <span class='ocrx_word' id='word_1_331' title='bbox 662 1708 791 1739; x_wconf 77' lang='lat' dir='ltr'>hostilia</span> <span class='ocrx_word' id='word_1_332' title='bbox 812 1717 908 1739; x_wconf 83' lang='lat' dir='ltr'>ausus</span> <span class='ocrx_word' id='word_1_333' title='bbox 932 1709 1124 1740; x_wconf 87' lang='lat' dir='ltr'>Gaianarum</span> <span class='ocrx_word' id='word_1_334' title='bbox 1149 1711 1394 1750; x_wconf 66' lang='lat' dir='ltr'>expeditionum</span> <span class='ocrx_word' id='word_1_335' title='bbox 1407 1714 1418 1732; x_wconf 84' lang='lat'>²</span> 
     </span>
     <span class='ocr_line' id='line_1_34' title="bbox 91 1753 1419 1801; baseline 0.005 -16"><span class='ocrx_word' id='word_1_336' title='bbox 91 1753 269 1785; x_wconf 87' lang='lat' dir='ltr'>ludibrium</span> <span class='ocrx_word' id='word_1_337' title='bbox 285 1754 416 1794; x_wconf 90' lang='lat' dir='ltr'>impune</span> <span class='ocrx_word' id='word_1_338' title='bbox 434 1757 612 1793; x_wconf 82' lang='lat' dir='ltr'>spreverat.</span> <span class='ocrx_word' id='word_1_339' title='bbox 631 1755 726 1794; x_wconf 79' lang='lat' dir='ltr'>igitur</span> <span class='ocrx_word' id='word_1_340' title='bbox 747 1756 818 1795; x_wconf 92' lang='lat' dir='ltr'>ipso</span> <span class='ocrx_word' id='word_1_341' title='bbox 836 1756 964 1786; x_wconf 89' lang='lat' dir='ltr'>rebellis</span> <span class='ocrx_word' id='word_1_342' title='bbox 980 1756 1111 1787; x_wconf 80' lang='lat' dir='ltr'>familiae</span> <span class='ocrx_word' id='word_1_343' title='bbox 1131 1758 1261 1790; x_wconf 87' lang='lat' dir='ltr'>nomine</span> <span class='ocrx_word' id='word_1_344' title='bbox 1281 1760 1419 1801; x_wconf 86' lang='lat' dir='ltr'>placuit,</span> 
     </span>
     <span class='ocr_line' id='line_1_35' title="bbox 90 1800 1420 1841; baseline 0.006 -10"><span class='ocrx_word' id='word_1_345' title='bbox 90 1800 328 1841; x_wconf 86' lang='lat' dir='ltr'>impositusque</span> <span class='ocrx_word' id='word_1_346' title='bbox 345 1803 436 1831; x_wconf 87' lang='lat' dir='ltr'>scuto</span> <span class='ocrx_word' id='word_1_347' title='bbox 460 1810 550 1831; x_wconf 89' lang='lat' dir='ltr'>more</span> <span class='ocrx_word' id='word_1_348' title='bbox 571 1802 677 1841; x_wconf 81' lang='lat' dir='ltr'>gentis</span> <span class='ocrx_word' id='word_1_349' title='bbox 704 1804 737 1832; x_wconf 87' lang='lat' dir='ltr'>et</span> <span class='ocrx_word' id='word_1_350' title='bbox 760 1803 990 1834; x_wconf 86' lang='lat' dir='ltr'>sustinentium</span> <span class='ocrx_word' id='word_1_351' title='bbox 1014 1803 1158 1835; x_wconf 88' lang='lat' dir='ltr'>humeris</span> <span class='ocrx_word' id='word_1_352' title='bbox 1182 1806 1328 1838; x_wconf 89' lang='lat' dir='ltr'>vibratus</span> <span class='ocrx_word' id='word_1_353' title='bbox 1354 1808 1420 1840; x_wconf 63' lang='lat' dir='ltr'>dux</span> 
     </span>
     <span class='ocr_line' id='line_1_36' title="bbox 91 1847 1419 1889; baseline 0.006 -12"><span class='ocrx_word' id='word_1_354' title='bbox 91 1847 251 1886; x_wconf 80' lang='lat' dir='ltr'>deligitur.</span> <span class='ocrx_word' id='word_1_355' title='bbox 267 1848 441 1888; x_wconf 81' lang='lat' dir='ltr'>statimque</span> <span class='ocrx_word' id='word_1_356' title='bbox 463 1847 574 1878; x_wconf 82' lang='lat' dir='ltr'>accitis</span> <span class='ocrx_word' id='word_1_357' title='bbox 587 1848 698 1879; x_wconf 85' lang='lat' dir='ltr'>Frisiis</span> <span class='ocrx_word' id='word_1_358' title='bbox 714 1849 968 1887; x_wconf 85' lang='lat' dir='ltr'>(transrhenana</span> <span class='ocrx_word' id='word_1_359' title='bbox 981 1859 1058 1889; x_wconf 83' lang='lat' dir='ltr'>gens</span> <span class='ocrx_word' id='word_1_360' title='bbox 1072 1852 1139 1889; x_wconf 84' lang='lat' dir='ltr'>est)</span> <span class='ocrx_word' id='word_1_361' title='bbox 1152 1851 1290 1883; x_wconf 76' lang='lat' dir='ltr'>diiarum</span> <span class='ocrx_word' id='word_1_362' title='bbox 1306 1855 1419 1886; x_wconf 82' lang='lat' dir='ltr'>cobor-</span> 
     </span>
     <span class='ocr_line' id='line_1_37' title="bbox 89 1894 1422 1938; baseline 0.007 -14"><span class='ocrx_word' id='word_1_363' title='bbox 89 1894 173 1925; x_wconf 88' lang='lat' dir='ltr'>tium</span> <span class='ocrx_word' id='word_1_364' title='bbox 198 1894 354 1933; x_wconf 86' lang='lat' dir='ltr'>hiberna,</span> <span class='ocrx_word' id='word_1_365' title='bbox 378 1895 525 1934; x_wconf 83' lang='lat' dir='ltr'>proxima</span> <span class='ocrx_word' id='word_1_366' title='bbox 547 1898 708 1935; x_wconf 80' lang='lat' dir='ltr'>occupatu</span> <span class='ocrx_word' id='word_1_367' title='bbox 722 1918 731 1933; x_wconf 85' lang='lat'>‚</span> <span class='ocrx_word' id='word_1_368' title='bbox 752 1899 881 1927; x_wconf 85' lang='lat' dir='ltr'>Oceano</span> <span class='ocrx_word' id='word_1_369' title='bbox 902 1897 1055 1936; x_wconf 87' lang='lat' dir='ltr'>irrumpit</span> <span class='ocrx_word' id='word_1_370' title='bbox 1071 1897 1095 1927; x_wconf 77' lang='lat'>³.</span> <span class='ocrx_word' id='word_1_371' title='bbox 1119 1907 1178 1928; x_wconf 79' lang='lat' dir='ltr'>nec</span> <span class='ocrx_word' id='word_1_372' title='bbox 1205 1900 1422 1938; x_wconf 81' lang='lat' dir='ltr'>praeviderant</span> 
     </span>
     <span class='ocr_line' id='line_1_38' title="bbox 90 1940 1420 1982; baseline 0.007 -11"><span class='ocrx_word' id='word_1_373' title='bbox 90 1940 248 1981; x_wconf 88' lang='lat' dir='ltr'>impetum</span> <span class='ocrx_word' id='word_1_374' title='bbox 264 1941 407 1972; x_wconf 86' lang='lat' dir='ltr'>hostium</span> <span class='ocrx_word' id='word_1_375' title='bbox 422 1941 554 1981; x_wconf 84' lang='lat' dir='ltr'>milites3</span> <span class='ocrx_word' id='word_1_376' title='bbox 571 1951 629 1973; x_wconf 91' lang='lat' dir='ltr'>nec</span> <span class='ocrx_word' id='word_1_377' title='bbox 644 1966 651 1981; x_wconf 94' lang='lat'>‚</span> <span class='ocrx_word' id='word_1_378' title='bbox 667 1942 693 1972; x_wconf 87' lang='lat' dir='ltr'>si</span> <span class='ocrx_word' id='word_1_379' title='bbox 709 1942 946 1982; x_wconf 80' lang='lat' dir='ltr'>praevidissent,</span> <span class='ocrx_word' id='word_1_380' title='bbox 963 1944 1041 1975; x_wconf 86' lang='lat' dir='ltr'>satis</span> <span class='ocrx_word' id='word_1_381' title='bbox 1057 1944 1175 1975; x_wconf 89' lang='lat' dir='ltr'>virium</span> <span class='ocrx_word' id='word_1_382' title='bbox 1191 1946 1230 1976; x_wconf 85' lang='lat' dir='ltr'>ad</span> <span class='ocrx_word' id='word_1_383' title='bbox 1244 1948 1420 1980; x_wconf 89' lang='lat' dir='ltr'>arcendum</span> 
     </span>
     <span class='ocr_line' id='line_1_39' title="bbox 89 1988 1421 2031; baseline 0.006 -12"><span class='ocrx_word' id='word_1_384' title='bbox 89 1988 171 2020; x_wconf 88' lang='lat' dir='ltr'>erat.</span> <span class='ocrx_word' id='word_1_385' title='bbox 187 1990 280 2028; x_wconf 86' lang='lat' dir='ltr'>capta</span> <span class='ocrx_word' id='word_1_386' title='bbox 302 1989 401 2028; x_wconf 83' lang='lat' dir='ltr'>igitur</span> <span class='ocrx_word' id='word_1_387' title='bbox 422 1991 454 2020; x_wconf 89' lang='lat' dir='ltr'>et</span> <span class='ocrx_word' id='word_1_388' title='bbox 468 1989 593 2029; x_wconf 86' lang='lat' dir='ltr'>direpta</span> <span class='ocrx_word' id='word_1_389' title='bbox 607 1991 724 2021; x_wconf 84' lang='lat' dir='ltr'>castra.</span> <span class='ocrx_word' id='word_1_390' title='bbox 741 1989 815 2021; x_wconf 89' lang='lat' dir='ltr'>dein</span> <span class='ocrx_word' id='word_1_391' title='bbox 831 1999 929 2029; x_wconf 85' lang='lat' dir='ltr'>vagos</span> <span class='ocrx_word' id='word_1_392' title='bbox 945 1992 977 2022; x_wconf 89' lang='lat' dir='ltr'>et</span> <span class='ocrx_word' id='word_1_393' title='bbox 990 1992 1079 2031; x_wconf 83' lang='lat' dir='ltr'>pacis</span> <span class='ocrx_word' id='word_1_394' title='bbox 1096 1992 1193 2023; x_wconf 90' lang='lat' dir='ltr'>modo</span> <span class='ocrx_word' id='word_1_395' title='bbox 1207 1994 1328 2026; x_wconf 77' lang='lat' dir='ltr'>effusos</span> <span class='ocrx_word' id='word_1_396' title='bbox 1341 1995 1421 2027; x_wconf 82' lang='lat' dir='ltr'>lixas</span> 
     </span>
     <span class='ocr_line' id='line_1_40' title="bbox 90 2034 1420 2077; baseline 0.006 -11"><span class='ocrx_word' id='word_1_397' title='bbox 90 2034 371 2076; x_wconf 82' lang='lat' dir='ltr'>negotiatoresque</span> <span class='ocrx_word' id='word_1_398' title='bbox 395 2040 559 2077; x_wconf 83' lang='lat' dir='ltr'>Romanos</span> <span class='ocrx_word' id='word_1_399' title='bbox 581 2036 751 2068; x_wconf 73' lang='lat' dir='ltr'>invadunt.</span> <span class='ocrx_word' id='word_1_400' title='bbox 775 2037 871 2068; x_wconf 81' lang='lat' dir='ltr'>simul</span> <span class='ocrx_word' id='word_1_401' title='bbox 889 2038 1024 2069; x_wconf 85' lang='lat' dir='ltr'>excidiis</span> <span class='ocrx_word' id='word_1_402' title='bbox 1045 2040 1252 2071; x_wconf 86' lang='lat' dir='ltr'>castellorum</span> <span class='ocrx_word' id='word_1_403' title='bbox 1273 2041 1420 2075; x_wconf 86' lang='lat' dir='ltr'>immine-</span> 
     </span>
     <span class='ocr_line' id='line_1_41' title="bbox 90 2082 1417 2128; baseline 0.004 -15"><span class='ocrx_word' id='word_1_404' title='bbox 90 2082 189 2121; x_wconf 79' lang='lat' dir='ltr'>bant3</span> <span class='ocrx_word' id='word_1_405' title='bbox 208 2091 280 2123; x_wconf 83' lang='lat' dir='ltr'>quae</span> <span class='ocrx_word' id='word_1_406' title='bbox 298 2092 316 2114; x_wconf 88' lang='lat' dir='ltr'>a</span> <span class='ocrx_word' id='word_1_407' title='bbox 332 2083 491 2123; x_wconf 83' lang='lat' dir='ltr'>praefectis</span> <span class='ocrx_word' id='word_1_408' title='bbox 514 2084 697 2115; x_wconf 84' lang='lat' dir='ltr'>cohortium</span> <span class='ocrx_word' id='word_1_409' title='bbox 716 2085 843 2116; x_wconf 88' lang='lat' dir='ltr'>incensa</span> <span class='ocrx_word' id='word_1_410' title='bbox 859 2088 936 2116; x_wconf 90' lang='lat' dir='ltr'>sunt</span> <span class='ocrx_word' id='word_1_411' title='bbox 948 2110 956 2124; x_wconf 96' lang='lat'>,</span> <span class='ocrx_word' id='word_1_412' title='bbox 981 2085 1057 2126; x_wconf 87' lang='lat' dir='ltr'>quia</span> <span class='ocrx_word' id='word_1_413' title='bbox 1079 2086 1208 2118; x_wconf 83' lang='lat' dir='ltr'>defendi</span> <span class='ocrx_word' id='word_1_414' title='bbox 1230 2089 1417 2128; x_wconf 83' lang='lat' dir='ltr'>nequibant.</span> 
     </span>
     <span class='ocr_line' id='line_1_42' title="bbox 91 2128 1418 2176; baseline 0.005 -16"><span class='ocrx_word' id='word_1_415' title='bbox 91 2128 181 2168; x_wconf 83' lang='lat' dir='ltr'>signa</span> <span class='ocrx_word' id='word_1_416' title='bbox 199 2129 382 2171; x_wconf 83' lang='lat' dir='ltr'>vexillaque</span> <span class='ocrx_word' id='word_1_417' title='bbox 398 2133 430 2163; x_wconf 90' lang='lat' dir='ltr'>et</span> <span class='ocrx_word' id='word_1_418' title='bbox 447 2130 535 2172; x_wconf 88' lang='lat' dir='ltr'>quod</span> <span class='ocrx_word' id='word_1_419' title='bbox 558 2131 698 2163; x_wconf 89' lang='lat' dir='ltr'>militum</span> <span class='ocrx_word' id='word_1_420' title='bbox 722 2132 755 2163; x_wconf 94' lang='lat' dir='ltr'>in</span> <span class='ocrx_word' id='word_1_421' title='bbox 780 2131 978 2172; x_wconf 88' lang='lat' dir='ltr'>superiorem</span> <span class='ocrx_word' id='word_1_422' title='bbox 1000 2132 1116 2164; x_wconf 83' lang='lat' dir='ltr'>insulae</span> <span class='ocrx_word' id='word_1_423' title='bbox 1138 2137 1262 2175; x_wconf 86' lang='lat' dir='ltr'>partem</span> <span class='ocrx_word' id='word_1_424' title='bbox 1285 2144 1418 2176; x_wconf 88' lang='lat' dir='ltr'>congre-</span> 
     </span>
    </p>
   </div>
   <div class='ocr_carea' id='block_1_3' title="bbox 89 2214 1428 2460">
    <p class='ocr_par' dir='ltr' id='par_1_5' title="bbox 92 2214 1419 2277">
     <span class='ocr_line' id='line_1_43' title="bbox 92 2214 1419 2274; baseline 0.006 -35"><span class='ocrx_word' id='word_1_425' title='bbox 92 2214 179 2274; x_wconf 49' lang='lat' dir='ltr'>zltteiff</span> <span class='ocrx_word' id='word_1_426' title='bbox 195 2216 275 2241; x_wconf 86' lang='lat' dir='ltr'>oculo</span> <span class='ocrx_word' id='word_1_427' title='bbox 295 2218 393 2247; x_wconf 83' lang='lat' dir='ltr'>privati</span> <span class='ocrx_word' id='word_1_428' title='bbox 413 2220 502 2243; x_wconf 86' lang='lat' dir='ltr'>erant.</span> <span class='ocrx_word' id='word_1_429' title='bbox 514 2231 543 2236; x_wconf 90' lang='lat'><em>—</em></span> <span class='ocrx_word' id='word_1_430' title='bbox 555 2224 575 2243; x_wconf 69' lang='grc'>4.</span> <span class='ocrx_word' id='word_1_431' title='bbox 590 2220 707 2250; x_wconf 85' lang='lat' dir='ltr'>Legatus</span> <span class='ocrx_word' id='word_1_432' title='bbox 725 2220 875 2250; x_wconf 84' lang='lat' dir='ltr'>superioris</span> <span class='ocrx_word' id='word_1_433' title='bbox 894 2221 1045 2251; x_wconf 84' lang='lat' dir='ltr'>exercitus,</span> <span class='ocrx_word' id='word_1_434' title='bbox 1061 2221 1095 2245; x_wconf 87' lang='lat' dir='ltr'>ad</span> <span class='ocrx_word' id='word_1_435' title='bbox 1114 2222 1199 2246; x_wconf 80' lang='lat' dir='ltr'>Rheni</span> <span class='ocrx_word' id='word_1_436' title='bbox 1217 2222 1283 2253; x_wconf 81' lang='lat' dir='ltr'>ripae</span> <span class='ocrx_word' id='word_1_437' title='bbox 1297 2228 1389 2247; x_wconf 83' lang='lat' dir='ltr'>curam</span> <span class='ocrx_word' id='word_1_438' title='bbox 1404 2228 1419 2246; x_wconf 87' lang='lat' dir='ltr'>a</span> 
     </span>
     <span class='ocr_line' id='line_1_44' title="bbox 115 2251 330 2277; baseline 0.014 -3"><span class='ocrx_word' id='word_1_439' title='bbox 115 2251 124 2275; x_wconf 88' lang='lat' dir='ltr'>i</span> <span class='ocrx_word' id='word_1_440' title='bbox 139 2256 153 2274; x_wconf 84' lang='lat' dir='ltr'>e</span> <span class='ocrx_word' id='word_1_441' title='bbox 176 2252 200 2275; x_wconf 86' lang='lat' dir='ltr'>io</span> <span class='ocrx_word' id='word_1_442' title='bbox 211 2252 330 2277; x_wconf 60' lang='lat' dir='ltr'>relictus</span> 
     </span>
    </p>

    <p class='ocr_par' dir='ltr' id='par_1_6' title="bbox 91 2285 1419 2393">
     <span class='ocr_line' id='line_1_45' title="bbox 122 2285 1419 2322; baseline 0.007 -14"><span class='ocrx_word' id='word_1_443' title='bbox 122 2285 188 2309; x_wconf 80' lang='lat' dir='ltr'>xw.</span> <span class='ocrx_word' id='word_1_444' title='bbox 207 2291 228 2309; x_wconf 77' lang='grc' dir='ltr'>ι.</span> <span class='ocrx_word' id='word_1_445' title='bbox 242 2287 302 2311; x_wconf 86' lang='lat' dir='ltr'>vid.</span> <span class='ocrx_word' id='word_1_446' title='bbox 319 2288 351 2317; x_wconf 85' lang='lat'>11,</span> <span class='ocrx_word' id='word_1_447' title='bbox 364 2294 401 2313; x_wconf 77' lang='lat'>97.</span> <span class='ocrx_word' id='word_1_448' title='bbox 413 2302 438 2306; x_wconf 98' lang='lat'><strong>—</strong></span> <span class='ocrx_word' id='word_1_449' title='bbox 448 2294 473 2314; x_wconf 72' lang='lat'>2.</span> <span class='ocrx_word' id='word_1_450' title='bbox 489 2291 555 2319; x_wconf 86' lang='lat' dir='ltr'>Pro,</span> <span class='ocrx_word' id='word_1_451' title='bbox 574 2296 654 2320; x_wconf 85' lang='lat' dir='ltr'>quam</span> <span class='ocrx_word' id='word_1_452' title='bbox 667 2297 739 2320; x_wconf 86' lang='lat' dir='ltr'>raro,</span> <span class='ocrx_word' id='word_1_453' title='bbox 758 2292 786 2315; x_wconf 87' lang='lat' dir='ltr'>et</span> <span class='ocrx_word' id='word_1_454' title='bbox 798 2291 855 2315; x_wconf 79' lang='lat' dir='ltr'>fere</span> <span class='ocrx_word' id='word_1_455' title='bbox 868 2297 1017 2322; x_wconf 82' lang='lat' dir='ltr'>nunquam.</span> <span class='ocrx_word' id='word_1_456' title='bbox 1032 2293 1125 2317; x_wconf 84' lang='lat' dir='ltr'>Batavi</span> <span class='ocrx_word' id='word_1_457' title='bbox 1136 2293 1284 2318; x_wconf 79' lang='lat' dir='ltr'>Germaniae</span> <span class='ocrx_word' id='word_1_458' title='bbox 1297 2293 1419 2318; x_wconf 74' lang='lat' dir='ltr'>interiori</span> 
     </span>
     <span class='ocr_line' id='line_1_46' title="bbox 92 2320 1419 2359; baseline 0.007 -16"><span class='ocrx_word' id='word_1_459' title='bbox 92 2320 382 2347; x_wconf 73' lang='lat' dir='ltr'>accensebantur.-s.</span> <span class='ocrx_word' id='word_1_460' title='bbox 398 2325 457 2348; x_wconf 88' lang='lat' dir='ltr'>Vid.</span> <span class='ocrx_word' id='word_1_461' title='bbox 476 2327 532 2350; x_wconf 87' lang='lat' dir='ltr'>not.</span> <span class='ocrx_word' id='word_1_462' title='bbox 547 2326 580 2349; x_wconf 88' lang='lat' dir='ltr'>ad</span> <span class='ocrx_word' id='word_1_463' title='bbox 596 2326 626 2354; x_wconf 81' lang='lat' dir='ltr'>ll,</span> <span class='ocrx_word' id='word_1_464' title='bbox 640 2331 711 2350; x_wconf 75' lang='lat'>92.—</span> <span class='ocrx_word' id='word_1_465' title='bbox 723 2331 744 2350; x_wconf 68' lang='grc' dir='ltr'>ι.</span> <span class='ocrx_word' id='word_1_466' title='bbox 760 2327 879 2350; x_wconf 86' lang='lat' dir='ltr'>Vidimus</span> <span class='ocrx_word' id='word_1_467' title='bbox 893 2327 1027 2351; x_wconf 85' lang='lat' dir='ltr'>Vitellium</span> <span class='ocrx_word' id='word_1_468' title='bbox 1042 2328 1183 2358; x_wconf 85' lang='lat' dir='ltr'>minuisse,</span> <span class='ocrx_word' id='word_1_469' title='bbox 1199 2334 1252 2354; x_wconf 89' lang='lat' dir='ltr'>non</span> <span class='ocrx_word' id='word_1_470' title='bbox 1269 2329 1419 2359; x_wconf 79' lang='lat' dir='ltr'>explevisse</span> 
     </span>
     <span class='ocr_line' id='line_1_47' title="bbox 91 2351 1078 2393; baseline 0.008 -14"><span class='ocrx_word' id='word_1_471' title='bbox 91 2351 283 2385; x_wconf 61' lang='lat' dir='ltr'>legiones—5.</span> <span class='ocrx_word' id='word_1_472' title='bbox 301 2358 334 2382; x_wconf 83' lang='lat' dir='ltr'>Ut</span> <span class='ocrx_word' id='word_1_473' title='bbox 347 2364 403 2383; x_wconf 87' lang='lat' dir='ltr'>rem</span> <span class='ocrx_word' id='word_1_474' title='bbox 418 2365 467 2387; x_wconf 81' lang='lat' dir='ltr'>pro</span> <span class='ocrx_word' id='word_1_475' title='bbox 481 2361 644 2391; x_wconf 84' lang='lat' dir='ltr'>Vespasiano</span> <span class='ocrx_word' id='word_1_476' title='bbox 659 2363 753 2386; x_wconf 85' lang='lat' dir='ltr'>contra</span> <span class='ocrx_word' id='word_1_477' title='bbox 768 2362 903 2387; x_wconf 85' lang='lat' dir='ltr'>Vitellium</span> <span class='ocrx_word' id='word_1_478' title='bbox 917 2366 1078 2393; x_wconf 79' lang='lat' dir='ltr'>susceptam.</span> 
     </span>
    </p>

    <p class='ocr_par' dir='ltr' id='par_1_7' title="bbox 89 2390 1428 2460">
     <span class='ocr_line' id='line_1_48' title="bbox 121 2390 1428 2429; baseline 0.008 -15"><span class='ocrx_word' id='word_1_479' title='bbox 121 2390 181 2414; x_wconf 82' lang='lat' dir='ltr'>xv.</span> <span class='ocrx_word' id='word_1_480' title='bbox 201 2396 223 2415; x_wconf 82' lang='grc' dir='ltr'>ι.</span> <span class='ocrx_word' id='word_1_481' title='bbox 241 2392 271 2420; x_wconf 84' lang='lat' dir='ltr'>ll,</span> <span class='ocrx_word' id='word_1_482' title='bbox 284 2397 350 2416; x_wconf 60' lang='grc' dir='ltr'>εει-</span> <span class='ocrx_word' id='word_1_483' title='bbox 363 2399 385 2417; x_wconf 77' lang='lat'>2.</span> <span class='ocrx_word' id='word_1_484' title='bbox 401 2395 438 2418; x_wconf 89' lang='lat' dir='ltr'>De</span> <span class='ocrx_word' id='word_1_485' title='bbox 452 2395 548 2424; x_wconf 83' lang='lat' dir='ltr'>quibus</span> <span class='ocrx_word' id='word_1_486' title='bbox 560 2397 682 2425; x_wconf 65' lang='lat' dir='ltr'>sueton„</span> <span class='ocrx_word' id='word_1_487' title='bbox 696 2397 785 2427; x_wconf 65' lang='lat' dir='ltr'>Galia.</span> <span class='ocrx_word' id='word_1_488' title='bbox 801 2402 823 2421; x_wconf 89' lang='lat' dir='ltr'>c.</span> <span class='ocrx_word' id='word_1_489' title='bbox 837 2402 934 2427; x_wconf 68' lang='lat'>43—411,</span> <span class='ocrx_word' id='word_1_490' title='bbox 950 2399 1042 2423; x_wconf 86' lang='lat' dir='ltr'>Germ.</span> <span class='ocrx_word' id='word_1_491' title='bbox 1058 2404 1081 2423; x_wconf 90' lang='lat' dir='ltr'>c.</span> <span class='ocrx_word' id='word_1_492' title='bbox 1097 2403 1135 2426; x_wconf 80' lang='lat'>57,</span> <span class='ocrx_word' id='word_1_493' title='bbox 1154 2400 1253 2429; x_wconf 63' lang='lat' dir='ltr'>Agyrte.</span> <span class='ocrx_word' id='word_1_494' title='bbox 1270 2404 1297 2424; x_wconf 84' lang='lat' dir='ltr'>e.</span> <span class='ocrx_word' id='word_1_495' title='bbox 1315 2405 1353 2424; x_wconf 64' lang='grc' dir='ltr'>ιε.</span> <span class='ocrx_word' id='word_1_496' title='bbox 1366 2411 1393 2416; x_wconf 94' lang='grc'>-</span> <span class='ocrx_word' id='word_1_497' title='bbox 1404 2404 1428 2423; x_wconf 73' lang='lat'>5.</span> 
     </span>
     <span class='ocr_line' id='line_1_49' title="bbox 89 2424 1204 2460; baseline 0.008 -11"><span class='ocrx_word' id='word_1_498' title='bbox 89 2424 216 2456; x_wconf 82' lang='lat' dir='ltr'>lrrumpit</span> <span class='ocrx_word' id='word_1_499' title='bbox 225 2427 273 2457; x_wconf 90' lang='lat' dir='ltr'>(in)</span> <span class='ocrx_word' id='word_1_500' title='bbox 287 2427 331 2452; x_wconf 85' lang='lat' dir='ltr'>tlla</span> <span class='ocrx_word' id='word_1_501' title='bbox 343 2427 455 2453; x_wconf 76' lang='lat' dir='ltr'>hiberna</span> <span class='ocrx_word' id='word_1_502' title='bbox 468 2436 518 2460; x_wconf 89' lang='lat' dir='ltr'>per</span> <span class='ocrx_word' id='word_1_503' title='bbox 533 2431 683 2456; x_wconf 84' lang='lat' dir='ltr'>oceanum.</span> <span class='ocrx_word' id='word_1_504' title='bbox 696 2433 837 2458; x_wconf 79' lang='lat' dir='ltr'>Ablativus</span> <span class='ocrx_word' id='word_1_505' title='bbox 849 2434 921 2458; x_wconf 87' lang='lat' dir='ltr'>viam</span> <span class='ocrx_word' id='word_1_506' title='bbox 934 2435 962 2459; x_wconf 85' lang='lat' dir='ltr'>et</span> <span class='ocrx_word' id='word_1_507' title='bbox 972 2434 1081 2459; x_wconf 87' lang='lat' dir='ltr'>modum</span> <span class='ocrx_word' id='word_1_508' title='bbox 1092 2434 1204 2459; x_wconf 84' lang='lat' dir='ltr'>indicat.</span> 
     </span>
    </p>
   </div>
  </div>
 </body>
</html>
