1539 2668
131 177 191 208 142
534 176 667 205 TACITI
690 175 901 206 ANNALIUM
924 178 997 207 LIB.
1021 178 1076 215 VI.

139 245 292 277 maritum
310 243 457 276 insecuta
471 269 479 283 ‚
497 253 694 284 quamquam
708 244 898 277 intestabilis
913 270 922 285 ,
937 248 1044 277 tamen
1072 244 1231 285 impunita
1242 244 1373 284 agebat,
1385 243 1466 276 dum

140 292 301 333 superfuit
317 294 408 331 pater
427 291 580 331 Lepidus;
598 290 670 332 pos‘t
691 301 710 323 a
725 292 921 324 delatoribus
937 293 1110 334 corripitur
1124 292 1166 323 ob
1188 300 1319 322 servum
1341 291 1466 324 adulte-

139 349 211 373 rum
229 350 237 371 ε
255 347 314 370 nee
340 338 548 370 dubitabatur
570 338 610 370 de
633 338 764 379 flagitio.
791 348 865 381 ergo
889 341 1011 372 omissa
1035 339 1238 379 defensione,
1269 338 1367 370 finem
1388 339 1470 372 vitae

138 387 198 419 sibi
214 386 333 427 posuit.

180 437 257 466 XLI.
282 437 340 464 Per
356 433 440 464 idem
470 434 598 473 tempus
621 433 778 465 Clitarum
793 434 881 466 natio
898 434 1076 475 Cappadoci
1091 432 1244 466 Archelao
1264 433 1272 450 ¹
1302 432 1447 472 subiecta
1456 454 1472 473 ,-

138 482 214 522 quia
230 483 379 512 nostrum
399 480 430 510 in
448 480 581 510 modum
605 480 728 512 deferre
742 490 878 521 census,
903 482 968 522 pati
986 482 1107 513 tributa
1123 481 1326 521 adigebatur,
1340 479 1373 510 in
1390 479 1472 519 iuga

138 527 235 560 Tauri
258 528 379 559 montis
402 527 576 566 abscessit,
595 527 805 568 locorumque
832 528 959 568 ingenio
983 538 1052 560 sese
1075 531 1187 560 contra
1213 526 1360 558 imbelles
1384 526 1472 566 regis»

137 575 246 616 copias
261 574 438 612 tutabatur,
463 574 567 605 donec
581 579 623 606 M.
639 576 816 607 Trebellius
837 576 959 616 legatus
970 601 979 617 ,
1002 585 1021 608 a
1036 576 1163 608 Vitellio
1175 600 1183 614 ‚
1199 575 1334 616 praeside
1355 573 1468 614 Syriae,

137 631 212 653 cum
229 623 383 662 quattuor
409 622 556 653 millibus
584 622 830 661 legionariorum
854 626 887 655 et
911 624 1044 655 delectis
1069 623 1197 655 auxiliis
1222 623 1359 661 missus,
1387 621 1474 653 duos

138 670 256 708 eolles,
281 677 363 709 quos
388 668 514 699 barbari
541 669 729 702 insederant
755 671 886 709 (minori
916 671 1052 710 Cadra,
1075 670 1168 702 alteri
1187 673 1333 702 Davara
1350 676 1470 699 nomen

136 716 211 755 est),
226 715 377 756 operibus
390 715 400 732 ²
420 716 655 756 circumdedit,
669 720 700 748 et
713 727 880 758 erumpere
893 727 990 749 ausos
1004 719 1087 748 ferro
1100 743 1108 757 ,
1126 720 1249 749 ceteros
1261 716 1315 748 siti
1328 716 1368 747 ad
1381 715 1468 747 dedi-

137 763 258 795 tionem
286 763 401 802 coegit.
429 765 469 794 At
483 763 661 803 Tiridates,
682 765 864 796 volentibus
880 766 1023 804 Parthis,
1045 765 1274 805 Nicephorium
1297 765 1330 794 et
1353 763 1470 794 Anthe-

137 810 283 841 musiada
300 812 487 850 ceterasque
507 811 604 841 urbes
631 820 704 851 quae
726 812 955 843 Macedonibus
969 813 1040 843 sirae
1054 813 1064 830 ’δ
1083 817 1191 844 Graeca
1208 811 1365 843 vocabula
1377 819 1469 841 usur-

136 859 232 897 pant,
258 858 439 896 Halumque
466 858 498 888 et
532 859 734 899 Artemitam,
750 860 895 891 Parthica
928 860 1070 900 oppida,
1101 860 1244 899 recepit,
1270 857 1472 890 certantibus

136 905 253 945 gaudio
284 904 339 944 qui
366 904 563 936 Artabanum
591 906 726 945 Scythas
748 906 833 938 inter
853 907 1008 939 eductum
1033 907 1075 938 ob
1103 906 1264 938 saevitiam
1290 906 1468 945 exsecrati,

135 961 227 984 come
246 951 397 983 Tiridatis
415 952 576 991 ingenium
594 956 755 984 Romanas
772 963 829 994 per
847 957 931 986 artes
947 955 1129 995 sperabant.

176 1003 266 1030 XLII.
291 999 468 1029 Plurimum
487 999 684 1031 adulationis
701 1001 906 1033 Seleucenses
923 1002 1057 1033 induere
1068 1027 1076 1041 ‚
1093 1001 1206 1032 civitas
1222 1003 1338 1041 potens
1350 1025 1358 1040 ‚
1379 1000 1470 1040 septa

134 1046 258 1085 muris,
287 1055 393 1085 neque
420 1046 452 1077 in
482 1046 651 1077 barbarum
671 1051 841 1088 corrupta,
868 1049 922 1079 sed
939 1050 1115 1081 conditoris
1139 1049 1260 1080 Seleuci
1280 1048 1286 1066 ¹
1316 1048 1468 1079 retinens.

134 1093 271 1124 trecenti
289 1093 405 1132 opibus
423 1096 477 1124 aut
502 1094 658 1134 sapientia
675 1094 791 1126 delecti
810 1098 845 1126 ut
869 1098 1019 1135 senatus;
1044 1105 1102 1127 sua
1115 1095 1235 1136 populo
1252 1095 1301 1125 vis
1317 1105 1324 1125 :
1340 1096 1372 1126 et
1388 1103 1470 1134 quo-

132 1140 194 1171 ties
211 1141 385 1171 concordes
402 1143 498 1180 agunt
514 1166 522 1179 ‚
538 1141 698 1180 spernitur
716 1143 871 1181 Partlrus3
891 1143 945 1173 ubi
961 1143 1152 1182 dissensere,
1168 1143 1244 1173 dum
1259 1142 1319 1173 sibi
1332 1142 1472 1181 quisque

132 1188 245 1218 contra
267 1188 403 1218 aerrrulos
419 1188 598 1218 subsidium
613 1190 749 1227 vocant,
768 1189 892 1220 accitus
910 1190 942 1220 in
960 1193 1089 1230 partem
1104 1190 1275 1220 adversum
1290 1197 1403 1220 omnes
1415 1197 1469 1219 va-

131 1233 233 1265 lescit.
260 1234 290 1264 id
307 1244 408 1274 nuper
440 1236 601 1266 acciderat
629 1236 792 1267 Artabano
822 1238 973 1276 regnante
990 1262 998 1276 ,
1037 1238 1092 1277 qui
1119 1237 1245 1277 plebem
1275 1235 1470 1276 primoribus

131 1281 265 1312 tradidit
289 1291 327 1312 ex
352 1291 412 1312 suo
432 1292 491 1312 usu
513 1292 519 1312 :
545 1292 618 1313 nam
634 1283 745 1323 populi
763 1284 935 1324 imperium
954 1284 1048 1324 juxta
1066 1284 1263 1322 libertatern,
1292 1292 1469 1323 paucorum

132 1328 311 1360 dominatio
333 1338 386 1368 reg
383 1330 428 1359 ivr
458 1329 584 1360 libidini
603 1330 750 1370 proprior
766 1333 825 1362 est.
853 1333 921 1362 tum
944 1332 1172 1362 adventantem
1187 1331 1349 1363 Tiridaten
1371 1331 1471 1362 extol

131 1376 205 1407 lunt
218 1378 366 1407 veterum
386 1386 437 1413 reg
441 1386 493 1406 um
511 1377 705 1417 horroribus,
723 1379 754 1409 et
770 1387 851 1417 quos
867 1388 976 1410 recens
989 1381 1067 1410 atas
1083 1380 1135 1409 lar
1129 1379 1199 1415 rius
1215 1379 1358 1417 inverr'rt3
1373 1376 1470 1408 simul

132 1422 250 1463 probra
269 1423 301 1452 in
320 1425 387 1454 Art·
380 1415 521 1454 «barrum
552 1424 753 1463 tundebant,
770 1427 933 1456 materna
963 1428 1093 1465 orrqine
1118 1425 1328 1464 Arsaciden,
1356 1427 1469 1456 celera

132 1468 343 1509 desenetem
370 1470 531 1501 Tiridates
550 1480 615 1501 rem
633 1472 854 1502 Seleucensem
873 1472 991 1512 populo
1009 1472 1178 1512 permittit
1195 1477 1267 1503 Mox
1285 1471 1471 1503 consultans

132 1525 284 1556 quonam
299 1516 353 1547 dic
367 1518 522 1548 solennia
538 1517 549 1534 ²
575 1520 670 1557 requi
684 1521 876 1558 capesseret
889 1543 897 1558 ,
916 1519 1040 1550 litteras
1057 1520 1226 1550 Plrralratis
1250 1520 1282 1548 et
1300 1517 1446 1549 Hieronis
1458 1541 1467 1556 ,

132 1563 188 1603 qui
217 1563 431 1594 validissimas
451 1564 657 1604 przefecturas
687 1565 896 1604 obtinebant,
922 1560 1058 1606 accipit,
1087 1566 1219 1596 brevem
1242 1573 1378 1596 moram
1399 1574 1469 1605 pre·

132 1610 286 1641 cantium.
309 1611 529 1651 placitumque
544 1615 693 1652 opperiri
707 1614 798 1643 viros
814 1613 1081 1652 proepolcentes,
1101 1615 1197 1652 atque
1217 1612 1345 1643 interim
1365 1612 1469 1644 Ctesi—

130 1657 218 1697 phon
239 1657 330 1688 sedes
348 1658 473 1698 imperii
488 1660 598 1699 petita.
614 1659 668 1690 sed
683 1660 738 1690 ubi
756 1660 841 1690 diem
856 1669 895 1691 ex
913 1660 963 1691 die
982 1659 1202 1700 prolatabarrt,
1225 1659 1337 1690 multis
1355 1667 1464 1690 coram

130 1706 162 1735 et
180 1705 447 1745 approbantibus,
465 1710 587 1737 Surena
600 1706 611 1724 ³
631 1707 735 1747 patrio
752 1716 841 1738 more
854 1706 1018 1738 Tiridaten
1032 1707 1148 1745 insigni
1163 1707 1249 1746 regio
1265 1706 1401 1737 evinxit.

171 1754 278 1782 XLIII.
308 1759 352 1783 Ac
366 1753 391 1783 si
409 1754 517 1784 surum
541 1754 694 1785 interiora
719 1756 905 1795 ceterasque
928 1755 1075 1786 nationes
1095 1754 1288 1794 petivisset,
1311 1762 1467 1794 oppressa

131 1798 353 1829 cunctantium
380 1800 542 1831 dubitatio
564 1801 570 1818 ¹
595 1803 627 1832 et
648 1811 760 1833 omnes
785 1802 816 1832 in
837 1811 937 1833 unum
963 1801 1144 1834 cedebant:
1166 1801 1337 1832 assidendo
1355 1801 1468 1832 castel-

131 1844 217 1884 lum,
237 1845 268 1875 in
291 1846 378 1885 quod
404 1847 573 1886 pecuniam
591 1850 623 1878 et
641 1848 773 1887 pellices
795 1850 976 1880 Artabanus
993 1849 1193 1886 contulerat,
1211 1847 1300 1879 dedit
1324 1848 1466 1888 spatium

132 1893 270 1923 exuendi
287 1895 390 1932 pacta.
420 1903 494 1924 nam
513 1894 688 1925 Plu-ahares
706 1897 737 1926 et
755 1895 849 1926 Hiero
862 1919 872 1934 ,
889 1897 922 1928 et
938 1896 1035 1936 siqui
1051 1895 1105 1926 alii
1127 1895 1285 1926 delectum
1311 1895 1466 1935 capiendo

132 1937 307 1971 diademati
335 1940 420 1971 diem
449 1941 534 1971 lraud
552 1942 974 1983 concelebraverant,pars
999 1944 1109 1981 metu,
1137 1942 1267 1982 quidam
1287 1942 1409 1973 invidia
1432 1942 1467 1973 in

132 1985 317 2026 Abdagesen
330 2012 338 2026 ,
357 1988 410 2027 qui
428 1990 497 2019 turn
518 1988 591 2019 aula
608 1990 640 2020 et
656 1998 743 2020 novo
762 1999 834 2029 rege
850 1990 1044 2030 potiebatur,
1062 1991 1101 2021 ad
1119 1990 1316 2021 Artabanum
1329 1992 1462 2021 vertere.

132 2034 222 2072 isque
238 2034 270 2064 in
286 2035 441 2074 Hyrcanis
461 2038 606 2075 repertus
619 2039 679 2074 est,
692 2036 802 2067 illuvie
816 2037 943 2068 obsitus
957 2039 990 2068 et
1003 2037 1156 2068 alimenta
1169 2045 1244 2067 arcu
1261 2033 1463 2075 expedien52.

133 2087 170 2109 ac
198 2080 300 2119 primo
316 2105 324 2119 ,
352 2084 507 2122 tanquam
527 2083 622 2115 dolus
641 2086 820 2123 pararetur,
838 2085 994 2123 territus;
1018 2084 1073 2115 ubi
1091 2084 1165 2115 data
1178 2083 1257 2114 fides
1278 2082 1467 2114 reddenda?

132 2125 361 2159 dominationi
386 2131 533 2169 venisse,
561 2131 715 2161 allevatur
745 2131 910 2171 animum,
931 2132 963 2162 et
991 2139 1069 2171 quoe
1090 2132 1274 2170 repentina
1286 2131 1465 2160 initiatio?

132 2173 284 2212 exquirit.
297 2176 366 2205 tum
380 2176 475 2208 Hiero
479 2179 673 2217 pueritiam
684 2177 850 2210 Tiridatis
861 2177 1023 2217 increpat;
1037 2185 1146 2218 neque
1159 2185 1263 2217 penes
1276 2175 1463 2208 Arsaciden

162 2285 227 2309 XLI.
248 2291 267 2309 ι.
291 2287 356 2310 Filio
380 2288 505 2312 Archelai
527 2292 657 2319 postremi
673 2291 746 2320 regis
764 2290 953 2320 Cappadociae,
969 2296 1002 2314 eo
1018 2291 1127 2314 mortuo
1144 2289 1170 2312 in
1188 2287 1462 2318 p1·0v‘=nciaetormam

132 2321 259 2345 redactae.
270 2328 329 2345 -2.
348 2323 435 2346 Fossis
449 2326 477 2348 et
491 2325 575 2348 vallis.
591 2338 619 2342 ——
633 2331 656 2349 2.
671 2328 689 2349 Α
706 2327 776 2349 Mac.
793 2326 919 2350 coud‘rtae.

162 2356 238 2380 XLII.
259 2362 277 2380 ι.
291 2357 442 2385 Nicator-is,
458 2361 537 2389 pruni
553 2362 625 2390 regis
638 2361 720 2390 Syria:
746 2367 778 2384 ex
796 2362 903 2386 Graecis.
918 2373 945 2378 —-
956 2365 981 2386 2.
995 2360 1121 2390 insignia.
1132 2371 1162 2378 --
1175 2365 1196 2385 5.
1210 2360 1283 2385 Unus
1311 2364 1343 2383 ex
1360 2357 1462 2383 familia
1510 2391 1517 2397 ἵ

131 2392 304 2419 δυτοηιιτιιιη,
323 2395 477 2423 magnatum
492 2396 597 2424 imperii
609 2396 778 2420 Parthorum.

162 2426 254 2450 XLIII.
271 2432 291 2451 ι.
302 2428 343 2452 Sc.
359 2431 426 2454 erat.
440 2442 468 2447 -
482 2435 504 2454 2.
518 2431 622 2456 venatu
635 2431 686 2457 sibi
699 2437 805 2462 parans.
