1539 2668
124 152 187 184 354
484 147 616 177 TActTt
639 146 912 178 HISTORIARUM
940 149 1013 179 LIB.
1037 150 1093 179 111.

123 224 287 259 Vitelliani
306 221 588 261 consectarentur,
606 222 814 252 cunctantem
834 222 866 253 in
885 231 974 254 arma
994 222 1215 263 impellebant.
1238 222 1293 254 sed
1310 224 1396 264 quod
1412 224 1446 256 in

123 271 281 313 ejusmodi
296 270 392 302 rebus
407 268 538 308 accidit,
554 268 722 299 consilium
736 268 776 299 ab
790 268 940 300 omnibus
955 269 1066 300 datum
1085 271 1145 309 est,
1161 269 1341 310 periculum
1352 272 1446 311 pauci

124 327 303 359 sumpsere.
329 318 414 349 circa
437 317 544 348 lacum
569 315 738 347 Fundani²
761 315 1031 348 descendentibus
1050 316 1104 356 qui
1132 316 1286 348 Sabinum
1308 318 1446 350 comita-

124 366 253 406 bantur,
269 366 403 397 armatis
420 365 594 396 occurrunt
611 362 840 403 promptissimi
854 364 1109 395 Vitellianorum.
1126 364 1289 396 modicum
1306 364 1350 396 ibi
1364 375 1447 406 proe-

121 413 201 444 lium
217 413 393 453 improviso
411 412 574 450 tumultu,
595 409 651 442 sed
674 419 862 450 prosperum
877 411 1056 443 Vitellianis
1074 410 1146 442 fuit.
1165 411 1306 443 Sabinus
1328 420 1362 444 re
1381 413 1443 444 tre-

120 460 220 500 pida,
246 460 332 501 quod
362 459 562 491 tutissimum
589 467 606 490 e
631 457 862 498 praesentibus,
896 467 1003 490 arcem
1031 458 1177 499 Capitolii
1202 458 1322 491 insedit
1342 459 1445 490 mixto

119 510 222 542 milite
247 512 279 542 et
304 509 496 550 quibusdam
522 510 709 540 senatorum
733 508 969 548 Equitumque3
996 517 1136 549 quorum
1163 508 1297 540 nomina
1319 509 1446 542 tradere

119 556 206 587 hand
228 560 412 597 promptum
432 557 498 594 est,
517 555 670 595 qnoniam
686 555 808 586 victore
822 554 1020 595 Vespasiano
1034 555 1128 586 multi
1149 555 1179 585 id
1202 556 1355 587 meritum
1372 565 1445 597 erga

117 606 227 643 partes
243 604 446 635 simulavere.
467 603 637 634 subierunt
650 601 811 633 obsidium
827 602 925 633 etiam
942 602 1088 642 feminae,
1106 602 1191 635 inter
1209 611 1290 643 quas
1303 603 1445 634 maxime

118 650 254 690 insignis
273 652 431 682 Verulana
448 650 578 682 Gratilla
590 674 598 689 ‚
620 658 723 689 neque
746 649 865 681 liberos
887 658 990 689 neque
1009 650 1207 690 propinquos
1220 677 1230 691 ‚
1252 650 1307 682 sed
1324 650 1444 682 bellum

117 701 236 728 secuta.
263 698 453 729 Vitellianus
481 697 574 728 miles
599 696 749 727 custodia
774 696 901 727 socordi
927 696 1053 727 clausos
1077 697 1311 737 circumdedit;
1342 706 1445 738 eoque

118 744 278 776 concubia
291 749 384 776 nocte
399 753 475 776 suos
489 743 607 775 liberos
621 742 756 775 Sabinus
773 745 805 774 et
819 743 1040 775 Domitianum
1062 743 1170 774 fratris
1186 743 1289 774 filium
1306 744 1340 775 in
1355 745 1445 785 Capi-

118 788 234 822 tolium
259 792 393 831 accivit,
418 792 518 823 misso
538 800 594 831 per
611 791 755 830 neglecta
767 789 778 807 ³
801 790 840 821 ad
861 791 1029 822 Flavianos
1045 790 1144 822 duces
1160 790 1293 830 nuntio,
1308 791 1364 831 qui
1381 792 1445 823 cir·

116 838 301 870 cumsz'dcri
320 841 407 879 ipsos
419 863 427 877 ‚
445 841 477 870 et
495 841 529 870 ni
542 838 796 878 subveniretur,
819 839 938 869 arctas
958 846 1012 869 res
1029 838 1201 869 nuntiaret.
1221 840 1351 870 noctem
1365 837 1446 870 adeo

118 884 262 922 quietam
278 887 341 925 egit
357 888 392 917 ut
405 885 534 925 degredi
550 885 618 916 sine
632 892 716 914 noxa
731 884 873 923 potuerit
889 893 895 913 :
911 884 1030 924 qnippe
1049 884 1142 916 miles
1155 885 1275 915 Vitellii
1290 884 1446 918 adversus

117 931 259 969 pericula
288 933 397 971 ferox,
427 932 589 963 laboribus
609 934 641 962 et
669 930 787 970 vigiliis
809 939 923 970 parum
949 931 1098 963 intentus
1119 933 1209 971 erat,
1234 933 1266 964 et
1290 931 1445 964 hibernus

117 977 220 1009 imber
237 982 369 1019 repente
386 980 476 1011 susus
489 980 600 1010 oculos
615 986 772 1017 auresque
786 977 993 1018 impediebat.

159 1028 249 1057 LXX.
265 1030 350 1057 Luce
370 1028 473 1066 prima
492 1026 647 1064 Sabinus,
664 1028 836 1064 antequam
855 1025 993 1056 invicem
1005 1024 1133 1057 hostilia
1151 1025 1350 1066 coaptarent,
1367 1030 1445 1058 Cor·

117 1071 239 1102 nelium
263 1074 440 1105 Martialem
458 1083 475 1104 e
498 1071 751 1113 primipilaribus
773 1071 813 1101 ad
831 1071 994 1102 Vitellium
1020 1071 1108 1102 misit
1132 1081 1205 1102 cum
1226 1072 1388 1105 mandatis
1413 1074 1446 1107 et

116 1121 234 1157 questu
254 1132 267 1146 «
287 1120 373 1159 quod
388 1122 481 1160 pacta
504 1118 724 1150 turbarentur.
742 1117 980 1148 simulationem
1003 1126 1139 1157 prorsus
1155 1120 1187 1149 et
1201 1118 1373 1158 imaginem
1390 1118 1444 1150 de—

120 1176 134 1190 «
153 1165 291 1204 ponendi
304 1166 429 1206 imperii
443 1166 538 1197 fuisse
548 1165 586 1195 ad
599 1163 805 1203 decipiendos
817 1166 863 1195 tot
875 1164 1015 1196 illustres
1026 1164 1122 1196 viros.
1137 1174 1194 1196 cur
1205 1165 1290 1196 enim
1303 1173 1321 1197 e
1331 1164 1445 1196 rostris

119 1223 135 1238 «
154 1212 260 1242 fratris
275 1212 425 1252 domum,
446 1212 668 1243 imminentem
691 1212 761 1241 foro
780 1214 811 1241 et
830 1211 994 1243 irritandis
1013 1212 1180 1242 hominum
1199 1212 1301 1243 oculis
1314 1236 1324 1252 ,
1346 1221 1445 1252 quam

120 1270 135 1284 u
156 1259 353 1290 Aventinum
368 1261 400 1290 et
416 1261 547 1300 penates
564 1259 677 1289 uxoris
691 1258 842 1298 petisset?
856 1258 899 1289 ita
914 1258 1040 1298 privato
1055 1262 1087 1290 et
1099 1267 1228 1290 omnem
1244 1259 1445 1300 principatus

119 1318 135 1332 «
153 1306 293 1346 speciem
309 1307 424 1338 vitanti
438 1305 640 1337 convenisse.
658 1307 770 1336 contra
786 1305 950 1336 Vitellium
965 1305 997 1336 in
1012 1305 1165 1345 palatium
1178 1330 1187 1345 ,
1208 1306 1241 1336 in
1263 1307 1364 1346 ipsam
1386 1306 1446 1338 im-

119 1366 135 1380 «
153 1354 232 1393 perii
253 1363 359 1385 arcem
380 1363 579 1393 regressum3
600 1352 674 1383 inde
694 1354 855 1383 armatum
873 1361 986 1392 agmen
1003 1353 1178 1392 emissum;
1196 1355 1331 1385 stratam
1352 1353 1444 1385 inno-

120 1416 136 1431 «
154 1403 297 1434 centium
311 1403 455 1435 caedibus
469 1403 709 1435 celeberrimam
722 1402 817 1433 Urbis
827 1405 949 1442 partem
962 1413 971 1441 ;
988 1411 1027 1433 ne
1041 1402 1198 1442 Capitolio
1211 1403 1340 1443 quidem
1350 1403 1444 1436 absti-

121 1463 137 1478 «
153 1451 234 1482 neri.
254 1453 395 1490 togatum
413 1460 528 1491 nempe
542 1459 575 1482 se
594 1452 625 1481 et
638 1458 739 1480 unum
754 1458 771 1480 e
784 1449 987 1480 senatoribus
999 1449 1101 1488 ,''dum
1115 1450 1196 1481 inter
1209 1451 1444 1490 Vespasianum

119 1509 136 1525 «
155 1506 192 1528 ac
216 1498 379 1529 Vitellium
405 1498 527 1538 proeliis
556 1497 739 1537 legionum,
769 1495 1013 1536 captivitatibus
1041 1496 1190 1536 urbium,
1223 1497 1445 1532 deditionibus

119 1557 135 1572 α
155 1545 337 1576 cohortium
362 1545 546 1584 judicatur,
568 1544 634 1584 jam
658 1544 818 1584 Hispaniis
840 1543 1082 1583 Germaniisque
1105 1547 1137 1575 et
1158 1544 1322 1575 Britannia
1341 1545 1443 1577 desci-

119 1604 135 1620 «
155 1592 333 1630 scentibus‚
352 1592 482 1623 fratrem
504 1591 688 1631 Vespasiani
712 1590 865 1621 mansisse
888 1589 921 1620 in
945 1589 1025 1627 fide,
1046 1588 1149 1621 donec
1165 1591 1250 1621 ultro
1272 1591 1311 1622 ad
1334 1591 1446 1624 condi-

120 1652 136 1667 «
153 1639 260 1671 tiones
278 1641 458 1670 vocaretur.
476 1647 586 1678 pacem
602 1641 634 1669 et
647 1636 855 1667 concordiam
874 1635 969 1666 victis
986 1635 1076 1665 utilia
1090 1659 1099 1674 ‚
1120 1637 1300 1668 victoribus
1314 1639 1443 1671 tantum

120 1699 137 1714 «ι
154 1686 287 1727 pulchra
301 1694 378 1716 esse.
395 1686 421 1716 si
435 1684 658 1716 conventionis
672 1684 828 1723 poeniteat
842 1707 851 1721 ‚
867 1691 931 1713 non
946 1691 979 1714 se
991 1707 999 1721 ‚
1014 1691 1109 1721 quem
1126 1683 1258 1723 persidia
1267 1684 1443 1727 deceperit,

120 1745 137 1761 «ι
155 1733 238 1765 ferro
255 1734 398 1772 peteret,
412 1741 478 1763 non
493 1732 593 1763 silium
609 1731 796 1771 Vespasiani
814 1730 869 1760 vix
884 1729 1038 1769 puberem
1057 1741 1063 1761 z
1078 1732 1236 1770 quantum
1250 1731 1365 1763 occisis
1378 1740 1444 1764 uno

120 1793 135 1809 «
155 1788 232 1812 sene
246 1782 278 1811 et
292 1789 356 1811 uno
371 1780 491 1819 juvene
505 1778 639 1819 profici?
653 1779 713 1809 iret
731 1778 860 1808 obviam
880 1776 1061 1819 legionibus
1083 1779 1116 1808 et
1136 1777 1176 1808 de
1191 1786 1317 1809 summa
1333 1787 1444 1811 rerum

118 1842 135 1854 «ι
152 1826 217 1857 illic
232 1829 368 1858 certaret
392 1836 399 1857 :
424 1829 529 1858 cetera
549 1825 729 1856 secundum
747 1826 900 1855 eventum
924 1824 1029 1863 proelii
1045 1832 1185 1856 cessura.
1200 1837 1216 1851 υ
1237 1824 1382 1865 trepidus
1402 1826 1444 1858 ad

118 1874 190 1906 haec
203 1874 352 1905 Vitellius
366 1882 468 1913 pauca
482 1872 640 1914 purgandi
655 1872 704 1902 sui
718 1880 814 1902 causa
829 1870 1006 1911 respondit,
1021 1871 1146 1911 culpam
1161 1873 1197 1902 in
1206 1872 1351 1904 militem
1363 1880 1442 1905 con-

119 1923 236 1960 ferens,
251 1922 349 1961 qu'us
362 1923 488 1952 nimius
505 1920 612 1952 ardor
626 1928 636 1948 :
653 1922 824 1959 imparem
838 1926 907 1950 esse
923 1918 1128 1950 modestiam
1143 1927 1255 1951 suam.
1271 1920 1303 1950 et
1316 1921 1444 1953 monuit

118 1969 297 2001 Martialem
314 1971 354 2001 ut
368 1978 431 2009 per
446 1970 612 2000 secretam
628 1967 756 1998 tedium
773 1968 913 2007 partem
926 1966 1057 1998 occulte
1074 1966 1201 2005 abiret,
1220 1974 1261 1997 ne
1274 1966 1443 1999 militibus

120 2018 358 2049 internuntius
375 2017 494 2047 invisae
506 2018 605 2056 pacis
622 2014 886 2054 interficeretur.
909 2013 979 2054 ipse
999 2022 1103 2053 neque
1116 2012 1250 2052 jubendi
1268 2021 1372 2053 neque
1386 2021 1441 2045 ve-

120 2063 212 2096 tandi
228 2065 340 2102 potens
353 2073 361 2101 ;
376 2071 439 2093 non
451 2062 517 2102 jam
536 2065 737 2103 Imperator,
754 2061 808 2093 sed
826 2062 951 2092 tantum
969 2061 1043 2092 belli
1061 2069 1156 2091 causa
1175 2062 1254 2091 erat.

164 2111 266 2139 LXXI.
289 2109 429 2139 Vixdum
452 2118 594 2148 regresso
617 2109 650 2139 in
674 2108 863 2148 Capitolium
888 2107 1032 2139 Martiale
1060 2107 1169 2137 furens
1194 2106 1287 2137 miles
1311 2105 1441 2148 aderat,

124 2155 214 2186 nullo
235 2155 334 2195 duce,
351 2156 413 2187 sibi
435 2156 573 2196 quisque
595 2158 718 2187 auctor.
742 2155 806 2187 cito
822 2155 946 2195 agmine
969 2155 1074 2185 forum
1097 2155 1129 2184 et
1149 2152 1349 2184 imminentia
1372 2153 1442 2185 foro

124 2202 244 2244 templa
264 2204 467 2244 praetervecti
485 2203 612 2243 erigunt
629 2204 730 2235 aciem
748 2212 806 2244 per
819 2202 988 2234 adversum
1012 2201 1126 2232 collem
1144 2208 1245 2240 usque
1266 2200 1307 2232 ad
1322 2199 1443 2240 primas

121 2249 311 2290 Capitolinae
335 2251 417 2283 arcis
435 2251 530 2283 sores.
553 2252 644 2284 erant
658 2250 841 2291 antiquitus
859 2249 1005 2291 porticus
1025 2249 1059 2280 in
1081 2249 1181 2280 latere
1200 2247 1296 2289 clivi,
1319 2246 1442 2279 dextrae

124 2389 177 2410 -2.
192 2385 233 2411 Ad
243 2387 362 2412 montem
376 2387 604 2418 Quirinalem—a.
619 2389 711 2414 Partes
726 2393 740 2413 a
761 2386 918 2413 custodibus
927 2391 982 2412 non
995 2386 1119 2411 insessas.
