1539 2668
519 139 556 169 A.
580 140 619 169 U.
642 139 676 168 C.
702 138 774 168 772.
809 138 845 167 A.
868 137 906 168 C.
934 139 983 168 19.
1379 140 1423 170 59

134 222 238 252 LXXI.
262 220 368 250 Caesar
380 214 553 256 paullisper
570 213 609 245 ad
626 222 717 254 spem
739 216 884 252 erectus,
904 212 979 244 dein
995 213 1079 245 sesso
1097 222 1247 254 corpore,
1267 214 1324 246 ubi
1338 216 1414 246 nnis

95 266 224 306 aderat,
247 265 433 297 assistentes
448 261 569 293 amIcos
592 261 624 292 in
642 261 727 291 hunc
743 260 876 292 modum
901 260 1073 301 alloquitur
1090 269 1097 290 :
1117 273 1132 287 «
1149 261 1181 292 Si
1205 261 1270 292 sato
1293 270 1415 293 conce-

96 325 113 341 «
130 313 239 345 deren]
253 312 278 350 ¹,
292 313 400 352 justus
420 308 499 340 mihi
516 308 607 339 dolor
623 308 721 339 etiam
738 308 893 340 adversus
915 307 992 339 deos
1009 309 1112 347 esset,
1140 307 1228 347 quod
1241 317 1292 339 me
1305 317 1417 348 paren·

95 370 111 385 «
129 359 233 399 tibus,
250 357 369 395 liberis,
386 355 516 396 patriae,
530 355 615 386 intra
630 355 797 395 juventam
814 354 824 372 ²
845 358 1038 396 praematuro
1051 354 1138 386 exitu
1152 357 1311 394 raperent.
1329 363 1416 386 nunc

97 416 113 431 «ι
132 406 251 437 scelere
262 403 387 436 Pisonis
404 405 434 434 et
444 402 605 433 Plancinae
618 402 825 441 interceptus,
837 402 966 433 ultimas
976 410 1087 442 preces
1100 401 1285 441 pectoribus
1300 402 1417 433 vestris

97 464 114 479 α
136 452 283 492 relinquo
303 461 310 481 :
329 449 474 482 reseratis
494 449 578 490 patri
595 457 632 479 ac
656 448 745 479 fratri
760 449 784 488 ³,
813 449 930 489 quibus
957 447 1185 481 acerbitatibus
1202 447 1395 479 dilaceratus
1409 471 1420 486 ,

98 510 114 525 ο(
133 498 253 538 quibus
268 497 397 530 insidiis
420 497 663 528 circumventus
688 495 903 527 miserrimam
922 497 1023 528 vitam
1042 495 1182 537 pessima
1206 496 1310 525 morte
1332 493 1420 526 tinie-

96 557 113 572 «
130 545 202 577 rim.
221 545 249 577 si
267 554 349 585 quos
366 553 438 585 spes
455 552 553 584 meae,
569 542 595 574 si
611 551 692 583 quos
705 543 904 583 propinquus
922 544 1070 584 sanguis,
1084 543 1180 574 etiam
1199 550 1280 582 quos
1297 540 1421 572 invidia

96 604 112 619 «
132 601 205 632 erga
220 592 385 624 viventem
405 589 589 629 ιηονείκὶῐ,4
612 589 851 621 illacrimabunt
868 590 1032 630 quondam
1050 590 1216 621 florentem
1236 590 1268 619 et
1293 588 1341 619 tot
1356 585 1437 617 hel-s

97 649 112 664 ἰ
130 637 236 670 lorum
254 638 462 680 superstitem
483 636 633 668 muliebri
650 636 760 668 fraude
775 636 938 668 cecidisse.
967 636 1028 669 erit
1046 636 1138 667 vobis
1161 636 1251 666 locus
1265 632 1420 675 querendi

96 695 112 710 «ι
130 685 216 726 apud
239 689 387 718 senatum
400 710 409 724 ‚
435 684 609 716 invocandi
625 684 719 724 leges.
741 693 804 714 non
819 685 879 715 hoc
895 684 1095 725 praecipuum
1108 683 1286 715 amicorum
1303 689 1422 712 munus

96 742 112 758 «
131 736 177 766 est
191 758 200 773 ,
217 733 367 773 prosequi
390 733 579 764 defunctum
594 731 712 771 ignavo
728 733 844 771 questu
857 756 866 771 ,
891 731 947 763 sed
960 740 1033 772 quae
1049 731 1185 762 voluerit
1198 755 1206 769 ‚
1222 727 1420 765 meminisse,

97 792 113 806 «
132 789 204 820 quae
224 780 445 820 mandaverit,
469 778 613 819 exsequi.
632 777 755 809 flebunt
777 779 1001 810 Germanicum
1020 779 1115 810 etiam
1136 776 1258 817 ignoti,
1276 774 1423 806 vindica-

97 840 113 854 «
132 827 207 859 bitis
224 836 299 867 vos,
319 827 346 859 si
361 836 413 859 me
428 826 537 867 potius
557 834 654 866 quam
669 825 831 856 fortunam
849 834 955 857 meam
980 825 1150 856 fovebatis.
1179 822 1339 855 ostendite
1366 830 1422 862 po-

97 886 114 902 «
131 875 205 915 pulo
212 879 357 906 Romano
369 874 436 906 divi
447 873 579 913 Augusti
593 873 721 913 neptem
730 872 930 912 eandemque
941 874 1108 913 conjugem
1122 879 1243 908 meam3
1257 870 1423 900 numerate

96 933 114 948 «
131 929 187 952 sex
204 921 333 953 liberos.
358 920 580 953 misericordia
593 928 667 950 cum
679 919 906 950 accusantibus
922 920 1000 959 erit,
1018 918 1276 960 fingentibusque
1291 915 1424 947 scelesta

97 980 115 996 «
131 967 310 999 mandata⁵
338 969 479 1000 autnon
507 967 639 999 credent
673 966 822 997 homines
854 969 911 998 aut
937 975 1001 997 non
1035 966 1246 1006 ignoscent.»
1272 967 1424 994 Iul-arere

96 1015 193 1046 amici
215 1015 363 1048 dextram
382 1015 555 1047 morientis
571 1013 813 1053 contingentes,
839 1015 1004 1054 spiritum
1030 1016 1112 1046 ante
1135 1020 1242 1054 quam
1258 1010 1421 1042 ultionem

95 1064 291 1094 amissuros.

138 1113 256 1141 LXXII.
281 1113 363 1141 Tum
381 1108 421 1140 ad
438 1117 572 1140 uxorem
587 1116 702 1139 versus
718 1131 726 1147 ‚
748 1116 815 1149 per
828 1109 1032 1139 memoriam
1061 1109 1114 1139 sui
1127 1131 1135 1146 ,
1151 1114 1216 1147 per
1230 1112 1424 1137 communes

98 1154 222 1187 liberos
239 1156 367 1196 oravit,
384 1158 526 1187 exueret
535 1155 731 1195 ferociam,
762 1156 917 1186 servienti
926 1153 1089 1193 fortunoe
1103 1152 1337 1185 summitteret
1353 1151 1428 1181 ani-

97 1209 215 1242 mum,
232 1211 301 1234 neu
314 1210 469 1242 reyressa
488 1204 524 1233 in
545 1201 685 1240 Urbem,
713 1201 936 1232 (emulatione
960 1203 1126 1241 potencia»
1144 1199 1331 1231 validiores
1349 1197 1427 1227 irri-

100 1250 205 1281 taret.
225 1250 295 1281 haec
310 1250 418 1289 palam
434 1251 466 1280 et
484 1248 545 1279 alia
562 1252 688 1279 secreto
701 1273 708 1287 ,
731 1257 787 1288 per
810 1256 885 1287 quae
912 1248 1082 1279 ostendere
1098 1246 1287 1278 credebatur
1302 1245 1426 1276 metum

98 1305 138 1328 ex
155 1295 295 1327 Tiberio.
322 1300 433 1335 Neque
458 1294 561 1326 multo
591 1296 666 1335 post
685 1294 913 1334 exstinguitur,
936 1294 1057 1334 ingenti
1084 1294 1171 1325 luctu
1196 1291 1371 1333 provinciae
1395 1290 1428 1321 et

97 1342 398 1383 circumjacentium
416 1341 620 1381 populorum.
640 1340 805 1372 indoluere
819 1343 939 1372 exterae
953 1341 1100 1372 nationes
1119 1347 1273 1380 regesque
1290 1339 1297 1355 ¹
1312 1348 1319 1368 ε
1337 1339 1428 1368 tanta

98 1389 146 1421 illi
165 1390 301 1421 comitas
318 1389 352 1420 in
369 1389 493 1428 socios,
517 1387 734 1418 mansuetudo
757 1387 790 1418 in
819 1388 949 1426 hostes;
975 1388 1114 1427 visuque
1139 1390 1170 1418 et
1192 1385 1306 1416 axi-litu
1334 1385 1428 1425 juxta

99 1437 313 1475 venerabilis;
335 1444 436 1476 quum
452 1434 707 1474 magnitudinem
734 1436 766 1466 et
782 1434 974 1473 gravitatem
996 1442 1132 1465 summae
1152 1433 1289 1464 fortunae
1312 1431 1427 1462 retine-

99 1486 170 1524 ret,
189 1483 346 1515 invidiam
362 1484 394 1515 et
411 1481 625 1522 arrogantiam
646 1481 814 1522 effugerat.

142 1534 275 1562 LXXIII.
300 1532 412 1562 Funus
431 1529 500 1560 sine
516 1527 711 1568 imaginibus
725 1529 757 1559 et
773 1536 893 1568 pompa
911 1537 967 1568 per
986 1527 1096 1559 laudes
1109 1529 1140 1559 et
1156 1525 1344 1557 memoriam
1361 1524 1428 1555 vir·

99 1578 209 1609 tutum
227 1578 296 1618 ejus
311 1576 435 1608 celebre
454 1575 526 1607 suit.
545 1579 577 1607 et
593 1576 685 1606 erant
701 1574 756 1615 qui
774 1574 911 1605 numam
924 1599 932 1615 ‚
950 1577 1077 1606 aetatem
1089 1598 1098 1613 ‚
1121 1582 1220 1614 genus
1236 1570 1370 1610 mortis,
1387 1570 1428 1601 ob

101 1624 376 1666 propinquitatem
395 1623 492 1654 etiam
506 1622 654 1653 locorum
671 1621 704 1653 in
722 1621 840 1662 quibus
856 1621 981 1653 interiit
998 1623 1023 1663 ¹,
1038 1621 1145 1661 magni
1168 1618 1340 1651 Alexandri
1355 1618 1429 1649 satis

102 1671 322 1712 adaequarent.
344 1682 359 1697 κ
375 1679 450 1701 nam
463 1670 640 1709 utrumque
657 1677 790 1709 corpore
805 1668 923 1700 decoro
937 1694 945 1708 ,
963 1678 1079 1709 genere
1096 1667 1230 1707 insigni,
1246 1665 1333 1697 haud
1344 1665 1428 1696 mul-

104 1730 122 1746 «
139 1721 209 1750 tum
229 1717 360 1758 triginta
382 1725 485 1748 annos
501 1725 667 1757 egressum
679 1739 687 1755 ‚
707 1725 841 1747 suorum
861 1715 987 1747 insidiis
1003 1715 1014 1734 ²
1034 1717 1184 1748 externas
1208 1714 1292 1745 inter
1319 1714 1431 1753 gentes

106 1777 122 1792 κ
141 1765 298 1796 occidisse
315 1774 323 1795 :
341 1763 398 1796 sed
424 1764 512 1794 hunc
537 1763 648 1794 mitem
675 1772 749 1803 erga
775 1762 916 1802 amicos,
936 1763 1101 1794 modicum
1123 1761 1346 1801 voluptatum,
1364 1768 1430 1791 uno

107 1824 124 1840 κ
140 1812 364 1851 matrimonio,
385 1811 482 1843 certis
510 1811 620 1842 liberis
646 1811 765 1850 egisse,
789 1819 896 1850 neque
919 1810 1026 1842 minus
1043 1809 1259 1851 proeliatorem
1272 1832 1280 1847 ‚
1304 1806 1431 1839 etiamsi

107 1871 125 1887 «
142 1859 309 1892 temeritas
325 1859 483 1897 abfuerit,
500 1858 761 1898 praepeditusque
775 1858 818 1889 sit
830 1858 996 1898 perculsas
1012 1859 1062 1889 tot
1080 1856 1226 1888 victoriis
1246 1855 1433 1887 Germanias

109 1918 125 1934 «
144 1905 276 1937 servitio
292 1913 448 1945 premere.
476 1904 595 1944 quodsi
612 1904 700 1935 solus
718 1903 838 1935 arbiter
854 1913 962 1936 rerum
976 1929 984 1943 ‚
1003 1905 1031 1936 si
1053 1909 1124 1945 jure
1140 1905 1172 1935 et
1193 1903 1323 1935 nomine
1345 1901 1431 1940 regio

108 1965 125 1982 «
143 1953 278 1992 suisset,
296 1953 388 1983 tanto
410 1951 594 1992 promptius
618 1953 840 1981 assecuturum
863 1951 998 1990 gloriam
1024 1950 1166 1991 militiae,
1188 1951 1349 1991 quantum
1365 1948 1430 1979 cle-

108 2013 126 2029 «
141 1999 281 2039 mentia,
298 1998 510 2039 temperantia
525 2022 534 2038 ,
552 1997 666 2029 ceteris
682 1997 774 2028 bonis
789 1997 914 2029 artibus
930 1997 1143 2038 praestitisset.
1163 2009 1179 2024 u
1200 1999 1324 2036 Corpus
1345 1997 1432 2027 ante·

107 2055 206 2089 quam
223 2047 435 2085 cremaretur,
449 2044 608 2076 nudatum
625 2044 659 2076 in
677 2044 747 2075 foro
763 2043 1045 2084 Antiochensium,
1062 2043 1117 2084 qui
1129 2043 1220 2075 locus
1233 2041 1405 2082 sepulturae
1417 2041 1429 2059 ³

107 2092 343 2132 destinabatur,
360 2091 582 2132 praetuleritne
598 2090 746 2123 veneficii
772 2090 864 2131 signa
875 2114 884 2131 ,
902 2099 1018 2131 parum
1033 2089 1195 2122 constitit.
1214 2098 1289 2120 nam
1304 2092 1342 2121 ut
1358 2089 1432 2129 quis

107 2138 327 2173 misericordia
343 2138 375 2169 in
391 2138 614 2171 Germanicum
638 2139 670 2169 et
686 2138 887 2178 praesumpta
902 2137 1086 2178 suspicione
1097 2160 1106 2177 ,
1123 2137 1181 2169 aut
1202 2135 1311 2168 favore
1334 2135 1369 2167 in
1385 2136 1434 2167 Pi·

107 2195 220 2220 sonem
236 2185 379 2228 pronior,
401 2184 545 2217 diversi⁴
563 2184 827 2225 interpretantur.

139 2243 231 2269 LXXI.
250 2248 271 2268 ι.
284 2242 409 2267 Naturali
431 2243 512 2267 morti
526 2242 661 2267 cederem.
675 2254 703 2259 —
716 2247 738 2266 2.
752 2241 878 2267 ,Iuventa
896 2241 1022 2266 Romanis
1033 2241 1186 2271 finiebatur-j
1198 2245 1269 2265 anno
1288 2240 1375 2264 aetatis
1393 2245 1430 2264 ⁴5.

111 2291 141 2297 —
151 2283 176 2302 5.
187 2278 296 2302 Tiberio
310 2279 337 2302 et
354 2279 452 2302 Druso.
463 2282 528 2302 —⁴.
543 2279 586 2302 sc.
600 2277 636 2302 hi.
648 2290 676 2295 —
688 2283 711 2302 ις.
728 2278 770 2301 Sc.
786 2277 875 2302 Pisoni
888 2277 916 2301 et
933 2277 1074 2301 Plancinae.

140 2313 244 2338 Lxxn.
256 2319 278 2337 ι.
294 2313 332 2338 De
342 2319 455 2342 quorum
468 2312 545 2337 luctu
558 2313 624 2337 mira
640 2314 733 2337 narrat
745 2312 890 2336 suetonius
903 2311 984 2341 Calig.
999 2317 1022 2336 c.
1042 2317 1067 2336 ε.

143 2348 258 2373 LXXIII.
271 2354 293 2373 ι.
309 2349 460 2373 Alexander
473 2349 506 2373 M.
521 2349 658 2379 Babylone
672 2349 804 2372 mortuus.
817 2360 848 2365 —
859 2352 874 2371 Ξ
887 2347 1069 2372 Alexandrum
1083 2352 1190 2377 quoque
1202 2351 1309 2371 veneno
1321 2351 1430 2370 suorum

113 2383 226 2412 periisse
247 2383 317 2408 tama
333 2385 401 2409 erat.
414 2396 443 2400 —
453 2389 478 2409 a.
498 2384 518 2408 1.
538 2389 562 2408 e.
585 2383 731 2409 cremando
746 2382 864 2412 corpori.
877 2381 953 2407 conf.
969 2387 992 2407 c.
1006 2388 1042 2408 83.
1054 2394 1085 2401 -·
1096 2386 1120 2408 ⁴.
1135 2382 1247 2407 Diversa
1269 2382 1360 2407 mente
1370 2399 1376 2410 ‚
1399 2384 1432 2403 ac

114 2418 226 2448 proinde
239 2418 344 2444 diverso
361 2418 452 2445 mode.
