1539 2668
106 168 167 200 314
474 165 617 194 TACITI
632 165 910 195 HISTORIARUM
933 167 1008 196 LIB.
1032 167 1074 197 11.

106 244 216 284 sugam
229 240 328 273 etiam
342 239 398 282 qui
411 239 661 272 subveniebant.
677 249 753 271 nam
769 241 895 273 Caecina
905 250 976 273 non
990 240 1087 273 simul
1104 240 1256 273 cohortes
1266 264 1276 281 ,
1293 240 1434 273 sedsin-

107 291 197 332 gulas
216 289 398 327 acciverat3
418 296 493 328 quae
509 296 560 319 res
575 287 607 318 in
628 287 742 328 proelio
757 289 1007 328 trepidationem
1024 288 1136 328 auxit,
1155 296 1258 328 quum
1273 287 1437 329 dispersos

106 348 167 372 nec
182 344 321 377 usquam
336 335 460 367 validos
473 344 574 376 pavor
590 335 781 375 fugientium
796 335 967 376 abriperet.
983 338 1055 368 orta
1068 337 1101 368 et
1117 336 1149 366 in
1167 334 1279 367 castris
1300 335 1434 376 seditio,

107 385 195 428 quod
210 392 275 415 non
293 382 436 414 universi
453 382 659 414 ducerentur.
677 383 806 414 vinctus
820 384 994 424 praefectus
1008 385 1188 415 castrorum
1204 383 1309 414 Julius
1321 384 1436 415 Gratus

108 436 288 473 tamquam
295 430 412 471 fratri
431 429 531 470 apud
550 429 717 461 Othonem
738 431 908 463 militanti
928 431 1158 472 proditionem
1176 431 1314 470 aqeret,
1332 438 1437 471 quum

106 481 238 512 fratrem
252 477 335 518 ejus,
350 477 472 508 Julium
488 478 684 508 Frontonem
699 477 882 518 tribunum,
898 478 1074 510 Othoniani
1093 478 1154 509 sub
1168 476 1283 508 eodem
1300 476 1438 508 crimine

105 527 296 559 vinxissent.
317 526 462 555 ceterum
481 532 519 555 ea
537 523 657 564 ubique
674 523 815 556 formido
833 525 893 557 fuit
908 526 992 566 apud
1013 526 1171 565 fugientes
1183 549 1191 564 ‚
1209 525 1437 563 occursantes,

104 577 137 608 iu
156 576 224 606 acie
237 597 245 612 ‚
261 581 320 613 pro
337 572 440 611 valle,
459 573 495 602 ut
511 571 620 603 deleri
636 580 715 603 cuin
727 573 890 604 universo
904 574 1061 604 exercitu
1077 574 1249 604 Caecinam
1262 573 1436 612 potuisse,

106 626 141 655 ni
158 623 340 654 Suetonius
357 619 535 651 Paulinus
552 621 705 659 receptui
720 621 916 659 cecinisset,
939 620 1084 659 utrisque
1100 620 1130 650 in
1151 619 1297 659 partibus
1313 626 1436 659 percre-

105 669 221 702 buerit.
240 668 396 698 timuisse
410 674 445 697 se
458 665 612 697 Paulinus
626 665 749 697 ferebat
766 668 908 698 tantum
924 668 1070 706 insuper
1087 666 1213 697 laboris
1230 666 1235 683 ¹
1258 668 1362 706 atque
1378 666 1438 696 iti-

104 719 218 755 neris,
243 723 284 746 ne
311 713 522 746 Vitellianus
545 713 644 745 miles
666 721 785 745 recens
811 721 828 745 c
853 715 979 745 castris
997 713 1111 753 sessos
1135 712 1387 753 aqyredcretur
1405 712 1438 742 et

99 762 273 806 percuisis
292 761 433 792 nultum
450 762 546 791 retro
559 759 755 792 subsidium
760 759 871 800 foret.
886 760 971 802 apud
984 769 1105 801 paucos
1118 769 1155 792 ea
1168 759 1259 792 ducis
1272 757 1352 790 ratio
1365 767 1439 799 pro-

104 811 198 850 bata,
215 809 249 840 in
267 808 384 848 vulgus
401 807 539 839 adverso
555 816 689 839 rumore
704 806 716 825 ²
736 807 812 840 suit.

144 860 266 890 XXVII.
287 855 381 887 Haud
395 854 529 896 perinde
544 855 574 886 id
593 855 751 886 damnum
767 854 958 886 Vitellianos
975 853 1008 884 in
1025 855 1150 884 metum
1167 853 1325 893 compulit
1338 861 1439 893 quam

104 906 144 938 ad
165 903 357 936 modestiam
375 901 579 943 composuit;
598 910 657 933 nec
672 901 780 933 solum
798 901 885 942 apud
903 901 1063 933 Caecinam
1075 925 1083 939 ‚
1104 901 1158 940 qui
1176 901 1304 941 culpam
1322 901 1358 932 in
1377 901 1439 931 mi·

105 955 202 986 litem
218 950 407 982 conferebat
425 948 587 981 seditioni
606 951 721 988 maqis
738 957 846 990 quam
855 949 982 989 proelio
996 950 1165 988 paratam
1181 958 1191 980 .·
1208 947 1295 979 Fabii
1309 956 1442 988 quoque

103 999 246 1033 Valentis
260 998 364 1038 copiae
380 999 457 1038 (jam
473 996 562 1028 enim
576 996 728 1028 Ticinum
747 996 897 1036 venerat)
915 995 1020 1036 posito
1039 995 1182 1026 hostium
1200 995 1392 1035 contemptu
1408 996 1441 1026 et

104 1045 316 1087 recuperand=
345 1043 473 1076 decoris
500 1044 653 1084 cupidine
678 1042 882 1075 reverentius
910 1044 944 1074 et
974 1042 1131 1082 aequalius
1159 1041 1235 1072 duci
1269 1041 1437 1082 parebant.

105 1094 216 1133 gravis
235 1092 379 1132 alioquin
396 1090 512 1122 seditio
528 1093 714 1130 exarserat,
738 1099 834 1130 quam
852 1089 965 1120 altiore
984 1089 1076 1120 initio
1094 1090 1213 1128 (neque
1228 1089 1315 1119 enim
1333 1097 1442 1120 rerum

105 1151 124 1172 a
148 1140 279 1172 Caecina
304 1142 471 1179 gestarum
497 1137 643 1168 ordinem
668 1137 864 1176 interrumpi
887 1137 1089 1176 oportuerat)
1117 1138 1272 1176 repetam.
1291 1135 1443 1167 cohortes

106 1190 326 1226 Batavorum,
345 1194 424 1225 quas
445 1184 529 1215 bello
544 1184 682 1215 Neronis
696 1193 714 1215 a
731 1183 976 1224 quartadecima
997 1183 1121 1223 legione
1141 1182 1321 1222 digressas,
1339 1192 1441 1224 quum

107 1234 311 1267 Britanniam
340 1234 506 1273 peterent,
531 1231 644 1262 audito
666 1231 788 1262 Vitellii
813 1234 903 1262 motu
928 1230 961 1261 in
983 1229 1115 1262 civitate
1142 1230 1320 1269 Lingonum
1344 1231 1443 1263 Fabio

105 1282 230 1314 Valenti
248 1280 418 1320 adjunctas
434 1279 606 1310 retulimus
619 1280 643 1318 ¹,
660 1279 798 1319 superbe
819 1278 975 1318 agebant,
994 1280 1028 1308 ut
1045 1278 1201 1318 cujusque
1221 1277 1355 1316 legionis
1371 1281 1442 1309 ten-

105 1330 188 1362 toria
201 1327 429 1366 accessissent,
446 1328 608 1357 coercitos
624 1335 646 1357 a
659 1334 693 1357 se
707 1325 1048 1367 quartadecimanos,
1064 1325 1219 1357 ablatam
1230 1326 1360 1358 Neroni
1375 1326 1443 1356 Ita-

107 1382 204 1419 liam,
216 1381 320 1419 atque
335 1385 470 1408 omnem
485 1376 565 1408 belli
574 1376 768 1415 fortunam
779 1377 814 1407 in
826 1377 981 1416 ipsorum
995 1383 1101 1407 manu
1114 1378 1222 1407 sitam
1236 1374 1398 1414 Jactantes
1414 1372 1440 1405 ².

107 1426 380 1462 contumeliosum
405 1425 436 1456 id
462 1424 640 1464 militibus,
663 1424 816 1455 acerbum
840 1423 934 1462 duci;
959 1425 1112 1463 corrupta
1136 1423 1250 1463 jurgiis
1279 1423 1337 1453 aut
1363 1420 1443 1453 rixis

106 1475 297 1515 disciplina3
312 1474 351 1505 ad
368 1475 571 1514 postremum
582 1472 698 1503 Valens
712 1480 729 1502 e
744 1471 921 1512 petulantia
932 1471 1029 1502 etiam
1042 1470 1208 1511 perfidiam
1222 1469 1440 1510 suspectabat.

151 1526 291 1555 XXVIII.
317 1521 418 1560 Igitur
435 1519 552 1551 nuntio
568 1519 666 1550 allato
687 1519 832 1558 pulsam
856 1520 1084 1550 Treverorum
1101 1518 1199 1548 ata-m
1223 1519 1444 1557 Tunyrosque

108 1580 130 1603 a
143 1571 255 1603 classe
266 1569 406 1601 Othonis
421 1570 453 1599 et
469 1566 728 1599 Narbonensem
742 1565 898 1597 Galliam
911 1566 1090 1597 circumiri
1104 1565 1127 1602 ¹,
1138 1564 1234 1595 simul
1248 1572 1325 1594 cura
1338 1564 1445 1595 socios

109 1618 220 1651 tuendi
241 1620 274 1648 et
297 1615 427 1647 militari
444 1618 515 1646 astu
534 1614 687 1645 cohortes
714 1611 861 1643 turbidas
880 1620 936 1650 ac,
955 1611 982 1642 si
1005 1620 1068 1642 una
1085 1612 1209 1649 (orent,
1228 1610 1443 1651 praevalidas,

109 1663 324 1704 dispergendi,
341 1664 467 1702 partem
477 1662 673 1692 Batavorum
687 1661 738 1690 ire
748 1660 782 1689 in
795 1658 1106 1698 subsicliumjubet.
1121 1657 1207 1697 quod
1224 1657 1278 1688 ubi
1293 1657 1443 1688 auditum

108 1712 344 1751 vulgatumque
357 1734 365 1748 ‚
382 1717 520 1740 moerere
536 1708 617 1739 socii
629 1732 637 1746 ,
656 1707 793 1738 fremere
810 1705 949 1745 legiones
965 1715 973 1736 ·.
990 1718 1005 1732 «
1020 1705 1128 1736 orbari
1144 1714 1177 1736 se
1193 1704 1443 1736 fortissimorum

112 1773 127 1787 ι(
145 1760 291 1790 virorum
318 1757 441 1788 auxilio
460 1766 467 1787 z
493 1759 620 1786 veteres
643 1755 717 1786 illos
738 1756 770 1785 et
793 1753 843 1783 tot
861 1752 1020 1784 bellorum
1040 1752 1200 1791 victores,
1221 1755 1393 1792 postquam
1412 1752 1444 1783 in

112 1821 127 1835 «ι
147 1809 323 1846 conspectu
340 1805 383 1836 sit
401 1803 526 1842 hostis,
553 1803 642 1834 velut
664 1810 703 1833 ex
720 1800 790 1831 acie
811 1799 940 1831 abduci.
961 1799 989 1831 si
1003 1800 1172 1840 provincia
1190 1799 1275 1831 Urbe
1291 1800 1322 1830 et
1338 1799 1445 1831 salute

112 1853 273 1892 «imperii
298 1852 406 1892 potior
431 1852 492 1890 sit,
521 1858 635 1882 omnes
656 1849 736 1880 illuc
760 1849 971 1887 sequerentur
993 1847 1071 1879 :sin
1100 1847 1247 1878 victoriae
1276 1847 1400 1878 sanitas
1416 1845 1444 1885 ²,

115 1915 130 1930 a
147 1900 410 1932 sustentaculum
425 1922 434 1937 ‚
454 1899 607 1929 columen
621 1897 656 1928 in
669 1895 761 1929 Italia
775 1897 969 1936 verteretur,
984 1903 1050 1927 non
1068 1893 1312 1936 abrumpendos
1326 1896 1363 1926 ut
1375 1902 1443 1925 cor·

115 1962 130 1976 «
148 1950 215 1989 pori
237 1946 457 1978 validissimos
473 1948 577 1977 artus.
594 1958 610 1973 ν

153 2000 259 2028 XXIX.
286 1999 361 2026 Haec
387 1993 539 2025 ferociter
559 1992 733 2033 jactando,
758 1994 937 2033 postquam
961 1988 1118 2021 immissis
1138 1988 1312 2020 lictoribus
1327 1988 1446 2019 Valens

114 2052 260 2075 coercere
276 2042 467 2074 seditionem
483 2041 648 2081 coeptabat
660 2065 669 2080 ,
687 2040 796 2080 ipsum
812 2039 974 2070 invadunt
986 2061 995 2076 ,
1014 2046 1094 2069 saxa
1105 2035 1233 2076 Jaciunt
1243 2059 1252 2074 ‚
1270 2035 1443 2074 fugientem

115 2094 320 2130 sequuntur:
344 2089 462 2130 spolia
488 2088 692 2120 Galliarum
713 2089 746 2119 et
767 2087 1010 2119 Viennensium
1031 2083 1180 2115 aurum¹
1202 2084 1236 2114 et
1253 2082 1370 2122 prelia
1394 2081 1443 2112 la-

117 2139 238 2170 borum
249 2145 394 2169 suorum
406 2136 582 2168 occultare
594 2136 795 2167 clamitantes
806 2158 815 2175 ,
832 2132 970 2174 direptis
980 2131 1116 2164 sarcinis
1130 2129 1339 2162 tabernacula
1353 2128 1445 2159 ducis

144 2234 244 2259 XXVI.
265 2234 430 2259 {.Timuisse
444 2239 474 2257 se
488 2234 596 2258 tantum
618 2233 743 2257 laborem
763 2231 810 2262 qui
829 2232 892 2261 post
913 2230 967 2255 iter
988 2228 1133 2253 duodecim
1151 2227 1263 2252 millium
1286 2226 1314 2250 in
1328 2225 1444 2250 delendo

117 2269 222 2294 Caeciua
245 2270 308 2311 ipsis
331 2269 523 2299 superfuturus
536 2269 642 2298 fuisset,
659 2274 708 2297 ne,
721 2268 774 2292 hoc
792 2267 876 2296 facto,
890 2271 988 2291 recens
1004 2265 1139 2289 exercitus
1156 2263 1256 2287 Vitellii
1274 2264 1327 2286 etc.
1338 2275 1366 2278 —
1377 2267 1399 2285 2.
1411 2261 1445 2286 Ut

117 2305 251 2364 1³22}ng
267 2305 386 2363 kolqifbrg'
397 2310 460 2369 Ιῗὸἐθ
471 2340 499 2363 et
511 2343 605 2363 ‘em—2.
618 2340 718 2363 Harum
735 2343 829 2364 rerum
843 2337 966 2363 narratio
980 2341 1042 2361 cum
1053 2335 1109 2361 fine
1124 2334 1269 2360 Annalium
1277 2333 1371 2364 pet-iit.

148 2375 265 2399 XXVIII.
279 2380 301 2399 ι.
318 2375 383 2404 Quae
399 2376 512 2399 narrata
527 2380 550 2398 c.
565 2380 655 2398 ιιι-2.
672 2375 828 2405 integritas.

146 2409 245 2434 XXIX.
262 2415 283 2435 ι.
297 2411 327 2435 V.
339 2416 420 2440 supra
437 2412 510 2441 Isse.
