1539 2668
501 132 536 161 A.
552 132 658 161 „U.1c.
683 131 756 161 8114.-
780 131 876 161 A.-2C.
900 131 956 160 61.
1330 132 1389 163 219
1423 151 1429 159 ,

65 206 390 241 etznommeatuuw
419 206 566 238 maxime
586 206 723 237 celebre.
746 206 791 237 ibi
812 205 989 245 ambiguus
1004 214 1044 236 an
1064 204 1151 237 illam
1174 206 1282 238 sedem
1305 207 1391 241 bello
1426 237 1429 242 .

64 255 238 295 deligeret3
257 253 492 294 circumspecta
507 253 725 293 infrequentia
738 252 852 284 militis
869 252 1010 292 satisque
1023 251 1035 269 ²
1050 253 1173 291 magnis
1188 254 1392 287 documentis

63 302 278 334 temeritatem
293 301 397 332 Petilii
417 301 601 340 coercitam,
621 300 718 331 unius
733 300 843 340 oppidi
869 301 987 332 damno
1009 309 1135 331 servare
1152 301 1301 332 universa
1319 305 1392 334 sta-

62 349 135 380 tuit.
162 357 268 389 neque
286 348 363 379 fletu
389 349 422 380 et
448 347 589 379 lacrimis
615 347 770 378 auxilium
795 348 865 387 ejus
888 347 1052 378 orantium
1081 347 1183 378 flexus
1203 352 1268 387 est,
1287 349 1391 388 quin³

65 395 156 427 daret
171 394 380 436 profectionis
396 395 526 434 signum
543 397 575 426 et
600 395 793 425 comitantes
815 394 848 425 in
867 398 989 434 partem
1007 395 1142 433 agminis
1166 396 1335 435 acciperet.
1366 397 1393 427 si

64 451 145 483 quos
162 442 296 474 imbellis
320 450 417 472 sexus
433 444 489 472 aut
508 441 592 472 fessa
613 444 692 472 aetas
715 442 765 472 vel
783 441 845 472 loci
869 442 1005 473 dulcedo
1022 442 1214 478 attinuerat,
1243 442 1283 473 ab
1301 443 1396 475 hoste

64 489 208 530 oppressi
232 490 319 520 sunt.
345 488 463 520 Eadem
492 488 601 520 clades
629 488 807 528 municipio
834 489 1017 520 Verulamio
1047 488 1127 527 suit,
1155 490 1230 529 quin
1247 490 1394 530 barbari,

63 537 193 568 omissis
210 536 351 567 castellis
371 535 599 576 praesidiisque
614 536 803 566 militarium
816 560 825 575 ‚
852 537 938 575 quod
969 536 1168 567 uberrimum
1192 536 1343 577 spolianti
1364 540 1396 570 et

62 583 309 616 defendentibus
326 583 482 621 intutum,
496 583 562 614 laeti
580 583 688 623 praeda
701 585 734 614 et
748 583 884 614 aliorum
902 593 1013 621 ses-rues
1029 584 1191 623 petebant.
1208 584 1254 615 Ad
1268 585 1395 624 septua-

62 630 150 671 ginta
165 630 268 662 millia
282 631 403 661 civium
417 634 449 661 et
463 631 625 661 sociorum
637 631 674 661 iis
687 639 760 670 quae
777 632 954 662 memoravi
974 632 1052 661 locis
1067 631 1220 662 cecidisse
1234 632 1393 664 constitit.

61 678 266 718 nequeenim
282 686 396 717 capere
408 680 463 709 aut
477 677 663 708 venundare
688 677 815 708 aliudve
833 678 918 717 quod
936 678 944 695 ⁴
975 678 1048 709 beli
1067 679 1295 710 commercium
1309 704 1319 718 ,
1339 679 1396 711 sed
1427 706 1429 709 ,

62 725 177 763 caedeS,
188 725 346 765 patibula,
364 725 466 764 ignes,
484 733 596 755 cruces
612 726 780 765 tamquam
799 725 959 757 reddituri
977 726 1172 766 supplicium
1184 735 1222 756 ac
1235 727 1396 767 praerepta

65 772 198 804 interim
214 772 337 802 ultione
353 771 378 809 ⁵,
397 771 603 802 festinabant.

103 822 237 851 XXXIV.
261 822 330 850 Jam
344 818 495 849 Suetonio
508 818 752 858 quartadecima
765 818 848 857 legio
866 827 940 848 eum
958 818 1132 849 vexillariis
1152 819 1356 851 vicesimanis
1370 820 1394 860 ¹,

61 867 92 898 et
115 875 133 898 e
156 866 313 906 proximis
331 866 524 903 auxiliares,
554 865 664 896 decem
689 866 788 896 ferme
812 865 914 895 millia
939 868 1139 896 armatorum
1166 870 1275 906 orant,
1294 876 1396 907 quum

60 913 211 945 omittere
240 913 481 944 cunctationem
507 913 541 944 et
569 913 719 951 congredi
748 912 816 943 acie
836 916 936 952 parat.
962 912 1139 951 deligitque
1165 914 1269 944 ios-um
1299 914 1397 945 arctis

61 959 266 992 faucibusret
293 969 311 991 a
332 962 424 1000 tergo
448 959 529 991 silva
555 960 722 999 clausum,
747 960 825 990 saris
843 960 970 997 cognito
1000 959 1077 990 nillil
1102 961 1244 990 bostium
1274 961 1333 991 nisi
1361 961 1397 992 in

60 1007 165 1040 fronte
181 1008 215 1038 et
229 1009 374 1048 apertam
393 1008 560 1048 planitiem
576 1016 666 1046 esse,
685 1008 753 1038 sine
770 1010 856 1037 metu
875 1007 1074 1037 insidiarum.
1094 1007 1189 1046 igitur
1203 1007 1396 1047 legionarius

61 1053 235 1094 frequens2
253 1054 442 1093 ordinibus,
470 1055 548 1086 levis
574 1055 698 1086 circum
725 1057 889 1085 armatura
902 1078 910 1091 ‚
929 1054 1138 1093 conghdnuus
1164 1064 1221 1094 pro
1245 1055 1396 1087 cornibus

62 1110 160 1141 eques
173 1102 288 1133 astitit.
303 1105 342 1132 At
358 1104 586 1133 Britannorum
605 1102 706 1142 copiae
720 1110 840 1141 passun
862 1110 916 1141 per
933 1105 1077 1132 calex-ias
1093 1104 1125 1132 ct
1141 1105 1264 1133 turmas
1287 1103 1397 1134 exsul·

63 1148 195 1187 tabant,
210 1151 332 1188 quanta
361 1157 426 1179 non
446 1148 523 1179 alias
552 1149 746 1186 multando,
769 1151 801 1179 et
830 1150 939 1178 animo
967 1148 1046 1178 adro
1073 1149 1161 1187 fero,
1189 1152 1224 1180 ut
1246 1149 1397 1189 conjuges

62 1203 191 1235 quoque
217 1197 314 1226 testes
339 1195 485 1226 victoriae
504 1204 613 1227 secum
636 1196 807 1226 ,traherent
836 1195 1048 1234 plaustrisque
1073 1196 1299 1236 imponerent,
1322 1204 1396 1237 quae

62 1245 355 1282 superextremum
370 1242 528 1273 ambitum
546 1242 652 1282 campi
671 1245 853 1281 posuerant.

100 1293 222 1320 XXXV.
245 1289 407 1320 Boudicca
424 1298 518 1319 curru
539 1288 620 1319 filias
638 1297 704 1328 [rrae
719 1297 753 1319 se
774 1289 893 1319 vellens
905 1312 913 1326 ‚
931 1291 966 1319 ut
984 1298 1146 1329 (piamque
1166 1290 1330 1321 nationem
1344 1297 1397 1320 ac-

63 1337 202 1368 cesserat
214 1361 223 1375 ,
244 1348 260 1364 e
276 1337 406 1367 solitum
424 1336 555 1375 quidem
575 1336 735 1366 Britannis
754 1336 945 1365 seminarum
971 1336 1071 1366 ductu
1089 1337 1095 1353 ¹
1123 1336 1240 1367 bellare
1259 1350 1274 1363 »
1301 1338 1397 1368 testa-

65 1396 82 1413 «
99 1384 218 1416 batur:
237 1396 252 1410 ι(
269 1384 326 1414 scd
350 1385 430 1414 tunc
449 1392 532 1421 non,
558 1384 591 1413 ut
612 1382 710 1413 tantis
737 1382 911 1421 majoribus
938 1386 1060 1420 ortam,
1090 1392 1224 1422 reguum
1243 1385 1276 1414 et
1300 1392 1396 1424 opes,

66 1442 82 1459 «
98 1439 213 1463 verum
240 1432 276 1462 ut
307 1439 402 1461 uuam
418 1439 436 1460 e
456 1429 551 1469 vulgo
564 1453 572 1468 ‚
602 1429 783 1460 libertatem
803 1430 973 1467 amissam,
1001 1431 1185 1460 consertum
1208 1430 1396 1463 verberibus

66 1490 82 1505 «
98 1487 228 1518 corpus,
246 1480 479 1509 contrectatam
495 1477 633 1508 tiliarum
650 1476 839 1516 pudicitiam
856 1477 980 1507 ulcisci.
1000 1486 1037 1506 vo
1052 1482 1220 1517 provectas
1234 1482 1397 1509 Romano-

65 1535 82 1552 «
100 1534 171 1556 rum
185 1525 357 1565 cupidines
369 1548 378 1563 ,
397 1527 432 1556 ut
453 1533 519 1555 non
534 1533 668 1563 corpora
680 1547 688 1562 ,
706 1532 746 1554 ne
769 1527 931 1554 senectam
948 1524 1080 1563 quidem
1107 1527 1163 1555 aut
1181 1525 1399 1564 virginitatem

66 1584 82 1600 «
99 1572 304 1613 impollutam
330 1572 525 1612 relinquant.
553 1571 664 1602 adesse
690 1573 798 1601 tamen
822 1571 899 1602 deos
925 1571 1022 1610 justae
1054 1572 1203 1602 vindictae
1221 1573 1397 1605 :cecidisse

66 1618 259 1659 «legionem
287 1628 359 1660 quoe
384 1620 533 1660 proelium
551 1627 629 1649 ausa
658 1617 721 1657 sit;
746 1621 870 1649 ceteros
897 1619 1008 1649 castris
1032 1619 1187 1649 occultari
1217 1622 1271 1649 aut
1288 1620 1397 1659 fugam

67 1677 83 1693 α
103 1666 362 1708 circumspicere.
385 1676 425 1698 ue
441 1667 615 1706 strepitum
631 1666 761 1705 quidem
778 1667 809 1696 et
825 1665 999 1696 clamorem
1015 1669 1061 1696 tot
1077 1667 1215 1700 millium
1232 1665 1259 1705 ²,
1278 1667 1397 1698 nedum

67 1724 82 1739 «
99 1713 241 1754 impetus
256 1717 289 1746 et
306 1723 425 1745 manus
435 1714 621 1754 perlaturos.
640 1713 667 1743 si
685 1713 792 1752 copias
806 1716 1015 1751 armatorum,
1031 1713 1057 1743 si
1073 1722 1184 1743 causas
1198 1713 1272 1744 belli
1286 1723 1396 1746 secum

66 1771 83 1787 α
101 1762 338 1800 expenderent,
357 1761 551 1792 vincendum
563 1760 617 1791 illa
629 1760 697 1791 acie
714 1760 764 1791 vel
779 1760 960 1791 cadendum
977 1770 1047 1792 esse
1064 1761 1075 1777 ³
1089 1773 1095 1789 ε
1111 1761 1141 1791 id
1159 1761 1288 1791 mulieri
1305 1762 1398 1794 desti-

68 1818 85 1833 «
102 1810 216 1839 natum
235 1817 242 1838 ;
264 1808 413 1839 viverent
429 1808 489 1838 viri
498 1809 536 1838 et
552 1807 722 1838 servirent.
742 1820 757 1834 n

107 1857 242 1886 XXXVI.
267 1859 312 1885 Ne
332 1854 505 1885 Suetonius
529 1853 660 1893 quidem
683 1853 716 1884 in
740 1854 832 1884 tanto
850 1854 1034 1884 discrimine
1059 1854 1186 1884 silebat.
1213 1854 1268 1893 qui
1284 1863 1396 1894 quam-

68 1909 165 1940 quam
183 1901 359 1932 confideret
386 1901 516 1939 virtuti,
539 1902 646 1931 tamen
673 1900 913 1931 exhortationes
933 1904 964 1930 et
990 1909 1098 1940 preces
1124 1900 1300 1939 miscebat,
1331 1914 1346 1928 α
1361 1906 1397 1933 ut

69 1961 86 1976 «
103 1952 291 1988 spernerent
317 1956 448 1979 sonores
477 1947 690 1978 barbaromm
715 1949 747 1977 et
764 1947 872 1977 inanes
891 1948 1001 1977 minas.
1023 1948 1094 1986 plus
1111 1947 1178 1978 illic
1204 1947 1396 1978 semi-narum

68 2006 85 2019 α
101 2003 199 2035 quam
210 1996 392 2036 juventutis
409 1995 518 2034 aspici.
536 1994 683 2025 imbelles
696 2017 705 2032 ,
728 1994 866 2024 inermes
889 2002 1038 2024 cessuros
1055 1995 1164 2025 statim
1175 2019 1183 2032 ,
1201 1994 1256 2025 ubi
1276 1994 1395 2025 serrum

68 2054 85 2070 ι
101 2042 320 2082 virtutemque
336 2042 538 2073 vincentium
553 2041 647 2072 toties
662 2040 724 2071 susi
741 2041 961 2080 agnoviscrut.
984 2041 1080 2071 etiam
1095 2042 1126 2071 in
1143 2042 1251 2072 multis
1267 2041 1395 2081 legioni-

69 2102 86 2119 «
102 2090 164 2123 bus
177 2100 296 2131 paucos
317 2100 388 2122 esse
412 2091 468 2130 qui
485 2090 596 2131 proelia
613 2090 837 2130 profligarent,
855 2089 1030 2128 gloriaeque
1054 2098 1166 2120 eorum
1186 2097 1394 2121 accessurum

97 2184 222 2210 xxxm.
234 2190 254 2209 ι.
269 2185 497 2210 commerciorum
509 2192 516 2213 ;
532 2184 642 2214 proprie
660 2183 795 2213 significat
808 2184 856 2207 des
869 2183 955 2208 alle'es
974 2185 1002 2208 et
1014 2190 1115 2208 vermes
1126 2189 1179 2207 —2·
1192 2184 1228 2207 Et
1240 2183 1333 2207 videns
1348 2189 1392 2207 sa-

68 2219 105 2245 tis
117 2221 258 2245 εἴα-ὅλη
273 2226 327 2244 non
338 2222 441 2250 potius;
455 2221 527 2250 quod
539 2226 571 2244 eo
589 2220 676 2243 redit:
692 2220 746 2242 imo
757 2219 831 2243 dedit
854 2221 941 2249 potius
964 2222 1068 2244 etc—4.
1093 2220 1223 2248 Aliquem·
1248 2219 1328 2248 quale
1349 2220 1392 2243 est

68 2256 185 2285 pretium
199 2262 314 2283 sumere.
330 2262 382 2286 qno
396 2257 457 2280 vitae
471 2257 517 2280 aut
529 2256 607 2280 honis
621 2257 761 2284 captorum
775 2256 1012 2285 parcas-sonae,
1027 2261 1099 2280 nunc
1113 2256 1205 2283 dilata,
1226 2255 1321 2284 postea
1342 2260 1391 2284 per

67 2281 132 2316 besni
144 2292 217 2314 vices
230 2291 300 2320 eripi
315 2292 433 2320 poterat.

96 2327 218 2351 XXXIV.
234 2331 254 2350 ι.
269 2327 407 2350 Vicesimae
418 2328 602 2355 legionis—2.
616 2328 730 2351 Densus.

95 2362 202 2386 XXXV.
218 2365 241 2382 ¹.
258 2361 336 2386 Conf.
348 2364 445 2392 Ayrtc.
459 2369 485 2387 c.
502 2368 536 2391 re,
549 2367 641 2387 :vu—2.
656 2364 751 2387 Ferme
771 2368 812 2386 120
822 2363 940 2386 millibus
955 2363 1106 2386 exercitum
1120 2362 1195 2386 illum
1211 2361 1293 2386 fuisse
1307 2360 1389 2385 testa-

68 2399 112 2422 tur
125 2398 239 2421 Dia—5.
253 2397 287 2421 Ut
298 2398 430 2422 universis
440 2399 561 2428 ipsorum
572 2399 658 2429 copiis
672 2398 796 2423 collectis
811 2400 906 2423 contra
919 2398 1026 2423 hostem
1040 2398 1185 2423 crudelem.
