1539 2668
106 161 169 192 272
476 158 609 191 'rAcrri
631 155 907 188 ffls'romamm
929 158 1004 187 LIB.
1027 157 1053 188 1.

104 233 230 268 meritis
243 240 281 265 ae
296 230 440 274 praemiis
455 231 592 264 eundem
609 230 642 262 in
659 239 737 271 pace
752 238 849 270 quem
866 229 899 261 in
912 229 994 261 bello
1010 229 1116 261 locum
1138 231 1400 271 praeventamque
1415 228 1428 249 ³

103 281 244 322 gratiam
261 278 411 320 intelligit
426 279 512 320 apud
535 277 716 317 Principem
731 286 750 309 a
765 276 944 317 legionibus
970 277 1090 308 sactum
1101 300 1109 316 ‚
1126 285 1246 317 pronus
1272 277 1313 308 ad
1329 286 1430 310 novas

103 338 176 367 res,
194 327 313 359 scelere
329 327 462 367 iusuper
479 324 664 366 Nymphidii
693 324 801 356 Sabini
822 323 964 364 praelecti
987 323 1157 364 imperium
1179 323 1240 355 sibi
1268 323 1431 357 molientis

103 375 255 416 agitatur.
271 378 303 406 et
316 373 531 415 Nymphidius
543 372 675 413 quidem
692 372 725 403 in
741 371 811 412 ipso
827 376 943 403 conatu
958 379 1133 412 oppressus
1145 369 1155 389 ⁴
1178 380 1186 402 ε
1203 370 1259 402 sed
1278 373 1430 411 quamvis

102 424 208 465 capite
217 421 404 454 desectionis
414 420 521 452 ablato
533 420 684 452 manebat
695 419 854 460 plerisque
865 419 1003 450 militum
1015 418 1219 449 conscientia.
1230 426 1288 449 nec
1298 418 1431 450 deerant

103 479 270 505 sermones
283 470 416 501 senium
433 469 537 508 atque
557 468 749 499 averniam
767 467 885 499 Galbae
900 465 1145 506 increpantium.
1163 464 1293 497 laudata
1308 465 1385 497 olim
1398 465 1432 497 et

103 518 233 550 militari
264 518 349 548 sama
366 514 525 547 celebrata
542 514 696 546 severitas
712 515 780 554 ejus
798 514 934 553 angebat
947 516 1154 554 aspernantes
1169 515 1310 544 veterem
1338 512 1432 545 disci-

104 567 224 607 plinam
238 589 246 603 ‚
265 565 362 604 atque
374 562 418 594 ita
430 561 690 602 quattuordecim
708 560 801 592 annis
817 570 835 592 a
853 565 977 592 Nerone
994 560 1203 598 assuefactos,
1219 561 1255 591 ut
1268 559 1353 591 haud
1372 560 1431 591 mi-

104 623 166 645 nus
182 613 260 643 vilia
276 610 461 650 Principum
485 611 630 640 amarent
651 617 749 649 quarn
766 608 844 640 olim
871 608 1008 639 virtutes
1033 607 1226 638 verebantur
1243 607 1268 638 ⁵.
1295 607 1432 640 accessit

103 660 211 693 Galbae
233 668 297 690 vox
317 666 374 698 pro
392 655 557 697 republica
574 656 726 691 honesta,
745 655 805 696 ipsi
829 663 966 695 anceps,
995 654 1060 694 leqz'
1075 663 1097 686 a
1113 663 1148 686 se
1169 654 1333 695 militem,
1364 663 1430 687 non

102 709 167 738 emi
188 718 199 740 .·
216 715 276 737 nec
293 704 379 736 enim
397 702 438 735 ad
456 703 539 734 hanc
556 703 692 734 formam
711 705 818 734 cetera
834 702 926 733 erant
941 700 966 731 ⁶.

144 758 196 786 VI.
222 752 406 786 Invalidum
431 759 540 783 senem
567 755 603 782 T.
628 750 742 782 Vinius
764 751 796 781 et
821 747 988 781 Cornelius
1005 751 1105 787 LacO,
1135 747 1217 779 alter
1238 747 1433 780 deterrimus

101 801 310 839 mortalium,
339 800 419 831 alter
442 797 672 838 ignavissimus
686 822 694 837 ,
716 797 792 829 odio
813 795 1009 836 flagitiorum
1027 796 1219 833 oneratum,
1244 796 1432 835 contemptu

101 849 227 882 inertiae
245 848 269 886 ¹,
289 845 511 878 destruebant.
526 845 667 877 Tardum
691 844 798 876 Galbae
812 844 874 874 iter
888 844 919 874 et
932 845 1101 873 cruentum
1126 841 1303 874 interiectis
1321 842 1434 882 Cingo-

101 897 156 928 nio
172 900 313 927 Varrone
327 893 459 926 consule
475 892 641 932 designato
659 892 691 923 et
708 890 861 922 Petronio
886 889 1074 929 Turpiliano
1090 888 1251 920 consulari
1264 888 1275 906 ²
1294 899 1301 919 :
1319 888 1370 920 ille
1396 890 1434 921 ut

100 942 285 985 Nymphidii
303 941 410 973 socius
422 964 431 978 ‚
448 940 501 971 hic
513 942 550 970 ut
563 939 628 970 dux
644 938 780 970 Neronis
793 937 818 975 ³,
834 937 969 969 inauditi
983 939 1079 977 atque
1093 936 1251 968 indefensi
1265 937 1433 976 tamquam

102 988 313 1022 innocentes⁴
335 988 507 1029 perierant.
531 986 687 1018 introitus
714 985 745 1016 in
770 984 891 1016 Urbem
917 983 1088 1015 trucidatis
1115 986 1162 1014 tot
1182 982 1324 1014 millibus
1351 983 1434 1015 iner-

100 1039 203 1070 mium
223 1037 361 1068 militum
381 1035 392 1053 ⁵
411 1034 570 1065 infaustus
586 1035 711 1070 omine,
725 1034 822 1072 atque
835 1031 913 1073 ipsis
934 1032 1031 1063 etiam
1045 1030 1100 1072 qui
1117 1030 1300 1062 occiderant
1322 1030 1433 1063 formi-

100 1085 244 1117 dolosus.
265 1083 398 1115 indmta
415 1081 541 1121 legione
558 1080 699 1120 Hispana
711 1080 738 1119 ⁶,
754 1080 939 1110 remanente
953 1087 990 1109 ea
1003 1087 1100 1118 quam
1116 1086 1134 1108 e
1147 1078 1248 1108 classe
1266 1081 1348 1109 Nero
1360 1085 1434 1109 con·

99 1129 310 1172 scripserat7,
326 1129 420 1169 plena
430 1127 514 1159 Urbs
530 1126 674 1158 exercitu
690 1125 834 1157 insolito.
862 1125 957 1156 multi
970 1125 1009 1156 ad
1026 1125 1086 1156 hoc
1099 1123 1228 1155 numeri
1242 1123 1252 1141 ⁸
1272 1133 1289 1155 e
1303 1127 1433 1156 Germa-

100 1180 154 1212 nia
180 1188 216 1210 ac
232 1176 392 1209 Britannia
416 1177 449 1207 et
473 1174 620 1215 Illyrico,
641 1182 722 1215 quos
750 1173 836 1204 idem
864 1177 947 1205 Nero
972 1172 1091 1204 electos
1116 1171 1365 1212 praemissosque
1393 1172 1434 1204 ad

100 1226 241 1258 claustra
261 1224 447 1265 Caspiarum
473 1224 504 1254 et
529 1222 650 1254 bellum
680 1220 767 1261 quod
795 1220 827 1252 in
856 1220 997 1252 Albanos
1019 1219 1192 1260 parabat⁹,
1215 1219 1434 1259 opprimendis

101 1273 246 1306 Vindicis
261 1272 374 1313 coeptis
391 1273 599 1302 revocaverat
614 1280 621 1301 ε
637 1269 747 1310 ingens
764 1268 859 1300 novis
874 1268 969 1300 rebus
985 1267 1138 1307 materia,
1152 1268 1268 1298 utnon
1284 1266 1317 1297 in
1331 1275 1433 1298 unum

101 1323 241 1362 aliquem
260 1329 360 1361 prono
379 1319 489 1350 favore
502 1318 543 1357 ¹⁰,
559 1317 604 1349 ita
620 1316 752 1348 audenti
773 1318 893 1357 parata.

143 1373 212 1400 VII.
237 1370 328 1399 Forte
345 1368 535 1406 congruerat
557 1367 591 1396 ut
608 1364 711 1396 Clodii
731 1364 828 1395 Macri
852 1364 884 1395 et
899 1363 1024 1394 Fonteii
1049 1362 1212 1403 Capitonis
1232 1362 1335 1394 caedes
1349 1371 1435 1394 nun·

100 1417 269 1448 tiarentur.
280 1419 424 1447 Mam-um
440 1414 472 1444 in
487 1413 591 1444 Africa
603 1412 608 1429 ¹
619 1412 723 1452 ,haud
734 1411 831 1443 dubie
844 1411 1028 1443 turbantem
1042 1409 1221 1442 Trebonius
1233 1409 1435 1442 Garueianus

101 1466 290 1505 procurator
307 1463 397 1502 jussu
417 1461 525 1494 Galbae
537 1486 545 1500 ,
563 1461 749 1501 Capitonem
764 1460 796 1490 in
814 1459 1002 1497 Germania,
1017 1467 1117 1499 quum
1136 1457 1251 1489 similia
1266 1458 1433 1498 coaptaret,

100 1512 269 1544 Cornelius
283 1510 429 1550 Aquinus
449 1511 481 1540 et
506 1508 624 1539 Fabius
641 1507 757 1539 Valens
782 1507 877 1547 legati
895 1507 1056 1546 legionum
1079 1505 1323 1544 interfecerant,
1343 1506 1434 1536 ante-

101 1566 198 1598 quam
218 1558 415 1599 juberentur.
442 1557 531 1587 fuere
548 1556 603 1595 qui
629 1554 797 1586 crederent
823 1554 1010 1594 Capitonem
1033 1555 1069 1584 ut
1091 1553 1225 1584 avaritia
1252 1553 1283 1583 et
1302 1551 1436 1584 libidine

101 1606 224 1636 foedum
247 1614 283 1636 ac
306 1604 507 1636 maculosum
522 1626 530 1641 ,
555 1603 598 1633 ita
615 1602 808 1641 cogitatione
834 1610 941 1632 rerum
968 1609 1125 1631 novarum
1146 1598 1363 1637 abstinuisse3
1379 1597 1434 1630 sed

103 1661 122 1684 a
137 1653 249 1693 legatis
266 1653 384 1683 bellum
399 1650 610 1682 suadentibus
622 1673 630 1688 ,
651 1652 824 1689 postquam
842 1649 1002 1689 impellere
1017 1647 1239 1686 nequiverint,
1258 1646 1380 1678 crimen
1397 1653 1434 1677 ac

100 1700 213 1730 dolum
231 1699 447 1739 compositum
466 1697 568 1736 ultro;
586 1698 618 1728 et
638 1696 771 1727 Galbam
790 1695 971 1726 mobilitate
988 1694 1118 1734 ingenii,
1131 1703 1170 1724 an
1184 1702 1225 1724 ne
1241 1693 1336 1724 altius
1349 1701 1436 1725 scru-

102 1749 238 1785 taretur,
254 1755 385 1786 quoquo
399 1744 496 1776 modo
510 1747 581 1776 acta
594 1768 602 1783 ,
621 1744 698 1784 quia
711 1743 831 1775 mutari
852 1752 915 1774 non
933 1744 1081 1784 poterant
1092 1765 1101 1781 ,
1119 1740 1355 1781 comprobasse.
1385 1748 1434 1772 ce·

103 1860 189 1884 prope
202 1852 294 1882 eoosr.
307 1858 364 1876 -.·>.
380 1851 420 1876 Ab
438 1852 495 1876 aliis
508 1851 679 1881 occupatam.
694 1864 721 1867 —
735 1856 760 1874 ⁴.
773 1850 882 1880 Singula
897 1850 991 1873 narrat
1005 1847 1180 1877 Plutarcliusl‚
1202 1847 1296 1872 Galboe
1310 1852 1336 1872 c.
1351 1853 1434 1874 ε-Η,

104 1896 157 1914 -5,
173 1889 248 1919 Quod
266 1888 345 1917 vulgo
360 1888 458 1911 dicitur
471 1887 742 1911 reverebazritar.«c.
752 1887 848 1910 Cetera
862 1885 951 1909 Gatbae
969 1890 1025 1908 non
1041 1883 1241 1908 conveniebant
1257 1884 1367 1914 ingenio
1381 1885 1432 1909 hac
1466 1897 1471 1901 ·

104 1932 173 1950 voce
190 1925 307 1954 prodito.

135 1962 175 1984 Vl.
200 1966 219 1984 l.
235 1959 344 1983 Galbam
360 1958 429 1982 alter
442 1964 552 1982 suorum
575 1958 739 1987 flagitiorum
753 1957 832 1987 odio,
851 1957 920 1981 alter
934 1962 988 1980 suzr
1005 1957 1109 1980 incrtiae
1124 1956 1282 1984 contemptu
1305 1960 1434 1980 onerave—

104 1999 175 2025 rant,
188 1996 229 2019 liis
243 1995 314 2019 vitiis
322 1994 525 2024 popularifama
538 2000 570 2018 ex
585 1995 677 2018 amicis
692 1995 718 2017 in
732 1994 817 2024 ipsum
832 1994 860 2016 ul
875 1992 1090 2016 consentientem
1106 1991 1316 2015 translatis.--2.
1328 1990 1434 2016 consuli

106 2033 169 2056 anni
183 2032 212 2055 U.
227 2035 313 2054 814.—
334 2036 355 2054 3.
378 2030 453 2054 conf.
476 2030 585 2054 Annal.
604 2030 672 2058 XIV,
685 2034 727 2052 59·
743 2029 797 2056 XV,
812 2034 848 2052 72,
862 2041 889 2045 —
903 2033 925 2051 4.
948 2028 1110 2051 lnam-entes
1133 2026 1266 2050 habentur
1289 2026 1351 2050 dum
1374 2026 1434 2056 lege

104 2068 263 2097 judicioque
287 2067 499 2095 pronuntientur
520 2067 661 2089 nocentes.
684 2063 805 2089 Cornelia
828 2063 941 2087 Vestalis
961 2062 1080 2086 inaudita
1102 2063 1129 2085 ct
1151 2061 1289 2084 indefensa
1313 2066 1327 2084 a
1348 2060 1432 2086 Plinio

107 2103 206 2131 (Epist.
222 2102 264 2130 lV,
282 2103 316 2127 ll)
329 2101 427 2124 dicitur
444 2101 483 2125 ad
495 2101 688 2130 supplicium,
705 2100 797 2124 nescio
817 2105 855 2123 an
876 2099 1024 2126 innocens,
1042 2099 1117 2121 certe
1137 2098 1275 2124 tanquam
1299 2096 1433 2123 innocens

107 2138 204 2162 diu-ta.
218 2149 245 2154 -
258 2143 282 2160 5.
295 2137 498 2160 (Ilassiariorum
513 2137 583 2160 ultra
601 2136 701 2165 septies
716 2135 802 2164 mille,
817 2135 863 2164 qui
880 2133 969 2157 (lalbae
982 2133 1015 2157 ad
1036 2133 1154 2156 Milvium
1176 2133 1283 2161 pontem
1298 2131 1370 2155 obvii
1384 2139 1432 2162 po-

107 2173 221 2196 scebant
233 2172 266 2196 ab
281 2178 312 2195 eo
327 2173 480 2196 confirmari
505 2172 621 2196 Neronis
644 2172 782 2195 decretum
806 2171 833 2194 in
851 2169 986 2200 quionem
1003 2174 1048 2192 eos
1069 2170 1243 2192 convertens.
1258 2180 1284 2183 —
1298 2172 1320 2191 6.
1332 2168 1411 2192 Sexta
1424 2188 1432 2200 ,

108 2208 196 2238 paullo
212 2208 285 2236 post,
301 2209 330 2231 ut
347 2207 462 2236 videtur,
476 2208 502 2231 in
521 2208 673 2237 Hispaniam
691 2207 868 2230 reinissa.—7.
887 2205 964 2229 Dicta
973 2204 1070 2233 prima
1084 2202 1218 2232 adjutrioe
1231 2202 1431 2229 classicorum.

110 2249 167 2267 —7.
186 2244 203 2266 l.
219 2248 241 2265 e>
260 2242 402 2271 cohortes,
426 2243 571 2272 manipuli,
592 2242 707 2270 vexilla,
732 2243 826 2266 turmae
839 2247 846 2265 ε
859 2241 1013 2269 quicunque
1038 2244 1092 2263 non
1115 2238 1261 2268 conscripti
1284 2238 1311 2261 in
1331 2238 1431 2267 justam

109 2278 281 2307 legionem.-
294 2282 315 2301 a.
332 2278 369 2301 Dc
383 2283 436 2306 quo
450 2284 474 2302 ν.
488 2278 600 2302 Suc-ton.
621 2284 642 2300 c.
664 2283 697 2302 ia.
709 2278 736 2301 C.
751 2276 837 2301 Julius
848 2276 964 2303 Vindex,
979 2275 1023 2305 qni
1037 2274 1148 2298 Galliam
1164 2280 1213 2303 pro
1227 2274 1340 2303 praetore
1353 2278 1432 2303 rege-

110 2314 171 2339 bat,
188 2314 328 2342 superiore
343 2318 415 2336 anno
430 2314 524 2337 contra
549 2314 684 2337 Neronem
709 2312 908 2340 rebellaverat,
926 2316 979 2334 non
994 2309 1061 2338 sibi,
1079 2310 1125 2333 sed
1148 2309 1237 2333 Galbae
1251 2308 1430 2338 principatum

110 2350 265 2378 paraturus.
281 2348 367 2372 Facile
380 2349 523 2378 superatus
540 2349 571 2372 ad
588 2350 778 2373 vesuntionem
792 2346 956 2378 (Besangton)
969 2352 983 2370 a
995 2345 1119 2375 Verginio
1134 2345 1210 2375 Rufo,
1221 2344 1268 2375 qui
1282 2344 1432 2369 Germaniae

110 2385 241 2415 praeerat,
257 2390 364 2408 manum
378 2384 428 2408 sibi
443 2384 544 2408 intulit.
555 2397 585 2401 —
597 2390 631 2408 lo.
645 2385 686 2408 Sc.
701 2378 790 2410 οὖσα.

140 2419 196 2443 Vll.
216 2424 235 2443 l.
250 2420 279 2443 ln
293 2425 343 2450 qua
358 2419 462 2450 legatus
476 2421 542 2444 erat.
563 2420 657 2450 Capito
672 2419 766 2444 consul
784 2419 873 2444 tuerat
894 2417 957 2442 anni
978 2422 1028 2441 ⁸20.
1046 2417 1084 2441 De
1098 2422 1130 2441 eo
1144 2415 1214 2441 adde
1229 2420 1252 2441 c.
1263 2421 1301 2441 κε.
1314 2429 1342 2434 -
1355 2419 1378 2441 2.
1392 2415 1430 2440 Ex
