1539 2668
512 174 608 202 VITA
630 173 728 202 JULII
753 174 967 202 AGRICOLAE.
1340 176 1399 206 429

50 256 57 290 t
85 263 103 279 «
122 250 225 291 proelii
248 248 322 280 unis
346 249 379 280 et
403 247 537 279 alterius
560 248 677 278 eventu
704 250 914 287 pavescerent
923 260 932 288 3
956 248 1027 288 plus
1060 248 1219 289 impetus,
1247 250 1402 290 majorem

86 310 102 325 «
120 297 332 329 constantiam
348 304 446 335 penes
459 295 594 325 miseros
608 303 676 325 esse
692 304 698 324 :
712 295 777 334 jam
790 296 1015 326 Britannorum
1032 296 1128 327 etiam
1147 297 1222 327 deos
1236 298 1400 339 misereri,

85 360 101 374 «
120 346 175 385 qui
200 349 380 376 Romanum
402 343 517 373 ducem
540 342 728 381 absentem,
750 342 806 382 qui
832 343 1005 382 relegatum
1021 343 1052 373 in
1072 343 1134 374 alia
1157 344 1281 375 insula⁴
1309 354 1401 377 exer-

84 405 100 419 «
121 393 220 423 citum
249 392 452 428 detinerent3
474 390 540 429 jam
572 389 677 428 ipsos,
704 389 789 429 quod
814 389 1040 421 difficillimum
1070 390 1184 427 suerit,
1212 391 1400 424 deliberare.

86 452 102 466 α
122 448 217 479 porro
243 439 275 469 in
302 437 462 478 ejusmodi
488 436 630 467 consiliis
659 437 871 476 periculosius
890 446 959 469 esse
985 437 1203 477 deprehendi,
1222 448 1318 478 quam
1345 449 1399 470 au-

85 498 102 512 «
120 485 227 516 deres'.
245 498 260 512 »

124 536 204 563 XVI.
219 533 272 563 His
282 532 378 570 atque
390 530 509 562 talibus
522 531 662 562 invicem
674 531 817 562 instincti
830 532 852 569 ¹,
862 531 1032 570 Boudicea,
1044 532 1167 571 generis
1177 533 1255 572 regii
1271 533 1401 572 semina,

82 579 164 610 duce
183 581 302 618 (neque
324 579 409 609 enim
426 587 540 609 sexum
557 579 589 608 in
608 578 748 618 imperiis
764 578 973 618 discernunt)
992 587 1159 618 sumpsere
1177 580 1316 611 universi
1334 580 1401 611 bel-

82 625 149 656 lum
176 636 183 656 ;
210 635 247 657 ac
269 634 396 665 sparsos
421 634 476 665 per
492 625 624 656 castella
641 625 761 656 milites
781 626 979 664 consectati,
1003 627 1196 665 expugnatis
1219 627 1402 670 proesidiis,

81 673 182 713 ipsam
200 673 359 704 coloniam
375 673 524 704 invasere
541 675 577 704 ut.
593 672 700 704 sedem
718 673 894 703 servitutis.
910 681 970 703 nec
989 673 1089 703 ullum
1109 673 1140 703 in
1159 673 1302 704 barbaris
1318 674 1328 691 ²
1348 684 1403 706 sae·

80 720 169 751 vitiae
185 729 287 759 genus
303 720 411 750 omisit
426 719 472 750 ira
485 722 517 750 et
534 719 680 750 victoria.
700 719 786 759 quod
810 720 871 750 nisi
886 719 1038 751 Paulinus
1052 745 1060 759 ‚
1080 721 1207 759 cognito
1227 721 1403 760 provinciae

81 770 190 806 motu,
219 775 351 807 propere
373 766 591 806 subvenisset,
618 767 732 797 amissa
755 767 918 798 Britannia
942 768 1023 797 soret
1044 777 1051 797 :
1070 777 1168 807 quam
1187 769 1283 799 unius
1302 770 1402 809 proelii

81 814 211 845 fortuna
229 814 329 845 veteri
346 814 510 853 patientiae
528 814 690 853 restituit,
707 814 895 845 tenentibus
911 823 1000 845 arma
1020 815 1180 854 plerisque
1192 839 1200 854 ‚
1226 825 1307 855 quos
1325 826 1402 847 con-

79 864 216 895 scientia
232 863 420 894 defectionis
436 865 469 894 et
482 863 614 902 propius
627 863 637 879 ³
655 872 691 894 ex
708 864 810 903 legato
825 864 921 894 timor
943 863 1101 903 agitabat,
1119 874 1158 895 ne
1170 889 1177 903 ,
1204 875 1401 906 quamquam

79 911 224 951 egregius
242 912 371 949 cetera,
390 912 575 949 arroganter
598 910 631 940 in
657 910 783 941 deditos
806 913 838 941 et
866 912 903 941 ut
923 919 991 941 suae
1017 920 1147 951 qnoque
1172 912 1297 951 injuriae
1319 914 1403 945 ultor

79 959 195 991 durius
213 958 402 990 consuleret.
423 957 540 988 Missus
555 957 654 996 igitur
669 957 836 989 Petronius
850 957 1054 998 Turpilianus
1069 958 1094 996 ⁴,
1112 960 1277 998 tamquam
1292 969 1401 992 exora-

80 1006 187 1044 bilior,
205 1008 237 1036 et
259 1004 384 1036 delictis
407 1004 552 1035 bostium
575 1013 678 1034 novus
702 1012 807 1044 eoque
835 1004 1034 1044 poenitentiae
1061 1005 1192 1044 mitior,
1218 1008 1403 1047 compositis

79 1052 257 1095 prioribus,
278 1052 356 1082 nilril
375 1052 458 1081 ultra
473 1060 569 1081 ausus
582 1074 592 1089 ,
612 1051 770 1082 Trebellio
785 1053 926 1082 Maximo
945 1052 1146 1091 provinciam
1166 1054 1305 1084 tradidit.
1325 1058 1401 1085 Tre--

79 1100 192 1131 bellios
210 1099 348 1138 segnior,
366 1101 398 1129 et
416 1099 514 1129 nullis
538 1100 716 1128 castrorum
738 1099 988 1138 experimentis,
1012 1100 1164 1131 comitate
1188 1101 1326 1140 quadam
1350 1111 1403 1133 cu-

79 1146 171 1177 randi
199 1146 401 1185 proxinciam
426 1145 540 1176 tenuit.
568 1145 710 1176 didicere
734 1145 799 1183 jam
826 1145 953 1176 barbari
977 1155 1106 1186 quoque
1131 1147 1293 1186 ignoscere
1316 1149 1402 1180 vitiis

78 1193 321 1224 blandientibus
336 1201 345 1223 ε
363 1195 396 1223 et
409 1193 613 1223 interventus
630 1192 771 1223 civilium
788 1202 952 1223 armorum
970 1193 1108 1233 praebuit
1122 1194 1242 1233 justam
1258 1196 1403 1235 segnitiae

77 1241 344 1279 excusationcm;
363 1240 419 1271 sed
437 1239 599 1271 discordia
621 1240 824 1279 laboratum,
848 1250 949 1280 quum
973 1243 1120 1272 assuetus
1138 1242 1401 1282 expeditionibus

77 1287 170 1318 miles
185 1288 252 1318 otio
273 1287 445 1318 lasciviret.
462 1286 639 1317 Trebellius
653 1311 661 1326 ,
681 1287 754 1326 suga
770 1296 806 1318 ac
823 1287 956 1319 latebris
974 1288 1075 1319 vitata
1091 1289 1251 1320 exercitus
1266 1291 1332 1330 ira,
1351 1291 1401 1323 in·-

77 1334 214 1365 decorus
238 1337 335 1374 atque
359 1334 489 1364 humilis
518 1334 660 1373 precario
692 1344 768 1365 mox
800 1335 951 1374 praefuit,
977 1344 1014 1365 ac
1037 1336 1125 1367 velut
1149 1337 1254 1376 pacti,
1278 1340 1401 1371 exerci-

76 1382 127 1412 tus
145 1382 305 1412 licentiam
320 1406 327 1420 ‚
347 1381 412 1411 dux
430 1381 568 1411 salutem
581 1382 590 1398 ³
607 1393 614 1420 3
639 1384 670 1412 et
684 1381 799 1412 seditio
817 1382 886 1413 sine
902 1383 1056 1421 sanguine
1081 1384 1171 1414 stetit
1186 1384 1212 1413 ⁴³.
1238 1388 1303 1415 Nec
1324 1390 1400 1418 Vet-

75 1428 140 1459 tius
169 1429 342 1467 Bolanus7,
360 1428 567 1459 manentibus
595 1428 701 1458 adbuc
729 1429 882 1460 civilibus
905 1429 1014 1468 bellis,
1043 1430 1177 1467 agitavit
1204 1431 1399 1465 Britanniam

77 1474 260 1515 disciplina.
284 1476 398 1505 eadem
419 1475 532 1506 inertia
555 1484 629 1514 erga
651 1475 758 1506 hostes
772 1500 779 1514 ‚
794 1476 903 1506 similis
921 1477 1099 1515 petulantia
1113 1479 1293 1509 castrorum
1312 1489 1320 1510 :
1338 1481 1401 1512 nisi

75 1522 159 1562 quod
183 1523 336 1553 innocens
354 1523 492 1553 Bolanus
507 1524 540 1554 et
554 1522 650 1553 nullis
672 1523 799 1554 delictis
820 1523 944 1555 invisus
960 1524 1127 1555 caritatem
1145 1527 1314 1564 paraverat
1330 1527 1399 1559 loco

74 1570 284 1600 auctoritatis.

116 1620 209 1648 XVII.
226 1616 286 1648 Sed
303 1616 357 1647 ubi
375 1626 449 1648 cum
466 1616 572 1647 cetero
585 1616 661 1647 orbe
676 1617 890 1656 Vespasianus
903 1619 934 1648 et
950 1618 1145 1649 Britanniam
1160 1620 1364 1659 recuperavit
1376 1622 1400 1661 ¹,

74 1664 181 1703 magni
196 1663 294 1694 duces
309 1688 317 1702 ,
342 1664 459 1703 egregii
477 1664 656 1703 exercitus,
674 1664 799 1694 minuta
817 1664 959 1695 hostiurn
973 1668 1105 1704 spesset
1120 1668 1272 1697 terrorem
1290 1668 1399 1699 statim

74 1711 185 1740 intulit
201 1710 335 1741 Petilius
352 1711 485 1741 Cerialis
497 1710 523 1748 ²,
539 1712 726 1750 Brigantum
742 1711 907 1742 civitatem
920 1736 929 1749 ,
951 1721 1023 1750 quae
1046 1713 1309 1745 numerosissima
1326 1723 1398 1754 pro-

74 1757 192 1788 vinciae
208 1757 309 1788 totius
331 1757 532 1796 perhibetur,
550 1767 715 1797 aggressus
735 1768 741 1788 :
757 1759 859 1789 multa
881 1758 1010 1798 proelia,
1028 1762 1059 1790 et
1076 1760 1249 1799 aliquando
1267 1770 1331 1792 non
1350 1762 1398 1792 in-

73 1806 206 1835 cruenta
231 1813 238 1834 :
263 1809 477 1843 magnamque
492 1805 677 1843 Brigantum
701 1806 826 1844 partem
849 1807 905 1836 aut
926 1806 1063 1837 victoria
1079 1807 1246 1846 amplexus
1270 1810 1318 1839 est
1341 1811 1400 1840 aut:

72 1851 167 1882 bello.
195 1852 227 1882 et
254 1861 356 1891 quum
382 1851 512 1882 Cerialis
534 1851 667 1891 quidem
694 1852 826 1882 alterius
852 1852 1050 1883 successoris
1074 1861 1185 1883 curam
1216 1855 1399 1895 famamque

72 1898 246 1937 obruisset,
262 1899 416 1929 sustinuit
429 1907 556 1938 quoque
573 1899 689 1930 molem
706 1899 807 1929 Julius
818 1898 1001 1937 Frontinus,
1016 1899 1065 1929 vir
1079 1908 1225 1939 magnus,
1240 1903 1397 1941 quantum

72 1944 189 1976 licebat
201 1945 226 1984 ³,
244 1946 449 1985 validamque
465 1947 498 1977 et
514 1954 693 1986 pugnacem
710 1945 852 1977 Silurum
869 1947 998 1985 gentem
1020 1947 1116 1977 armis
1138 1947 1264 1987 subegit
1276 1972 1285 1988 ‚
1301 1957 1398 1989 super

71 1991 226 2023 virtutem
243 1993 387 2024 hostium
402 1993 547 2024 locorum
564 2002 693 2034 quoque
710 1993 917 2025 difficultates
935 1994 1103 2025 eluctatus.

101 2123 125 2142 a.
141 2119 221 2143 Mona
233 2127 239 2147 ;
250 2124 276 2143 v.
293 2126 382 2149 snpra.
393 2133 421 2137 —
431 2123 456 2145 ὃ.
470 2121 504 2145 Ut
517 2121 658 2144 Mucianus
668 2121 834 2150 Vespasiano
847 2120 914 2144 dixit
924 2120 1006 2149 (Hist.
1021 2121 1053 2149 11,
1068 2120 1107 2149 77)
1121 2126 1126 2143 :
1140 2120 1216 2146 Nam
1227 2122 1276 2151 qui
1290 2122 1394 2146 delibe-

71 2156 155 2183 rant,
170 2155 360 2179 desciverunt.

100 2190 170 2213 XVI.
186 2195 205 2213 ι.
220 2190 284 2214 Cum
298 2191 338 2214 his
353 2191 446 2215 confer
458 2191 644 2216 narrationem
658 2192 686 2215 in
703 2191 836 2215 Annalib.
851 2192 918 2220 XIV,
931 2197 957 2215 ει
974 2197 1051 2221 seqq.
1062 2204 1090 2208 -
1100 2198 1122 2215 ⁴2.
1134 2193 1174 2216 Sc.
1189 2192 1247 2216 fieri
1259 2193 1354 2216 solitae.
1366 2207 1394 2211 —

71 2230 93 2248 s.
108 2224 194 2253 Magis
208 2230 239 2248 ex
251 2226 413 2255 propinquo.
427 2240 454 2243 —
466 2231 488 2250 4.
504 2227 609 2251 Annal.
623 2227 690 2254 XIV,
705 2232 742 2251 59.
753 2233 815 2249 -5.
827 2227 902 2251 Cont'.
917 2227 1020 2255 Hisc.1‚
1033 2232 1078 2256 60;
1097 2227 1128 2255 II,
1142 2232 1243 2251 era—c.
1260 2227 1322 2251 Non
1343 2230 1392 2256 est,

72 2259 201 2287 cessavit;
218 2260 265 2283 sed
276 2266 333 2290 pro,
348 2262 479 2292 constitit,
494 2264 524 2286 ut
541 2263 614 2286 Hisc.
627 2263 670 2290 Ill,
688 2267 724 2285 55.
735 2274 762 2278 —
773 2267 795 2285 7.
811 2263 839 2285 In
853 2261 981 2286 Trebellii
994 2262 1085 2286 locum
1102 2263 1198 2286 missus
1211 2268 1234 2286 a.
1253 2263 1285 2286 U.
1301 2267 1352 2292 822,
1366 2269 1393 2293 p.

70 2293 131 2318 Chr.
144 2299 181 2317 09.
195 2294 253 2318 Vid.
267 2301 291 2319 c.
307 2302 328 2324 a,
344 2297 417 2321 Hist.
431 2298 464 2326 ΙΙ,
479 2303 525 2324 653
540 2299 568 2322 et
583 2303 625 2321 res
639 2299 728 2327 gestas
738 2297 811 2321 Hist.
827 2297 869 2325 ΙΙΙ,
882 2302 918 2321 45.

100 2329 182 2352 XVII.
199 2335 218 2353 ι.
233 2331 274 2354 Sc.
289 2331 322 2355 ab
336 2332 451 2361 indignis
464 2333 630 2363 Principibus
644 2334 690 2363 qui
704 2339 763 2356 eum
776 2334 1008 2362 praecesserunt.—
1021 2338 1041 2356 ρ.
1057 2332 1131 2357 Cons.
1147 2339 1169 2356 e.
1182 2338 1203 2356 a.
1215 2345 1243 2350 -
1253 2338 1278 2357 z.
1291 2333 1331 2357 Sc.
1342 2337 1392 2362 per

70 2365 192 2393 tempora
212 2364 270 2394 illa,
290 2366 339 2390 sub
359 2367 533 2397 Imperatore.
553 2370 696 2393 Frontinus
716 2368 786 2392 idem
807 2369 848 2392 cst
867 2369 944 2398 cujus
965 2368 1027 2393 libri
1045 2368 1286 2398 strateqematum
1306 2370 1334 2393 et
1355 2368 1390 2391 de

71 2399 295 2429 Aquoeczuctibus
308 2404 459 2432 supersunt.
478 2405 515 2429 De
529 2410 561 2430 co
572 2404 671 2429 Plinius
685 2404 776 2434 Epist.
795 2404 839 2434 IX,
856 2409 890 2428 ¹9-
