1539 2668
96 151 159 183 308
473 148 607 179 ΤΑΟΙΤΙ
630 149 892 180 HSTORIARUM
916 150 988 182 LIB.
1015 149 1057 182 11.

96 227 162 260 tras
174 250 183 266 ‚
198 224 381 256 concordiae
399 224 551 266 insignia,
568 224 688 265 Syriaci
705 225 867 258 exercitus
884 226 1014 258 nomine
1029 225 1070 257 ad
1093 226 1305 267 praetorianos
1320 228 1424 261 feren·

95 275 161 306 tem
186 272 196 290 ²
221 272 318 304 variis
333 272 458 304 artibus
472 281 637 312 aggressus
654 275 722 312 est,
741 272 842 305 donec
857 273 990 306 sisenna
1007 274 1089 305 clam
1107 274 1220 306 relicta
1236 275 1342 306 insula
1359 277 1421 308 tre-

96 320 192 362 pidus
215 321 247 352 et
264 320 330 351 vim
349 322 499 352 metuens
516 320 695 360 aufugeret.
712 320 787 352 inde
806 321 869 352 late
885 323 999 360 terror,
1016 321 1123 353 multis
1142 321 1182 352 ad
1203 322 1422 355 celebritatem

95 369 235 403 nominis
253 370 368 401 erectis
388 378 495 400 rerum
516 378 673 401 novarum
695 370 847 411 cupidine
865 373 897 402 et
914 371 989 402 odio
1011 372 1232 412 praesentium.

137 420 188 448 IX.
207 416 399 448 Gliscentem
419 416 452 447 in
474 416 544 448 dies
564 416 684 448 samam
707 417 773 449 sors
789 417 950 450 discussit.
969 419 1124 451 Galatiam
1147 428 1185 450 ac
1201 419 1421 459 Pamphyliam

95 464 277 507 provincias
293 464 464 504 Calpurnio
480 464 646 505 Asprenati
663 465 818 505 regendas
835 465 933 497 Galba
952 467 1154 507 permiserat.
1181 466 1266 498 datae
1281 475 1298 498 e
1321 467 1423 498 classe

96 512 265 545 Misenensi
281 512 354 543 duae
370 512 516 544 triremes
532 512 573 544 ad
587 513 863 553 prosequendum,
883 523 957 546 cum
972 514 1091 555 quibus
1104 514 1267 554 Cythnum
1282 513 1423 545 insulam

96 560 210 593 tenuit.
230 569 287 591 nec
306 559 436 590 defuere
453 560 508 599 qui
528 560 716 592 trierarchos
738 561 867 592 nomine
887 562 1021 593 Neronis
1037 562 1189 593 accirent.
1207 561 1233 592 is
1249 561 1282 592 in
1298 562 1421 593 moesti-

96 607 174 656 tiam
192 607 388 655 compositus
404 609 436 638 et
445 606 554 647 fidem
568 616 710 639 suorum
727 608 901 649 quondam
922 609 1073 640 militum
1095 609 1248 639 invocans
1259 633 1267 648 ‚
1284 610 1325 640 ut
1344 617 1423 642 eum

96 658 133 681 m
155 652 255 689 Syria
281 650 345 680 aut
361 650 506 689 AEyyplo
522 650 702 686 sisterent,
724 649 845 680 orabat.
867 650 1046 681 Trierarchi
1063 651 1217 681 nutantes
1229 674 1238 689 ,
1254 659 1308 681 seu
1326 650 1401 681 dolo
1412 674 1423 691 ,

96 697 320 739 alloquendos
333 697 397 729 sibi
412 697 537 729 milites
551 699 585 729 et
599 699 740 737 paratis
754 699 906 729 omnium
923 699 1048 729 animis
1064 706 1261 729 reversuros
1279 696 1423 730 firmave—

96 750 185 780 runt.
201 746 257 777 sed
273 744 439 785 Asprenati
453 747 569 776 cuncta
587 754 623 776 ex
640 745 701 777 fide
719 746 884 785 nuntiata3
900 746 991 784 euJus
1005 744 1227 776 cohortatione
1243 745 1426 784 expugnata

96 796 186 827 navis
205 795 238 825 et
253 793 441 825 interfectus
457 793 601 833 quisquis
622 793 674 824 ille
695 794 774 824 erat.
799 802 937 834 corpus,
958 792 1083 832 insigne
1098 791 1202 823 oculis
1219 799 1377 831 comaque
1393 791 1426 824 et

95 842 247 876 torvitate
261 842 388 879 vultus,
406 840 437 871 in
452 841 558 871 Asiam
574 843 672 880 atque
687 840 762 871 inde
778 845 915 872 Romam
930 842 1122 881 pervectum
1139 839 1200 870 est.

137 895 173 923 X.
195 894 231 922 In
249 889 383 921 civitate
402 887 541 919 discordi
564 889 595 918 et
616 887 658 918 ob
675 887 804 919 crebras
821 888 1007 928 Principum
1022 886 1217 918 mutationes
1235 885 1317 917 inter
1331 885 1424 917 liber-

95 940 195 972 tatem
217 946 254 969 ac
272 935 434 967 licentiam
455 936 576 966 incerta
593 943 702 974 parvae
724 944 853 975 quoque
869 944 919 966 res
935 935 1058 974 magnis
1076 934 1218 965 motibus
1235 933 1425 972 agebantur·

96 985 210 1018 vibius
226 984 360 1024 Crispus
378 983 517 1023 pecunia
531 1007 539 1022 ,
558 981 701 1022 potentia
718 1006 726 1021 ‚
742 982 870 1022 ingenio
884 982 968 1013 inter
985 982 1086 1013 claros
1109 980 1210 1020 magis
1226 989 1323 1020 quam
1341 980 1426 1012 inter

96 1033 198 1066 bonos
211 1057 220 1073 ,
245 1031 385 1064 Annium
405 1031 561 1060 Faustum
583 1029 742 1069 equestris
761 1029 883 1060 ordinis
896 1053 904 1068 ‚
929 1029 984 1068 qui
1004 1028 1204 1068 temporibus
1227 1027 1360 1058 Neronis
1377 1026 1427 1058 de·

97 1081 233 1115 lationes
259 1078 485 1116 factitaverat,
521 1076 561 1107 ad
593 1076 810 1115 cognitionem
838 1077 972 1107 senatus
994 1075 1141 1106 vocabat.
1171 1083 1246 1105 nam
1275 1083 1386 1106 recens
1413 1074 1422 1093 ¹

97 1128 202 1160 Galbae
217 1126 395 1167 principatu
412 1125 603 1155 censuerant
619 1125 738 1162 Patres,
752 1125 791 1154 ut
807 1125 1048 1155 accusatorum
1061 1130 1176 1153 causae
1192 1122 1425 1154 noscerentur.

96 1175 129 1207 id
146 1171 462 1207 senatusconsultum
486 1170 574 1201 varie
592 1170 749 1209 jactatum
767 1171 819 1209 et,
838 1171 933 1210 prout
950 1174 1061 1210 potens
1077 1169 1128 1200 vel
1146 1168 1239 1208 inops
1257 1176 1332 1199 reus
1348 1166 1426 1198 inci-

97 1223 203 1261 derat,
225 1221 390 1251 intirmum
413 1219 468 1249 aut
485 1217 627 1248 validum
646 1217 857 1249 retinebatur.
877 1217 917 1248 ad
934 1218 995 1248 hoc
1016 1216 1147 1249 terroris
1163 1215 1173 1233 ²
1194 1218 1225 1247 et
1243 1214 1372 1256 propria
1393 1214 1428 1246 vi

98 1271 228 1310 Crispus
243 1268 433 1299 incubuerat
447 1265 622 1297 delatorem
636 1265 743 1296 fratris
753 1265 802 1295 sui
815 1264 826 1282 ³
844 1266 1044 1305 pervertere;
1060 1264 1265 1303 traxeratque
1277 1270 1428 1302 magnam

98 1318 229 1352 senatus
250 1318 371 1356 partem
384 1339 391 1353 ‚
413 1316 449 1345 ut
467 1312 686 1352 indefensum
704 1314 736 1344 et
754 1312 957 1344 {nazcdifum
976 1311 1052 1343 dedi
1072 1310 1118 1343 acl
1140 1312 1288 1342 exitium
1308 1310 1428 1349 postu-

97 1366 211 1398 larent.
237 1366 349 1394 eontra
371 1361 456 1401 apud
483 1361 560 1391 alios
586 1359 665 1390 nihil
693 1368 787 1399 aeque
810 1368 864 1391 reo
884 1359 1035 1399 proderat
1051 1367 1147 1398 quam
1166 1357 1265 1388 nimia
1285 1355 1428 1396 potentia

98 1411 292 1444 accusatoris
310 1420 317 1440 ;
340 1409 419 1440 (lari
440 1410 584 1447 tempus,
602 1407 656 1438 edi
676 1408 841 1445 crimina,
857 1408 1013 1447 quamvis
1030 1407 1181 1436 invisum
1196 1412 1235 1435 ac
1253 1404 1428 1434 nocentem

98 1468 192 1491 more
207 1461 319 1489 {ammi
338 1455 553 1487 audiendum
569 1454 754 1486 censebant.
770 1455 807 1485 Et
820 1455 950 1485 valuere
969 1454 1072 1491 primo
1087 1452 1248 1491 dilataque
1262 1450 1294 1480 in
1309 1456 1429 1489 pancos

99 1507 167 1539 dies
183 1505 335 1545 cognitio.
352 1512 427 1534 mox
441 1503 614 1534 damnatus
630 1505 679 1533 est
693 1503 844 1541 Faustus,
860 1509 1064 1541 nequaquam
1079 1509 1117 1531 eo
1131 1507 1261 1530 assensu
1277 1496 1430 1536 civitatis,

99 1563 194 1594 quem
216 1552 363 1592 pessimis
380 1551 526 1582 moribus
547 1551 718 1580 meruerat.
740 1549 860 1589 quippe
884 1548 989 1588 ipsum
1010 1548 1162 1586 Crispum
1186 1544 1312 1577 easdem
1333 1552 1428 1575 accu-

100 1601 242 1632 sationes
266 1609 339 1630 cum
362 1598 495 1638 praemio
518 1596 704 1628 exercuisse
727 1595 946 1627 meminerant
962 1618 972 1635 ,
996 1603 1055 1625 nec
1077 1601 1173 1633 poena
1192 1590 1355 1629 criminis,
1373 1589 1427 1622 sed

100 1648 186 1679 ultor
206 1646 407 1686 displicebat.

141 1698 192 1725 XI.
222 1694 307 1724 iffi-ta
330 1692 457 1723 interim
481 1689 601 1722 Othoni
626 1688 782 1729 principia
806 1688 880 1720 nelli
895 1713 903 1728 ‚
930 1687 1026 1719 motis
1052 1687 1093 1718 ad
1117 1685 1289 1726 imperium
1318 1684 1388 1722 ejus
1412 1692 1430 1717 e

99 1741 259 1773 Dalmatia
272 1739 500 1778 Pannoniaque
515 1737 719 1769 exercitibus.
737 1736 824 1767 suere
838 1736 994 1776 quattuor
1011 1734 1151 1773 legiones
1164 1757 1173 1772 ‚
1191 1741 1207 1763 e
1223 1731 1340 1771 quibus
1354 1731 1429 1762 bina

99 1788 196 1820 millia
219 1787 386 1827 praemissa
401 1797 408 1825 ;
426 1786 503 1825 ipsae
521 1784 653 1816 modicis
674 1783 853 1815 intervallis
876 1781 1107 1822 sequebantur,
1132 1779 1270 1820 septima
1290 1787 1308 1809 a
1332 1777 1430 1810 Galba

100 1835 279 1874 conscripta
293 1858 300 1872 ‚
316 1835 479 1864 veteranae
494 1831 662 1863 undecima
679 1840 716 1862 ac
734 1829 958 1862 tertiadecima
971 1829 1004 1860 et
1025 1827 1178 1868 praecipui
1196 1826 1281 1857 sama
1301 1826 1430 1865 quarta-

101 1881 271 1914 decumani
289 1880 460 1911 rebellione
474 1879 646 1910 Britanniae
671 1886 867 1918 compressa.
887 1876 894 1894 ¹
922 1875 1090 1908 addiderat
1116 1874 1250 1915 gloriam
1270 1876 1353 1904 Nero
1373 1870 1430 1902 eli·

101 1930 203 1970 gendo
227 1931 261 1959 ut
281 1928 464 1969 potissimos
492 1936 499 1957 :
524 1926 610 1958 unde
633 1925 726 1965 longa
751 1925 814 1956 illis
834 1933 908 1963 erga
928 1927 1086 1955 Neronem
1109 1921 1188 1952 fides
1212 1921 1244 1952 et
1266 1920 1372 1951 erecta
1397 1917 1430 1948 in

101 1976 262 2008 Othonem
278 1975 397 2007 studia.
414 1974 469 2005 sed
483 1982 548 2014 quo
564 1973 636 2014 plus
651 1973 767 2003 virium
782 1981 819 2003 ae
833 1971 969 2010 roboris,
985 1979 1002 2002 e
1017 1969 1135 2002 tiducia
1151 1967 1285 2000 tarditas
1302 1965 1405 1997 inerat
1421 1973 1429 1995 ε

102 2033 215 2064 agmen
245 2023 405 2063 legionum
435 2021 493 2053 alae
518 2021 734 2060 cohortesque
760 2018 1016 2060 praeveniebant.
1036 2019 1068 2049 et
1090 2026 1129 2048 ex
1155 2016 1226 2056 ipsa
1242 2013 1328 2046 Urbe
1343 2010 1430 2043 haud

102 2071 282 2111 spernenda
311 2078 447 2109 manus,
470 2070 611 2109 quinque
634 2067 796 2108 praetoriae
821 2066 972 2098 cohortes
995 2067 1026 2096 et
1048 2063 1193 2104 equitum
1212 2060 1330 2092 vexilla
1354 2066 1430 2089 cum

102 2118 225 2158 legione
252 2118 376 2158 prima,
399 2126 436 2148 ac
458 2117 603 2147 deforme
626 2116 757 2156 insuper
778 2113 931 2145 auxilium
948 2136 957 2152 ,
979 2111 1044 2142 duo
1066 2109 1167 2142 millia
1192 2107 1406 2148 gladiatorum
1420 2127 1429 2143 ,

103 2165 157 2197 sed
174 2174 229 2206 per
251 2165 359 2196 civilia
381 2173 469 2195 arma
491 2164 587 2195 etiam
604 2163 725 2195 severis
748 2161 885 2193 ducibus
909 2161 1111 2199 usurpatum.
1132 2156 1182 2187 his
1202 2154 1302 2195 copiis
1324 2152 1430 2184 rector

105 2251 186 2275 falsus
198 2251 269 2273 Nero
284 2251 308 2273 in
326 2250 393 2275 Asia,
410 2256 458 2274 suo
471 2250 580 2273 nomine
592 2249 737 2274 Terentius
748 2247 947 2272 Maximus—2.
963 2245 991 2268 V.
1000 2249 1081 2272 supra
1094 2242 1120 2272 l,
1134 2246 1172 2266 5⁴.

134 2287 166 2310 X.
180 2292 199 2309 r.
215 2286 318 2314 Nuper.
332 2286 369 2309 De
385 2285 460 2309 Vibio
473 2286 567 2315 Crispo
585 2283 772 2308 memorabiles
783 2288 876 2307 versus
889 2281 952 2304 sunt
965 2278 1114 2305 Juvenalis,
1129 2277 1188 2300 Sat.
1202 2276 1244 2304 lV,
1256 2280 1280 2298 ει
1297 2271 1422 2302 seqq—2

105 2321 203 2345 Praeter
223 2321 294 2344 hunc
318 2322 451 2344 terrorem
473 2325 505 2344 cx
521 2320 768 2343 senatusconsulto.
783 2323 843 2341 —5.
863 2317 902 2341 De
911 2321 963 2346 quo
980 2315 1054 2338 Ann-
1068 2313 1136 2339 XIV,
1154 2316 1191 2335 28.
1208 2308 1381 2335 incubuerat
1395 2307 1430 2331 ob

105 2361 211 2380 sensum
225 2356 392 2379 construitur
406 2357 442 2378 ut.
458 2355 608 2378 studuerat.

134 2390 179 2415 Xl.
193 2396 211 2415 ι.
228 2391 264 2415 De
275 2396 327 2420 qua
340 2393 413 2415 Anu.
427 2391 494 2419 Xiv,
513 2395 541 2414 29
555 2395 622 2419 sqq„
641 2389 738 2420 Ayrzc.
757 2393 782 2412 c.
798 2392 824 2411 uz
837 2391 895 2417 sqq.
914 2387 979 2410 Eam
990 2384 1128 2415 legionem
1140 2382 1173 2408 ut
1183 2379 1344 2412 potissimos
1358 2377 1430 2402 Nero
