1539 2668
146 223 208 254 460
494 224 529 253 C.
554 223 742 253 CORNELII
764 222 898 252 TACITI
920 225 1135 253 GERMANIA.

145 306 223 329 num
237 321 245 336 ,
262 296 349 337 quod
370 297 431 337 ipsi
449 297 601 337 9l0sum7
624 298 764 335 vocant,
782 296 867 328 inter
884 297 966 328 vada
982 300 1080 338 atque
1100 298 1132 328 in
1150 297 1221 338 ipso
1235 298 1330 330 litore
1345 298 1466 338 legunt.

143 353 220 383 nec,
242 353 313 384 quae
340 347 456 375 natura
481 353 594 383 quaeve
622 344 705 374 ratio
731 344 857 383 gignat,
887 346 923 376 ut
944 344 1106 381 barbaris,
1133 346 1305 384 quaesitum
1330 354 1469 385 comper-

143 393 268 422 tumve.
292 391 346 421 diu
373 391 449 431 quin
476 392 574 421 etiam
603 391 686 422 inter
711 394 816 421 cetera
842 392 1050 431 ejectamenta
1077 392 1173 422 maris
1193 392 1340 430 jacebat,
1366 393 1469 424 donec

144 438 270 468 luxuria
291 439 398 468 nostra
421 438 510 468 dedit
533 447 649 468 nomen
663 437 688 468 ⁸.
711 438 788 477 ipsis
804 438 836 468 in
855 439 941 469 nullo
961 448 1018 469 usu
1032 440 1043 457 '³
1065 448 1072 469 :
1093 439 1171 469 rude
1188 439 1316 478 legitur,
1334 440 1469 471 informe

143 485 324 523 perfertur,
351 485 552 524 pretiumque
576 485 730 515 mirantes
746 485 920 525 accipiunt.
940 495 1074 516 succum
1098 488 1205 516 tamen
1227 486 1377 517 arborum
1403 496 1469 518 esse

142 532 317 571 intelligas,
334 532 409 571 quia
422 534 550 571 terrena
564 532 713 571 quaedam
728 534 825 571 atque
840 533 937 563 etiam
954 533 1098 564 volucria
1117 533 1266 563 animalia
1282 534 1470 574 plerumque

143 578 355 617 interlucent,
371 587 442 617 quse
458 579 621 618 implicata
637 579 769 610 liumore
788 588 863 609 mox
877 580 1068 611 durescente
1085 580 1221 611 materia
1237 581 1413 612 cluduntur
1428 582 1469 612 ¹⁰.

144 625 330 655 secundiora
346 626 441 663 igilur
455 634 586 656 nemora
601 626 771 665 lucosque,
790 627 873 657 sicut
890 627 1022 657 orientis
1037 627 1187 665 secretis,
1208 627 1260 657 ubi
1282 630 1353 659 tura
1370 628 1472 659 balsa-

146 681 261 711 maque
278 672 449 709 sminntur,
474 673 518 703 ita
536 672 715 703 occidentis
734 673 848 704 insulis
869 673 1030 713 terrisque
1048 674 1150 704 inesse
1166 674 1378 714 crediderim,
1398 684 1471 715 quae

144 718 243 749 vicini
258 719 335 749 solis
351 719 447 749 radiis
462 728 612 759 expressa
626 721 723 759 atque
738 720 892 759 liquentia
908 721 939 750 in
956 721 1137 759 proximum
1154 729 1240 751 mare
1255 721 1420 761 labuntur,
1435 732 1472 753 ac

146 765 177 795 vi
193 766 422 805 tempestatum
442 767 471 796 in
491 767 627 796 adversa
645 767 738 797 litora
755 767 922 797 exundant
939 767 977 798 ¹¹.
999 767 1023 796 si
1042 769 1189 797 naturam
1209 768 1328 798 succini
1344 769 1472 801 admoto

145 812 217 851 igne
241 814 367 847 tentes,
397 814 427 843 in
456 814 588 844 modum
610 813 702 844 toedae
727 814 916 845 accenditur
942 814 1062 854 alitque
1084 813 1244 845 flammam
1264 816 1415 855 pinguem
1441 816 1486 848 et'

145 859 284 890 olentem
302 872 309 898 ;
326 870 400 890 mox
417 863 451 891 ut
466 861 497 890 in
512 861 616 900 picem
634 860 817 892 resinamve
833 861 992 892 lentescit.
1009 861 1184 892 Suionibus
1201 862 1347 893 Sitonum
1365 866 1474 902 gentes

148 907 393 938 continuantur.
412 909 519 938 cetera
535 907 668 945 simileS,
688 917 753 938 uno
772 908 950 948 disserunt,
967 907 1056 947 quod
1072 908 1190 939 femina
1207 909 1393 941 dominatur
1413 920 1421 941 ε
1441 911 1472 940 in

145 956 273 984 tantum
299 965 363 985 non
392 956 488 986 modo
516 964 534 986 a
562 955 733 994 libertate,
755 955 811 986 sed
830 956 929 987 etiam
956 965 974 986 a
998 955 1158 987 servitute
1178 956 1387 996 degenerant.
1415 958 1473 988 Hic

147 1001 272 1031 sueviae
293 1002 374 1032 linis.

187 1049 293 1080 XLVI.
320 1049 533 1079 Peucinorum
554 1049 853 1089 Venedorumque¹
878 1051 909 1079 et
933 1052 1116 1079 Fennorum
1139 1050 1284 1081 nationes
1309 1053 1474 1083 Germanis

147 1102 187 1124 an
204 1095 355 1125 Sarmatis
371 1096 529 1126 ascribam
547 1095 662 1126 dubito
676 1107 684 1133 ;
700 1104 884 1136 quanquam
903 1095 1047 1133 Peucini,
1063 1105 1143 1135 quos
1160 1097 1291 1135 quidam
1306 1100 1474 1130 Bastarnas

148 1144 284 1180 vocant,
306 1152 471 1181 sermone,
490 1143 597 1182 cultu,
615 1143 691 1173 sede
708 1152 745 1173 ac
770 1142 943 1172 domiciliis
964 1146 1002 1172 ut
1028 1144 1177 1174 Germani
1202 1146 1302 1183 agunt
1329 1155 1338 1176 ε
1364 1144 1474 1176 sordes

147 1189 294 1218 omnium
317 1198 353 1219 :ic
373 1192 483 1228 torpor
502 1198 670 1228 procerum
684 1213 692 1227 ‚
712 1189 882 1220 connubiis
902 1189 1023 1220 mixtos
1041 1190 1188 1221 nonnihil
1206 1190 1237 1220 in
1255 1193 1473 1222 Sarmatarum

147 1235 294 1265 habitum
313 1236 433 1267 foedant
446 1236 470 1265 ².
489 1237 610 1267 Venedi
628 1237 768 1268 multum
784 1245 824 1267 ex
840 1237 982 1267 moribus
996 1236 1007 1254 ³
1027 1239 1192 1268 traxerunt
1207 1249 1214 1268 :
1233 1247 1306 1268 nam
1321 1239 1475 1279 quicquid

147 1281 231 1313 inter
251 1283 408 1313 Peucinos
429 1287 618 1323 Fennosque
636 1283 792 1314 silvarum
813 1292 850 1314 ac
872 1284 1031 1314 montium
1048 1284 1196 1324 erigitur,
1215 1284 1389 1316 latrociniis
1410 1294 1474 1325 per-

148 1332 269 1361 errant.
287 1330 318 1360 bi
333 1332 442 1361 tamen
458 1331 541 1362 inter
557 1335 733 1362 Germanos
750 1331 857 1370 potius
875 1331 1071 1367 reseruntur,
1086 1331 1162 1370 qnia
1176 1334 1207 1362 et
1222 1331 1336 1363 domos
1352 1333 1475 1371 fingunt

147 1377 180 1406 et
197 1380 288 1407 scuta
306 1380 430 1416 gestant
448 1381 479 1408 et
495 1378 640 1417 peditum
656 1378 665 1395 ⁴
689 1387 744 1408 usu
766 1387 803 1408 ac
823 1378 1011 1417 pernicitate
1030 1379 1190 1417 gandent3
1211 1387 1285 1417 quae
1303 1380 1410 1410 omnia
1430 1380 1475 1410 di-

148 1431 241 1454 versa
259 1425 411 1455 Sarmatis
426 1427 513 1463 sunt,
534 1426 564 1455 in
586 1426 726 1464 plaustro
743 1434 891 1465 equoque
908 1425 1105 1457 viventibus.
1126 1425 1240 1456 Fennis
1258 1426 1337 1456 inira
1352 1427 1473 1465 servam,

149 1469 233 1501 foeda
252 1475 426 1511 paupertas
448 1483 455 1502 :
476 1481 540 1502 non
559 1481 646 1502 arma
661 1497 668 1511 ‚
688 1482 751 1502 non
775 1472 849 1511 equi
863 1497 870 1508 ,
892 1481 955 1502 non
979 1474 1129 1512 penates;
1156 1473 1257 1502 victui
1277 1472 1395 1511 herba,
1422 1483 1460 1505 ve

147 1518 239 1548 siitui
259 1519 372 1558 pelles,
395 1519 501 1549 cubile
522 1519 651 1550 liumus.
671 1520 740 1549 sola
758 1519 788 1549 in
807 1520 934 1555 saeillis
951 1528 1022 1558 spes
1037 1543 1044 1557 ,
1064 1528 1144 1558 quas
1158 1544 1165 1557 ‚
1188 1519 1294 1558 inopia
1312 1520 1407 1558 ferri,
1424 1529 1474 1551 os-

147 1564 238 1595 sibus
260 1570 408 1605 asperant
424 1567 448 1597 ⁵.
475 1566 625 1606 idemque
647 1570 784 1597 venatus
803 1566 889 1596 viros
906 1568 1027 1606 pariter
1047 1575 1083 1596 ac
1106 1567 1239 1596 seminas
1256 1566 1313 1597 alit
1332 1577 1338 1596 ;
1357 1567 1475 1606 passim

149 1613 232 1643 enim
251 1614 453 1643 comitantur
471 1616 661 1653 partemque
678 1613 794 1652 priedae
818 1615 944 1653 petunt.
961 1622 1021 1643 nec
1037 1613 1120 1643 aliud
1140 1613 1317 1643 infantibus
1336 1613 1474 1644 serarum

148 1659 365 1698 imbriumque
388 1660 563 1699 suffugium
580 1684 587 1697 ‚
614 1669 711 1699 quam
733 1662 769 1690 ut
786 1660 820 1690 in
839 1660 947 1698 aliquo
967 1668 1131 1689 ramorum
1149 1668 1233 1689 nexu
1252 1662 1474 1699 contegantur.

147 1706 211 1736 huc
232 1706 368 1736 redeunt
383 1707 519 1745 juvenes
532 1731 540 1745 ,
563 1707 622 1737 lioc
644 1716 758 1737 senum
780 1707 1032 1746 receptaculum.
1049 1706 1104 1737 sed
1122 1706 1247 1737 beatius
1267 1706 1473 1745 arbitrantur,

146 1760 244 1790 quam
263 1753 421 1791 ingemere
442 1753 524 1791 agris
539 1777 547 1792 ,
572 1753 743 1784 illaborare
763 1754 917 1784 domibus
930 1777 938 1792 ,
956 1762 1032 1783 suas
1057 1753 1242 1792 alienasque
1261 1753 1405 1784 fortunas
1421 1763 1476 1794 spe

149 1800 304 1838 metuque
318 1808 445 1830 versare
457 1801 482 1829 ’ἢ
501 1800 607 1830 securi
622 1800 777 1830 adversus
795 1800 943 1830 homines
955 1824 963 1837 ‚
982 1800 1085 1830 securi
1105 1799 1259 1830 adversus
1280 1799 1391 1839 deos⁷‚
1409 1809 1476 1832 rem

149 1845 371 1876 difficillimam
394 1847 530 1877 assecuti
547 1849 642 1885 sunt,
662 1848 697 1877 ut
716 1847 777 1877 illis
793 1856 833 1877 ne
852 1849 927 1877 voto
945 1847 1076 1886 quidem
1093 1855 1173 1886 opus
1190 1847 1286 1878 esset.

189 1895 300 1923 Cetera
315 1893 381 1930 jani
404 1893 548 1923 fabulosa
572 1903 579 1923 2
608 1894 765 1925 Hellusios
781 1895 813 1924 et
838 1894 980 1924 Oxionas
1003 1902 1059 1923 ora
1086 1894 1254 1924 hominnm
1281 1893 1452 1933 vultusque
1467 1917 1475 1931 ,
1515 1911 1518 1915 ·

147 1949 282 1979 corpora
301 1942 399 1979 atque
424 1941 511 1971 artus
536 1941 676 1971 ferarum
697 1949 804 1980 gerere
819 1941 854 1981 8;
880 1940 966 1980 quod
991 1949 1071 1980 ego,
1097 1943 1133 1972 ut
1156 1940 1418 1980 incompertum,
1444 1940 1477 1971 in

153 1986 296 2016 medium
316 1987 495 2027 relinquam
507 1988 532 2017 ⁹.

154 2051 252 2073 omnia.
275 2052 357 2073 Erant
377 2051 427 2074 illa:
446 2057 571 2080 aprorum
593 2051 686 2075 formae
705 2058 753 2081 pro
772 2051 960 2075 amuletis—7.
981 2052 1014 2075 Ut
1032 2051 1203 2080 pellucidum.
1226 2052 1365 2080 Hodieque
1387 2057 1472 2080 germ-

153 2086 229 2114 CIas,
250 2086 362 2111 vitrum:
385 2087 484 2113 (ilanz,
499 2087 634 2116 splendor.
647 2100 675 2104 —
686 2094 706 2111 8.
726 2088 842 2110 Famam.
855 2100 879 2102 *—
892 2092 915 2109 a.
930 2087 1061 2109 Nimirum
1076 2087 1109 2110 ad
1125 2087 1263 2110 luxuriam.
1276 2086 1342 2109 Nam
1354 2087 1476 2109 Germani

150 2121 180 2143 ut
198 2121 267 2149 ignis
285 2123 397 2144 materia
413 2122 561 2145 utebantur
576 2124 602 2146 et
619 2123 831 2149 combure-baum
852 2122 923 2144 unde
938 2128 1036 2144 nomen
1054 2122 1123 2151 apud
1140 2122 1211 2150 ipsos
1231 2120 1385 2147 Rei-nstein,
1402 2124 1477 2149 quasi

150 2156 224 2179 dicas
240 2155 305 2184 lapis
321 2157 490 2180 usulis-io.
507 2158 601 2186 Qualia
616 2159 688 2181 canit
703 2157 832 2181 Martialis
846 2157 943 2186 Epiqr.
961 2157 1003 2184 lV,
1019 2162 1047 2180 52
1061 2159 1089 2180 et
1102 2162 1144 2184 35η
1160 2157 1200 2185 Vl,
1215 2161 1250 2179 is.
1261 2168 1290 2172 —
1303 2161 1336 2178 ii.
1353 2155 1416 2178 Vide
1429 2156 1483 2185 Pii--

152 2191 225 2213 nium
238 2191 310 2214 Ilist.
325 2193 384 2215 uae.
400 2192 530 2221 XXXVII,
543 2198 563 2220 3,
580 2193 593 2222 ξ
611 2199 644 2217 ³2.

180 2226 268 2249 XLVl.
286 2232 303 2248 ι.
321 2227 468 2251 Manuserr.
489 2227 744 2252 Venetormn.——2.
759 2227 811 2251 Sed
830 2227 936 2250 sordida
957 2227 1012 2250 vita
1027 2227 1147 2250 omnium
1162 2227 1189 2249 et
1203 2231 1346 2255 procerum
1366 2226 1477 2254 torpens

152 2261 236 2284 otium
252 2260 323 2288 illos,
339 2262 382 2290 qui
406 2262 487 2285 etiam
506 2264 649 2286 connubiis
663 2263 826 2287 misceantur
841 2268 901 2286 cum
916 2263 1059 2290 Sarmatis,
1085 2261 1166 2285 soedat
1177 2263 1205 2284 et
1226 2266 1369 2290 corporum
1383 2259 1478 2283 habitu

152 2296 281 2320 Sarmatis
297 2302 379 2325 prope
395 2297 494 2320 similes
511 2299 607 2322 reddit.
624 2299 704 2323 Editt.
719 2298 855 2322 mixtis...
869 2298 1029 2327 saedantur.
1050 2297 1101 2321 Sed
1121 2297 1224 2320 mixtos
1245 2296 1309 2319 boni
1328 2300 1476 2318 manuscrr.

152 2336 309 2354 omnes—5.
326 2333 365 2354 sc.
382 2333 627 2357 Sarmatariun.—4.
645 2335 680 2357 lie
695 2334 816 2363 peditatu
830 2334 1024 2357 Germanorum
1040 2332 1140 2355 dictum
1156 2337 1177 2355 c.
1192 2336 1267 2354 c.—:;.
1284 2332 1316 2355 Ut
1329 2331 1477 2354 etiamnum

153 2366 279 2389 Sim-rica*
288 2368 381 2394 gentes
396 2368 666 2396 mummius-ovelut
680 2370 829 2398 praesertim
844 2368 1028 2397 negotiatores
1038 2375 1042 2395 ;
1052 2367 1207 2396 abnegotiis
1215 2366 1293 2390 ctiam
1309 2364 1477 2389 et'commer-
1526 2381 1529 2389 2

155 2401 204 2425 ciis
218 2401 307 2427 alieni,
323 2403 351 2424 ut
368 2402 400 2424 ab
413 2404 484 2426 omni
500 2409 528 2426 re
541 2410 598 2431 quar
612 2404 644 2427 de
660 2404 777 2428 fortuitis
789 2405 814 2427 et
825 2405 924 2427 eventu
936 2402 1045 2432 pendet.
1058 2415 1078 2418 ψ
1096 2407 1118 2425 7.
1135 2403 1166 2425 Ut
1182 2402 1278 2430 quibus
1294 2407 1342 2424 uec
1356 2400 1478 2424 homiues

155 2442 206 2460 nec
224 2435 259 2458 dii
273 2436 372 2465 aliquid
387 2438 505 2460 adimere
520 2440 630 2467 possint.
643 2452 670 2457 —
682 2445 703 2462 8.
720 2440 756 2462 De
771 2439 868 2467 quibus
883 2438 957 2467 plura
973 2437 1072 2461 Plinius
1086 2437 1160 2460 ΙΙιεῑΔ
1181 2438 1241 2460 mit.
1260 2436 1303 2463 lv,
1322 2441 1360 2462 15,
1376 2435 1388 2464 ξ
1402 2440 1439 2458 95.
1450 2447 1476 2450 —
1524 2430 1538 2454 ὦ

153 2476 177 2494 9-
194 2471 222 2494 Α-
241 2471 340 2494 Gellius
358 2472 428 2495 XYH
439 2491 444 2500 ,
457 2478 470 2495 2
486 2480 490 2495 :
509 2483 522 2492 α
537 2475 602 2500 Nos,
618 2474 717 2502 inquit,
734 2476 763 2497 ιή
777 2474 900 2496 medinm
917 2472 1117 2501 relinquemus:
1134 2472 1229 2501 vulgus
1250 2472 1277 2494 iu
1294 2470 1384 2493 medio
1404 2469 1476 2493 dicit.

154 2506 205 2529 Sed
219 2506 283 2529 illud
298 2506 462 2535 probabilius
476 2509 725 2538 significantiusque
739 2509 791 2532 dici
808 2508 953 2536 videbitur,
969 2507 989 2529 si
1004 2508 1062 2536 quis
1077 2513 1107 2531 ea
1123 2507 1205 2530 verba
1221 2512 1274 2530 nou
1289 2505 1422 2529 incuriose
1437 2505 1477 2528 in-

157 2542 303 2571 trospiciat,
319 2550 330 2561 ιν
345 2542 399 2565 etc.
