1539 2668
503 155 538 183 Α.
563 155 601 184 U.
627 159 663 188 C.
682 156 752 185 822.
777 158 813 184 A.
838 157 871 186 C.
897 156 948 185 69.
1326 160 1390 190 291⁴

73 232 179 261 Nonas
198 228 383 260 ianuarias*
397 230 530 263 *Vitellio
556 231 702 263 accessit.
724 229 820 261 scires
845 228 936 260 illum
963 229 1067 269 priore
1084 229 1182 261 biduo
1208 240 1270 262 nou
1291 242 1386 273 penes

74 275 304 317 rempublicam
320 275 332 293 ²
352 275 457 308 fuisse.
483 279 628 310 ardorem
644 277 842 310 exercituum
861 276 1121 317 Agrippinenses,
1152 280 1298 318 Treveri,
1316 281 1386 312 Lin-

74 332 171 364 gones
187 322 370 363 aequabant,
387 325 538 366 auxilia,
552 334 671 367 equos,
687 332 802 362 arma,
814 325 979 364 pecunias
991 323 1164 356 offerentes
1175 349 1183 364 ‚
1199 328 1235 356 ut
1250 327 1387 367 quisque

75 378 205 411 corpore
220 394 228 409 ‚
247 369 379 410 opibus,
396 370 522 410 ingenio
535 373 547 392 ³
575 373 711 404 validus.
737 380 795 402 nec
814 371 972 411 principes
997 371 1092 403 modo
1116 372 1313 404 coloniarum
1331 375 1389 405 aut

74 419 269 457 castrorum,
287 417 401 457 quibus
415 420 586 459 praesentia
607 429 645 451 ex
662 419 805 450 aftluenti
819 417 828 436 ⁴
849 420 881 449 et
897 420 986 458 parta
1002 418 1135 449 victoria
1154 427 1276 459 magnae
1290 429 1362 460 spes
1378 430 1386 450 :

75 466 131 497 sed
152 464 304 504 manipuli
331 473 458 505 quoque
475 468 506 498 et
523 467 685 507 gregarius
709 465 800 497 miles
820 465 936 496 viatica
955 474 1013 496 sua
1035 467 1066 497 et
1091 465 1214 498 balteos
1229 467 1389 507 phaleras-

74 521 136 552 que
147 512 172 551 ⁵,
191 511 326 551 insignia
342 520 504 544 armorum
519 516 649 554 argento
665 513 780 544 decora
795 513 863 544 loco
878 513 1021 552 pecuniae
1037 513 1217 553 tradebant,
1235 515 1388 546 instinctu

72 556 104 591 et
125 560 245 598 impetu
263 560 295 590 et
311 560 454 591 avaritia.

111 609 217 637 LVIII.
243 606 341 645 Igitur
356 606 486 639 laudata
499 607 639 639 militum
657 607 819 639 alacritate
833 606 978 638 Vitellius
993 606 1173 639 ministeria
1187 609 1388 650 principatus

71 661 128 693 per
141 653 270 684 libertos
283 654 332 693 agi
354 655 446 685 solita
468 654 501 685 in
519 655 646 695 Equites
669 659 830 686 Romanos
851 654 990 694 disponit
998 666 1007 694 ;
1027 656 1207 687 vacationes
1227 657 1389 688 centurio-

72 700 166 731 nibus
181 709 220 731 ex
237 700 314 731 fisco
331 703 494 742 numerat3
509 701 666 733 saevitiam
683 702 822 733 militum
836 701 1004 741 plerosque
1019 702 1058 732 ad
1075 711 1201 742 poenam
1218 712 1389 743 exposcen-

72 747 154 779 tium
167 748 283 787 saepius
297 747 472 787 approbat,
488 750 604 788 partim
629 748 833 780 simulatione
856 748 1058 780 vinculorum
1084 749 1265 781 frustratur.
1293 755 1388 783 Pom-

72 794 162 834 peius
177 794 378 834 Propinquus
392 797 578 834 procurator
588 796 720 835 Belgicae
733 796 840 827 statim
853 795 1065 837 interfectus¹.
1075 797 1194 827 Julium
1204 798 1389 830 Burdonem

71 842 265 872 Germanicae
284 841 395 872 classis
411 842 601 882 praesectum
619 846 689 874 astu
712 842 882 873 subtraxit.
901 845 1061 873 exarserat
1079 843 1111 873 in
1127 853 1199 874 eum
1223 845 1390 877 iracundia

70 888 240 927 exercitus,
258 890 409 928 tauquam
426 888 547 920 crimen
563 899 600 921 ac
618 899 693 921 mox
717 889 851 920 insidias
876 889 1007 920 Fonteio
1032 890 1175 929 Capitoni
1203 892 1386 925 struxisset.

64 938 157 977 *grata
170 938 236 968 erat
249 937 404 969 memoria
421 939 602 978 Capitonis3
624 942 656 971 et
681 938 764 979 apud
792 938 964 970 saevientes
987 938 1134 970 occidere
1155 940 1260 979 palam
1273 965 1281 979 ,
1301 941 1390 981 igno-

68 993 155 1016 scere
170 993 233 1016 non
249 984 309 1016 nisi
331 985 467 1016 sallendo
484 986 610 1017 licebat.
641 986 686 1017 ita
710 986 743 1016 in
760 985 907 1018 custodia
931 985 1060 1017 babitus
1080 987 1112 1017 et
1130 988 1202 1026 post
1219 988 1389 1019 victoriam

69 1031 216 1070 demum,
241 1032 348 1064 stratis
363 1031 374 1050 ²
395 1033 461 1072 Jam
489 1033 626 1064 militum
644 1033 744 1072 odiis,
766 1032 919 1064 dimissus
937 1035 996 1064 est.
1026 1033 1155 1064 interim
1173 1037 1207 1065 ut
1226 1034 1388 1074 piaculum

64 1078 217 1117 objicitur
230 1079 374 1110 centurio
391 1079 567 1119 Crispinus.
587 1079 741 1119 sanguine
757 1079 921 1119 Capitonis
938 1088 971 1111 se
985 1082 1209 1112 cruentaverat
1221 1093 1229 1121 ;
1243 1090 1343 1122 eoque
1357 1084 1390 1114 et

70 1125 302 1164 postulantibus
319 1126 516 1157 manifestior
531 1129 564 1157 et
578 1126 724 1166 punienti
739 1126 833 1157 vilior
847 1126 916 1157 suit.

113 1176 187 1203 LIX.
214 1172 318 1203 Julius
331 1172 447 1203 deinde
461 1173 572 1204 Civilis
589 1173 729 1213 periculo
747 1174 934 1212 exemptus,
954 1176 1135 1212 pra‘potcns
1149 1174 1388 1216 miei-Batavos,

71 1228 108 1250 ne
127 1219 285 1259 supplicio
312 1219 379 1258 eJ'us
403 1220 487 1250 ferox
507 1228 580 1259 gens
603 1220 805 1251 alienaretur.
836 1222 868 1251 et
893 1222 982 1251 eraut
1006 1220 1038 1250 in
1058 1220 1188 1252 civitate
1209 1223 1390 1263 Lingonum

70 1268 143 1296 ocio
158 1268 350 1297 Batavorum
369 1266 515 1297 cohortes
528 1290 536 1304 ,
554 1267 814 1306 quarta‘decimae
841 1266 971 1306 legionis
986 1267 1105 1298 auxilia
1118 1292 1126 1307 ,
1142 1270 1211 1299 tum
1228 1269 1390 1304 discordia

66 1315 250 1353 temporum
277 1323 295 1344 a
312 1313 434 1352 legione
455 1312 603 1353 digressae
616 1338 624 1352 ,
649 1316 742 1354 prout
767 1314 990 1350 inclinassent,
1017 1315 1136 1353 grande
1158 1320 1358 1349 momentum
1374 1318 1387 1337 ⁴

69 1361 164 1390 socia·
191 1363 245 1391 aut
268 1361 420 1391 adversae.
444 1360 602 1398 Nonium,
622 1361 812 1400 Donatium,
836 1360 1029 1399 nomiliam,
1044 1361 1251 1402 Calpurnium
1277 1368 1387 1397 centu·

71 1407 173 1439 riones
185 1431 193 1445 ,
207 1407 246 1439 de
262 1408 378 1448 quibus
395 1417 491 1447 supra
505 1408 676 1439 retulimus
691 1407 716 1446 ²,
731 1408 831 1439 occidi
844 1408 937 1447 J'ussit
959 1407 1127 1441 damnatos
1147 1410 1218 1442 fidei
1235 1412 1389 1453 crimine,

70 1455 257 1496 gravissimo
276 1454 358 1486 inter
375 1454 600 1486 desciscentes.
623 1464 785 1487 accessere
807 1455 951 1496 partibus
964 1456 1110 1487 Valerius
1128 1457 1306 1498 Asiaticus,
1323 1459 1390 1491 Bel-

70 1503 148 1543 gicae
162 1502 335 1542 provinciae
348 1501 489 1541 legatus,
506 1511 601 1542 quem
626 1512 700 1533 mox
720 1502 867 1534 Vitellius
894 1512 1046 1542 generum
1063 1504 1196 1543 ascivit,
1219 1507 1250 1537 et
1272 1506 1390 1537 Junius

70 1550 204 1589 Blaesus,
224 1549 445 1589 Lugdunensis
461 1550 570 1581 Galliae
595 1552 712 1590 rector,
734 1559 806 1581 cum
826 1549 933 1581 italica
948 1550 1070 1590 legione
1087 1554 1119 1582 et
1136 1552 1185 1583 ala
1200 1554 1340 1585 Taurina
1356 1554 1367 1573 ³
1379 1580 1388 1595 ,

67 1597 216 1638 ‹Lugduni
236 1595 452 1628 tendentibus.
473 1605 532 1628 nec
551 1597 583 1628 in
600 1597 730 1629 Raeticis
750 1597 850 1637 copiis
873 1606 984 1637 mora,
1011 1599 1187 1638 quominus
1203 1600 1315 1632 statim
1331 1602 1389 1633 ad-

67 1646 289 1687 jungerentur.
308 1653 347 1676 ne
363 1644 396 1675 in
415 1644 575 1676 Britannia
597 1645 727 1685 qui-dem
739 1645 933 1677 dubitatum.

111 1696 171 1724 Lx.
194 1692 333 1722 Praeerat
361 1691 538 1723 Trebellius
564 1694 728 1723 Maximus
747 1693 770 1732 ¹,
792 1701 846 1732 per
866 1692 1032 1724 avaritiam
1058 1702 1095 1724 ac
1116 1693 1225 1725 sor-des
1248 1696 1390 1728 contem-

73 1740 145 1780 ptus
158 1738 313 1769 exercitui
323 1738 729 1778 iiivisusque.acce11‹lebat
742 1739 852 1770 odium
876 1739 945 1777 ejus
969 1741 1105 1772 Roscius
1125 1741 1241 1772 Caelius
1267 1742 1390 1782 legatus

70 1785 235 1819 vicesimae
252 1784 384 1823 legionis
398 1784 425 1823 ²,
440 1785 515 1816 olim
532 1786 671 1825 discors,
688 1786 742 1817 sed
760 1785 928 1817 occasione
951 1786 1093 1818 civilium
1119 1797 1283 1820 armorum
1307 1791 1392 1822 atro—

73 1835 143 1867 cius
162 1834 361 1874 proruperat.
377 1831 552 1863 Trebellius
565 1833 763 1864 seditionem
777 1835 810 1863 et
825 1831 1008 1871 confusum
1021 1833 1177 1865 ordinem
1201 1834 1392 1875 disciplima

74 1881 171 1916 Caelio
185 1903 194 1919 ,
211 1879 381 1919 spoliatas
404 1880 436 1909 et
454 1880 565 1919 inopes
582 1880 726 1919 legiones
748 1879 863 1911 Caelius
889 1878 1047 1910 Trebellio
1069 1880 1270 1922 objectabat,
1289 1891 1394 1922 quum

75 1927 200 1961 interim
216 1926 305 1957 scedis
322 1926 497 1964 legatorum
523 1926 754 1958 certaminibus
769 1925 924 1957 modestia
940 1927 1097 1958 exercitus
1119 1930 1268 1968 corrupta
1288 1938 1395 1970 eoque

75 1974 245 2008 discordiae
260 1974 394 2005 ventum
408 1997 416 2012 ,
435 1974 470 2004 ut
486 1973 687 2005 auxiliarium
705 1982 834 2014 quoque
851 1972 991 2004 militum
1016 1975 1169 2006 conviciis
1184 1976 1395 2016 proturbatus

69 2025 107 2056 et
122 2020 364 2062 aggregantibus
380 2028 413 2052 se
428 2021 527 2052 Caelio
549 2021 734 2053 cohortibus
751 2020 872 2062 alisque
883 2044 891 2059 ,
908 2020 1051 2053 desertus
1078 2022 1253 2054 Trebellius
1273 2024 1313 2055 ad
1342 2025 1395 2056 Vi-

103 2108 216 2133 »LVII-1.
227 2108 274 2132 Die
288 2113 302 2131 a
315 2108 429 2132 sau-2.
443 2107 463 2132 A
483 2107 606 2137 partibus
627 2108 794 2137 reipublicae,
819 2108 1018 2133 libertatis—3.
1035 2109 1171 2139 sollertia,
1188 2111 1342 2136 tuleras-⁴.
1361 2111 1394 2135 Ut

69 2155 190 2180 ‚graecum
206 2144 242 2175 ἐκ.
255 2145 408 2185 περιττοῦ,
424 2150 630 2179 proadjectivo,
645 2150 781 2174 affluentia
798 2150 887 2174 erant.
901 2162 931 2167 ——
947 2154 971 2174 s.
984 2150 1016 2175 Et
1030 2155 1162 2180 equorum
1174 2152 1201 2175 et
1215 2152 1337 2181 equitum
1353 2152 1391 2177 iu-

76 2186 161 2215 signia
175 2184 207 2208 de
223 2186 336 2214 pectore
349 2186 470 2214 pensilia.

97 2263 99 2265 .
116 2261 122 2265 .
152 2259 158 2264 .
205 2259 217 2276 9

71 2260 231 2318 Ῑηὶξξνέο.
246 2294 344 2319 futurae
367 2297 400 2320 iis
413 2298 535 2327 partibus
556 2297 653 2328 quibus
666 2298 746 2322 sociae
763 2299 810 2322 aut
826 2298 946 2323 adversae
959 2298 1115 2324 forent—2.
1131 2300 1194 2330 Cap.
1216 2305 1252 2324 sc.
1272 2299 1349 2325 Fidei
1362 2299 1390 2324 in

76 2329 184 2353 Galbam
196 2331 371 2355 servatae—⁵.
386 2334 469 2357 Erant
479 2334 584 2363 equites
596 2334 623 2357 in
635 2334 759 2358 Taurinis
770 2334 846 2358 lecti.

105 2363 154 2387 LX.
169 2370 191 2388 ι.
206 2365 246 2389 De
259 2370 312 2395 quo
327 2368 423 2396 Ayrt’c.
439 2374 460 2392 c.
478 2369 628 2399 is.—2.,Cui
639 2370 770 2393 successit
784 2369 910 2400 Agricola
923 2370 952 2395 in
965 2371 1112 2401 Britannia,
1123 2370 1159 2396 ib.
1172 2376 1196 2395 c.
1211 2375 1233 2395 ⁷.

107 2224 191 2250 Lvlli.
210 2229 232 2247 ¹.
255 2225 323 2250 Vide
341 2231 365 2250 c.
387 2232 480 2251 12.—-2.
498 2226 627 2251 Similiter
637 2227 758 2252 Statius:
778 2227 854 2260 Quid
879 2226 931 2253 tun·
944 2228 1095 2252 constrata
1111 2233 1309 2253 mansuescere
1325 2235 1391 2259 pro·
1418 2206 1433 2265 (χ
