1539 2668
529 229 623 256 VITA
647 228 744 256 JULlI
768 228 981 256 AGRICOLAE.
1033 239 1035 242 ⁴
1356 225 1416 257 437

98 310 230 333 suorum
259 302 455 341 pugnaretur
467 324 476 339 ‚
503 300 645 331 diductis
669 300 852 338 ordinibus,
880 308 1078 340 quamquam
1106 299 1284 339 porrectior
1295 297 1307 317 ³
1334 297 1419 330 acies

97 348 207 380 sutura
224 350 311 387 erat,
330 349 362 379 et
381 347 586 379 arcessendas
606 348 747 387 plerique
770 347 912 387 legiones
933 346 1169 386 admonebant,
1192 346 1371 387 promptior
1386 345 1421 378 in

97 403 186 436 spem
200 397 233 427 et
246 395 357 427 firmus
370 394 513 426 adversis
524 419 532 434 ,
550 394 682 426 dimisso
698 404 780 436 equo
794 398 868 426 ante
883 395 1000 426 vexilla
1015 394 1168 426 constitit.

139 446 272 474 XXXVI.
291 447 335 473 Ac
355 442 460 482 primo
477 450 649 481 congressu
673 442 801 473 eminus
817 441 1022 481 certabatur3
1039 441 1199 481 simulque
1217 439 1420 480 constantia,

98 491 194 523 simul
210 492 278 521 arte
294 489 435 521 Britanni
452 489 637 529 ingentibus
654 489 767 529 gladiis
783 491 815 521 et
831 489 985 520 brevibus
1001 489 1116 520 cetris¹
1138 488 1271 519 missilia
1293 489 1421 519 nostro-

98 546 170 568 rum
187 537 290 568 vitare
310 536 361 567 vel
379 539 547 575 excutere,
562 537 660 576 atque
679 535 739 576 ipsi
760 545 909 576 maguam
923 536 991 567 vim
1011 536 1150 567 telorum
1168 534 1422 576 superfundere3

99 584 200 615 donec
222 583 368 623 Agricola
383 585 447 614 tres
470 585 666 614 Batavorum
683 584 833 615 cohortes
855 592 893 614 ac
916 587 1118 622 Tungrorum
1140 582 1220 613 duas
1238 582 1425 613 cohortatus

99 632 165 670 est,
181 632 218 662 ut
238 639 307 662 rem
328 630 368 661 ad
384 639 557 661 mucrones
576 640 613 661 ac
635 639 751 662 manus
768 630 986 669 adducerent;
1003 630 1088 670 quod
1110 632 1143 661 et
1164 629 1246 670 ipsis
1263 629 1426 660 vetustate

100 678 227 709 militiae
241 678 455 709 exercitatum
468 704 477 718 ,
493 679 524 708 et
538 677 686 709 hostibus
700 678 842 720 inhabile
854 702 862 717 ‚
877 686 978 717 parva
990 678 1083 708 scuta
1096 679 1129 708 et
1141 684 1293 707 enormes
1306 675 1426 716 gladios

99 725 296 764 gerentibus.
315 734 390 756 nam
408 724 634 756 Britannorum
657 725 754 764 gladii
776 725 845 756 siue
861 733 1016 755 mucrone
1032 724 1237 764 complexum
1259 729 1425 754 armorum

99 774 132 804 et
148 772 181 803 in
198 775 309 812 aperto
326 780 465 812 pugnam
479 781 544 803 non
558 772 748 803 tolerabant.
768 772 867 811 igitur
882 773 919 802 ut
933 772 1042 803 Batavi
1059 773 1193 803 miscere
1210 771 1311 808 ictus,
1330 768 1427 800 ferire

101 818 319 858 umbonibus,
337 828 392 850 ora
409 819 549 857 foedare,
572 821 603 850 et
629 819 742 849 stratis
759 819 814 858 qui
837 818 870 848 in
892 827 987 858 aequo
1009 818 1221 856 obstiterant,
1248 817 1369 856 erigere
1394 815 1427 846 in

99 868 197 900 colles
219 869 321 899 aciem
345 877 470 908 coepere
490 870 628 899 :ceterae
649 868 797 899 cohortes
820 867 1027 899 aemulatione
1047 869 1078 898 et
1105 868 1226 907 impetu
1248 865 1428 897 commistae

100 914 268 955 proximos
285 923 431 955 quosque
448 915 589 953 cae'dere3
607 923 645 946 ac
664 915 809 955 plerique
825 915 1002 946 semineces
1018 918 1074 945 aut
1086 914 1202 953 integri
1220 912 1430 945 festinatione

100 960 246 993 victoriae
259 962 533 1002 relinquebantur.
550 962 684 993 Interim
699 962 844 1002 equitum
859 961 869 978 ²
885 963 1003 992 turmae
1020 961 1148 1000 fugere3
1165 959 1324 991 covinarii
1339 958 1429 999 pedi·

101 1010 170 1040 tum
193 1017 226 1040 se
251 1009 364 1048 pror-lio
382 1009 538 1040 miscuere
555 1018 562 1039 :
583 1012 632 1048 et,
654 1017 851 1048 quamquam
878 1011 1039 1040 recentem
1056 1010 1212 1040 terrorem
1230 1007 1430 1046 intulerant,

101 1055 209 1086 densis
221 1058 328 1087 tamen
347 1056 489 1087 hostium
504 1056 514 1073 ³
531 1055 715 1094 agminibus
730 1058 760 1086 ct
775 1056 986 1095 inaequalibus
1001 1055 1080 1086 locis
1093 1054 1268 1092 hmrebant,
1284 1053 1428 1085 minime·

103 1110 165 1142 que
182 1106 346 1142 equestres
362 1105 418 1141 (ea
439 1104 523 1133 enim
539 1111 654 1142 pugnae
672 1103 768 1133 facies
785 1104 896 1141 erat),
915 1112 1015 1142 quum
1033 1102 1144 1141 auriga
1158 1101 1167 1119 ⁴
1190 1103 1268 1132 tunc
1281 1100 1430 1132 adstante

102 1148 197 1180 simul
214 1158 372 1189 equorum
396 1149 584 1189 corporibus
601 1149 840 1189 impellerentur
854 1160 862 1187 3
883 1159 920 1180 ac
935 1158 1020 1189 saepe
1036 1149 1108 1188 vagi
1126 1157 1240 1179 currus
1252 1172 1260 1186 ,
1283 1148 1431 1179 exterriti

101 1194 172 1227 sine
185 1197 366 1229 rectoribus
379 1197 453 1237 equi
466 1221 474 1236 ,
493 1199 528 1228 ut
541 1205 706 1236 quemque
720 1196 861 1227 formido
876 1196 1015 1236 tulerat,
1032 1198 1234 1227 transversos
1247 1196 1304 1225 aut
1316 1194 1432 1226 obvios

100 1242 322 1275 incursabant.

143 1290 291 1322 xxxvll.
311 1292 349 1322 Et
364 1290 520 1329 Britanni,
537 1290 592 1330 qui
610 1290 714 1321 adhuc
730 1299 846 1330 pugnae
861 1291 1009 1330 expertes
1023 1298 1151 1321 summa
1161 1289 1292 1320 collium
1303 1287 1430 1320 insede·

101 1338 174 1368 rant
196 1339 229 1368 et
253 1338 449 1378 paucitatem
472 1340 656 1368 nostrorum
680 1337 798 1368 vacui·
828 1337 1041 1377 spernebant,
1059 1336 1189 1376 degredi
1213 1336 1382 1376 paullatim
1398 1336 1433 1366 et

100 1384 275 1416 circumire
288 1386 378 1425 terga
394 1385 593 1416 vincentium
609 1385 775 1424 coeperant
789 1393 797 1414 ε
813 1385 845 1415 ni
866 1384 899 1415 id
918 1384 1024 1425 ipsum
1039 1383 1166 1415 veritus
1181 1383 1325 1423 Agricola
1338 1384 1430 1422 quat-

100 1431 178 1462 tuor
203 1432 351 1472 equitum
380 1432 462 1471 alas,
489 1432 526 1462 ad
554 1431 662 1463 subita
689 1430 763 1462 belli
788 1432 947 1470 retentas,
975 1430 1182 1462 venientibus
1204 1429 1432 1471 opposuisset,

101 1480 288 1518 quantoque
312 1479 450 1510 ferocius
471 1480 739 1517 accucurrerant,
762 1479 855 1509 tanto
879 1477 985 1508 acrius
1008 1477 1117 1517 pulsos
1141 1478 1174 1508 in
1200 1478 1310 1516 fugam
1335 1476 1430 1515 disje-

102 1525 207 1556 cisset.
233 1526 278 1557 ita
301 1526 469 1557 consilium
492 1525 719 1557 Britannorum
742 1525 773 1555 in
799 1525 884 1565 ipsos
901 1533 1053 1555 versum:
1072 1528 1330 1563 transvectaeque
1353 1531 1432 1563 prae·

102 1574 196 1613 cepto
218 1573 310 1604 ducis
328 1582 346 1604 a
370 1573 475 1604 fronte
496 1572 707 1612 pugnantium
728 1572 787 1603 alae
811 1581 957 1603 aversam
982 1572 1124 1602 hostiurn
1148 1571 1249 1602 aciem
1270 1571 1430 1601 invasere.

102 1620 206 1650 Tum²
230 1629 308 1651 vcro
331 1614 518 1660 patentibus
535 1620 612 1650 locis
628 1619 747 1659 grando
764 1622 795 1650 et
811 1622 903 1650 atrox
922 1619 1141 1658 spectaculum
1158 1628 1165 1648 :
1184 1618 1275 1658 sequi
1290 1641 1298 1656 ‚
1321 1617 1433 1649 vulne-

102 1674 193 1706 rare,
217 1675 331 1707 capere
354 1670 450 1707 atque
475 1666 604 1698 eosdem
630 1666 747 1697 oblatis
766 1667 838 1697 aliis
862 1666 1035 1697 trucidare.
1049 1665 1126 1708 'jam
1148 1664 1312 1704 hostium,
1335 1664 1434 1705 prout

102 1714 221 1754 cuique
239 1713 407 1754 ingenium
427 1717 515 1752 erat,
537 1716 676 1744 catervae
697 1715 894 1744 armatorum
913 1712 1120 1752 paucioribus
1142 1714 1232 1751 terga
1253 1713 1431 1752 praestare;

103 1761 235 1800 quidam
251 1761 392 1791 inermes
406 1760 491 1790 ultro
506 1769 598 1790 ruere
612 1768 648 1790 ac
665 1769 698 1791 se
711 1759 808 1790 morti
822 1759 949 1791 offerre.
966 1759 1082 1799 passim
1098 1767 1186 1789 arma
1201 1760 1233 1790 et
1248 1767 1383 1798 corpora
1398 1762 1433 1792 et

102 1806 198 1838 laceri
216 1808 304 1838 artus
325 1809 357 1838 et
376 1807 508 1838 cruenta
530 1807 649 1837 humus
671 1809 704 1838 et
725 1805 899 1846 aliquando
919 1806 1017 1837 etiam
1040 1806 1133 1836 victis
1155 1806 1202 1836 ira
1224 1805 1394 1845 virtusque
1407 1804 1431 1831 ³-

103 1855 275 1894 postquam
289 1853 379 1884 silvis
392 1853 714 1893 appropinquarunt,
734 1852 858 1883 collecti
876 1852 998 1892 primos
1016 1852 1218 1892 sequentium
1236 1852 1383 1882 incautos
1401 1852 1433 1882 et

101 1900 248 1932 locorum
271 1901 398 1940 ignaros
422 1899 729 1931 circumveniebant.
750 1899 836 1939 quod
853 1899 887 1929 ni
904 1899 1054 1939 frequens
1072 1899 1192 1938 ubique
1210 1899 1356 1937 Agricola
1372 1906 1430 1929 va·

101 1947 183 1979 lidas
204 1950 237 1979 et
259 1947 424 1988 expeditas
447 1947 596 1978 cohortes
624 1945 804 1986 indaginis*
835 1945 949 1984 modo,
977 1947 1010 1977 et
1028 1945 1133 1976 sicubi
1156 1948 1296 1976 arctiora
1317 1946 1431 1984 erant,

101 1998 228 2036 partem
246 1995 395 2035 equitum
411 1994 551 2025 dimissis
567 1994 678 2034 equis,
692 1993 790 2024 simul
804 1993 941 2024 rariores
955 1993 965 2010 ⁵
983 1993 1081 2024 silvas
1094 1992 1234 2033 equitem
1252 1991 1432 2032 persultare

101 2117 188 2143 genus
206 2117 303 2142 pugnae
320 2112 390 2136 idem
404 2111 535 2136 describit
548 2111 617 2135 Bell.
635 2111 711 2135 Gall.
732 2111 773 2139 lv,
791 2116 828 2135 ss.
843 2123 871 2127 —
884 2115 906 2134 a.
924 2112 963 2134 Ac
981 2109 1095 2140 proinde
1111 2109 1243 2133 infirmior
1257 2115 1337 2139 quam
1353 2115 1431 2138 opor-

103 2147 187 2171 lebat.

130 2182 254 2206 XXXVI.
268 2189 288 2206 ι.
300 2183 385 2206 Parva
398 2184 476 2206 scuta
490 2183 569 2211 sunt,
584 2181 708 2211 oblongae
721 2181 823 2208 formae,
837 2186 870 2205 ex
881 2180 961 2204 coriis
976 2180 1110 2204 confecta.
1122 2193 1149 2197 —
1161 2186 1182 2203 9.
1197 2181 1430 2204 Britannorum.—

102 2226 127 2245 5.
141 2220 264 2244 Peditum
278 2220 529 2243 Britannorum—4.
541 2218 591 2248 Qui
605 2217 749 2242 honestior
762 2218 821 2240 erat
832 2217 1060 2246 propuqnatore,
1075 2222 1097 2240 c.
1115 2221 1149 2240 ιε.
1163 2216 1207 2239 Sic
1222 2215 1349 2240 Rhodius.
1367 2214 1429 2238 Mss.

102 2260 168 2278 cum
181 2261 260 2284 aeyra
272 2255 324 2279 diu
335 2256 389 2278 aut
401 2255 517 2278 stantes.

131 2289 262 2314 XXXVH.
278 2295 287 2313 ι
296 2307 302 2312 .
316 2290 384 2313 Dum
398 2290 456 2312 sine
469 2295 552 2318 opere
567 2289 730 2312 essene—2.
744 2288 811 2312 Cum
823 2287 1000 2318 sequentibus
1016 2287 1112 2311 confer
1124 2285 1240 2310 Sallustii
1254 2285 1343 2309 locum
1353 2303 1360 2314 ‚
1374 2284 1428 2308 Ju-

102 2323 199 2355 gurm.
215 2329 240 2347 c.
263 2329 379 2348 ioh—s,
394 2324 528 2354 Virgilius,
542 2325 609 2348 AAEn.
624 2324 654 2353 ll,
672 2329 713 2348 56¹1
726 2330 732 2346 :

251 2388 391 2418 Quondam
405 2390 487 2412 etiam
500 2389 578 2412 victis
592 2388 662 2412 redit
675 2388 702 2411 in
719 2387 867 2417 praecordia
879 2387 973 2411 virtus.

102 2457 157 2477 -4.
177 2453 342 2476 venatorum
355 2458 416 2480 vox,
434 2454 480 2482 qui
497 2453 599 2477 retibus
610 2454 666 2476 sive
682 2452 765 2482 plagis
782 2452 853 2476 teras
866 2450 1159 2476 circumcludunt-s.
1172 2449 1260 2474 Minus
1273 2448 1378 2473 densas.
