1539 2668
158 162 221 193 376
514 158 646 189 ‘racrrl
669 155 945 187 msTORIARUM
967 155 1039 184 LIB.
1064 154 1119 183 lv.

160 235 248 267 nulla
264 235 295 265 in
312 232 491 266 victoribus
504 232 681 264 auctoritas
691 254 700 270 ,
715 239 781 262 non
795 230 879 270 leges
891 254 899 269 ,
917 237 983 260 non
997 228 1147 267 Princeps
1163 225 1196 257 in
1213 225 1344 258 civitate
1356 229 1462 258 essent
1472 251 1483 268 ,

159 282 327 315 Mucianus
342 281 461 313 Urbem
477 280 642 320 ingressus
660 279 778 310 cuncta
791 277 886 308 simul
900 277 933 307 in
951 284 985 307 se
1002 274 1113 307 traxit.
1129 273 1230 304 fracta
1244 272 1341 304 Primi
1355 272 1485 305 Antonii

160 329 300 369 Varique
316 328 394 359 Arrii
407 326 562 368 potentia,
575 325 656 357 male
667 324 868 356 dissimulata
878 324 910 355 in
922 332 975 355 eos
988 321 1128 353 Muciani
1139 320 1318 358 iracundia,
1334 320 1485 360 quamvis

158 375 249 407 vultu
269 376 439 413 tegeretur.
457 373 514 405 sed
530 372 645 403 civitas
666 371 821 403 rimandis
844 371 975 402 offensis
990 379 1086 409 sagax
1102 370 1243 400 verterat
1261 376 1295 399 se
1315 368 1484 399 transtule-

158 423 282 463 ratque.
302 422 354 453 ille
371 429 453 452 unus
476 419 610 459 ambiri,
633 419 706 450 coli.
728 427 787 450 nec
803 418 912 450 deerat
930 419 1015 458 ipse,
1038 417 1174 456 stipatus
1195 414 1348 454 armatis,
1371 414 1485 447 domos

157 469 334 509 hortosque
353 470 559 508 permutans,
583 467 742 507 apparatu
755 490 764 506 ‚
790 465 914 497 incessu
927 489 935 505 ,
960 463 1106 496 excubiis
1120 487 1128 501 ‚
1153 462 1221 493 vim
1241 461 1398 501 Principis
1418 469 1484 492 am-

156 516 275 557 plecti,
296 524 413 546 nomen
428 514 603 546 remittere.
623 513 800 553 plurimum
820 512 954 544 terroris
970 511 1080 542 intulit
1096 510 1200 541 caedes
1217 508 1381 549 Calpurnii
1397 508 1486 540 Gale-

156 563 249 595 riani.
270 563 295 592 is
313 562 373 593 fuit
392 561 476 592 filius
492 565 525 593 C.
543 560 667 592 Pisonis
684 560 706 598 ¹,
728 560 807 591 nihil
824 569 920 591 ausus
936 569 942 589 :
960 559 1015 590 sed
1038 566 1157 588 nomen
1175 557 1300 596 insigne
1317 558 1349 587 et
1366 555 1485 587 decora

156 610 215 651 ipsi
231 609 365 649 juventa
381 617 508 640 rumore
525 608 611 648 vulgi
631 607 889 645 celebrabantur,
912 608 1070 645 erantque
1089 605 1120 636 in
1140 604 1273 635 civitate
1295 603 1402 634 adbuc
1418 604 1485 634 tur-

155 656 229 689 bida
246 659 278 687 ct
294 656 385 687 novis
397 655 599 687 sermonibus
619 655 693 686 laeta
715 654 772 695 qui
789 654 986 695 principatus
1008 653 1135 684 inanem
1152 652 1180 683 ei
1199 652 1316 682 famam
1337 650 1485 682 circurn-

155 704 279 737 darent.
293 704 381 743 jussu
398 703 538 735 Muciani
552 702 702 734 custodia
717 702 848 732 militari
862 701 998 740 cinctus,
1012 709 1053 732 ne
1066 700 1178 739 inipsa
1187 699 1271 730 Urbe
1285 698 1488 738 conspectior

155 760 244 784 mors
271 751 373 790 foret,
398 750 440 781 ad
462 750 749 791 quadragesimum
767 748 807 780 ab
822 748 907 780 Urbe
928 748 1087 788 lapidem,
1112 747 1165 777 via
1189 745 1310 785 Appia,
1332 746 1404 776 suso
1429 754 1486 785 per

155 807 256 832 venas
277 798 452 838 sanguine,
475 797 703 837 exstinguitur.
731 796 834 828 Julius
857 796 1005 834 Priscus,
1031 793 1255 836 praetoriarum
1278 792 1338 824 sub
1356 792 1488 823 Vitellio

156 845 337 878 cohortium
361 845 548 884 praefectus,
567 853 600 876 se
616 844 686 884 ipse
701 844 887 882 interfecit,
906 843 1028 883 pudore
1048 841 1149 881 magis
1167 849 1262 880 quani
1284 840 1484 871 necessitate.

155 892 320 934 Alphenus
344 896 446 923 Varus
472 892 609 931 ignaviae
633 891 839 931 infamiaeque
856 899 923 922 suae
940 890 1108 930 superfuit.
1137 888 1294 919 Asiaticus
1311 887 1396 918 enim
1411 885 1421 903 ²
1438 885 1488 926 (is

154 939 311 979 tibertus)
330 939 447 970 malam
465 939 644 979 potentiam
664 939 771 970 servili
791 938 949 979 supplicio
966 938 977 955 ³
995 936 1150 977 expiavit.

196 990 263 1018 XII.
283 986 399 1017 lisdem
415 986 527 1017 diebus
541 986 798 1017 crebrescentem
814 985 917 1017 cladis
933 984 1132 1017 Germanicae
1148 984 1264 1014 famam
1281 989 1486 1021 nequaquam

155 1035 269 1066 moesta
284 1033 400 1064 civitas
424 1032 620 1072 excipiebat;
646 1041 748 1064 coesos
771 1035 962 1073 exercilus,
991 1033 1094 1071 capla
1117 1030 1290 1070 [emonam
1317 1028 1487 1067 hiberna,

156 1081 333 1114 descivisse
355 1080 512 1118 Gallias,
531 1089 596 1110 non
618 1081 654 1110 ut
680 1082 766 1111 mala
786 1079 1011 1119 loquebantur.
1035 1078 1069 1108 id
1090 1078 1211 1107 belluni
1237 1076 1356 1116 quibus
1378 1074 1486 1107 causis

156 1130 263 1162 ortum
274 1151 282 1166 ,
300 1129 420 1167 qumtto
438 1128 645 1157 externarum
663 1127 891 1166 sociarumque
907 1125 1050 1165 gentium
1070 1127 1158 1154 motu
1175 1122 1376 1162 flagraverit,
1393 1121 1487 1153 altius

158 1174 339 1216 expediam.
360 1173 490 1212 Batavi,
505 1173 607 1204 donec
624 1175 714 1204 trans
729 1174 878 1204 Rhenum
895 1172 1052 1212 agebant,
1068 1180 1142 1210 pars
1159 1171 1350 1201 Chattorum
1365 1169 1388 1209 ¹,
1404 1168 1486 1200 sedi-

156 1223 243 1255 tione
267 1220 444 1252 domestica
469 1220 553 1260 pulsi
580 1222 725 1251 extrema
750 1221 880 1252 Gallicae
904 1229 970 1251 orae
996 1228 1098 1250 vacua
1120 1218 1299 1249 cultoribus
1324 1217 1487 1257 simulque

156 1269 295 1303 insulam
322 1268 404 1298 inter
429 1267 513 1298 vada
540 1267 636 1299 sitam
656 1276 859 1307 occupavere
873 1292 881 1307 ,
907 1276 1004 1307 quam
1030 1275 1117 1297 mare
1135 1270 1298 1296 Oceanum
1318 1274 1336 1295 a
1358 1265 1461 1295 fronte
1475 1286 1484 1302 ‚

156 1317 290 1350 Rhenus
304 1315 409 1346 amnis
421 1315 549 1354 tergum
563 1323 601 1345 ac
614 1315 715 1346 latera
728 1313 914 1345 circumluit
927 1314 958 1353 2;
977 1322 1037 1345 nec
1054 1313 1171 1353 opibus
1192 1312 1345 1343 Romanis
1357 1335 1366 1351 ,
1385 1310 1486 1342 socie-

157 1368 223 1397 tate
245 1363 442 1394 validiorum
466 1362 569 1394 attriti
586 1362 597 1380 ³
620 1362 707 1393 viros
728 1364 855 1393 tantum
878 1371 1037 1402 armaque
1057 1361 1192 1401 imperio
1214 1360 1408 1391 ministrant.
1432 1358 1484 1390 diu

157 1411 355 1445 Germanicis
373 1410 462 1441 bellis
475 1409 623 1448 exerciti,
640 1418 716 1440 mox
742 1412 838 1441 aucta
854 1419 910 1450 per
926 1410 1122 1441 Britanniam
1138 1408 1237 1448 gloria
1248 1407 1275 1446 ⁴,
1288 1406 1487 1438 transmissis

158 1460 233 1490 illuc
255 1457 463 1496 cohortibus,
482 1465 564 1497 quas
589 1459 697 1488 vetere
714 1457 864 1488 instituto
882 1456 1073 1488 nobilissimi
1098 1455 1301 1496 popularium
1319 1453 1483 1494 regebant.

157 1507 226 1539 erat
244 1508 274 1537 et
295 1505 382 1535 domi
401 1504 545 1535 delectus
559 1513 676 1545 eques,
691 1505 854 1545 praecipuo
870 1505 966 1535 nandi
984 1504 1112 1543 studio,
1129 1512 1218 1534 arma
1234 1510 1398 1543 equosque
1413 1501 1486 1534 reti—

157 1561 236 1585 nens
252 1553 387 1591 integris
402 1551 516 1583 turmis
533 1552 683 1583 Rhenum
700 1561 910 1592 perrumpere
921 1551 946 1584 ⁵.

200 1603 282 1631 XIII.
307 1599 411 1630 Julius
434 1599 563 1629 Paullus
581 1600 614 1630 et
636 1598 787 1630 Claudius
804 1598 914 1630 Civilis
933 1598 957 1636 ¹,
979 1598 1065 1637 regia
1087 1597 1205 1636 stirpe,
1234 1596 1337 1627 multo
1362 1596 1487 1627 ceteros

158 1647 334 1679 anteibant.
357 1646 504 1677 Paullum
520 1646 673 1676 Fonteius
690 1645 804 1685 Capito
816 1645 828 1663 ²
848 1646 928 1676 falso
950 1644 1136 1676 rebellionis
1160 1643 1296 1674 crimine
1313 1643 1483 1674 interfecit.

157 1694 285 1733 injectae
302 1692 393 1723 Civili
414 1695 558 1731 catenae,
581 1693 761 1732 missusque
785 1692 825 1723 ad
848 1697 1006 1724 Neronem
1021 1695 1052 1724 et
1077 1701 1095 1723 a
1119 1691 1215 1722 Galba
1239 1690 1403 1722 absolutus
1425 1689 1486 1721 sub

158 1740 291 1772 Vitellio
314 1747 430 1770 rursus
443 1738 617 1770 discrimen
634 1739 736 1778 adiit,
753 1738 917 1778 flagitante
934 1740 1130 1780 supplicium
1147 1739 1216 1778 ejus
1236 1737 1392 1768 exercitu.
1412 1736 1488 1769 inde

159 1796 266 1821 causae
283 1787 404 1818 irarum
421 1795 563 1826 spesque
580 1795 619 1817 ex
641 1786 735 1817 malis
754 1787 885 1818 nostris.
911 1786 965 1817 sed
985 1786 1095 1817 Civilis
1120 1786 1203 1816 ultra
1225 1794 1324 1825 quam
1341 1783 1488 1815 barbaris

158 1835 291 1867 solitum
309 1834 438 1873 ingenio
458 1833 589 1872 sollers,
611 1835 643 1864 et
665 1835 854 1865 Sertorium
877 1842 911 1864 se
933 1836 988 1865 aut
1004 1833 1241 1865 Hannibalem
1263 1833 1368 1864 ferens
1390 1831 1487 1863 simili

158 1881 223 1914 oris
238 1881 526 1913 dehonestamento
541 1879 567 1920 ³,
585 1889 625 1912 ne
649 1882 687 1912 ut
709 1880 795 1912 hosti
818 1881 951 1912 obviam
976 1880 1089 1919 iretur,
1113 1882 1136 1911 si
1157 1889 1175 1911 a
1200 1880 1319 1920 populo
1340 1883 1490 1911 Romano

159 1931 266 1972 palam
284 1930 474 1962 descivisset
487 1954 497 1970 ,
515 1929 705 1970 Vespasiani
721 1931 900 1962 amicitiam
916 1930 1126 1970 studiumque
1139 1930 1279 1970 partium
1294 1928 1487 1970 praetendit,

160 1978 267 2011 missis
280 1987 357 2011 sane
371 1977 410 2010 ad
423 1987 499 2010 eum
513 1978 611 2010 Primi
627 1978 759 2010 Antonii
771 1978 901 2019 litteriS‚
918 1978 1035 2019 quibus
1049 1979 1205 2010 avertere
1222 1978 1335 2010 accita
1352 1977 1487 2010 Vitellio

190 2107 237 2131 XI.
257 2112 276 2130 1.
295 2106 345 2136 Qui
354 2107 450 2131 contra
463 2107 598 2131 Neronem
613 2105 813 2136 conjuraverat,
827 2107 901 2130 Arm.
912 2106 969 2134 XV,
983 2110 1012 2130 ⁴8
1029 2110 1158 2135 seqq.—2.
1171 2106 1209 2129 De
1223 2110 1275 2134 quo
1290 2104 1320 2132 ΙΙ,
1331 2109 1423 2128 tiz-³.
1438 2105 1487 2129 Per

164 2147 287 2201 ΰῑξῖῗωι.
306 2177 361 2201 vid.
379 2178 471 2202 Germ.
486 2183 511 2202 c.
527 2182 621 2201 iza—2.
639 2177 715 2201 Conf.
730 2177 836 2201 Annal.
849 2177 882 2206 11,
897 2182 920 2201 c.
934 2177 1018 2201 Mare
1032 2176 1176 2200 Oceanum
1190 2175 1323 2205 adjective
1337 2174 1438 2198 dictum
1455 2180 1486 2198 ex

164 2219 213 2237 usu
232 2212 321 2237 latinae
338 2212 435 2243 linguae
447 2232 453 2243 ,
467 2215 498 2237 ut
507 2213 618 2243 flumen
632 2212 776 2243 Rhenum,
793 2218 895 2237 nomen
912 2212 1049 2237 Tullium.
1065 2224 1093 2228 —
1104 2216 1125 2234 s.
1144 2212 1209 2235 Nam
1233 2211 1394 2234 tributorum
1409 2210 1489 2233 erant

164 2249 299 2277 expertes,
315 2249 344 2271 ut
356 2249 508 2278 expositum
526 2248 617 2272 Germ.
634 2253 659 2272 c.
674 2253 757 2272 ρει-4
785 2249 822 2272 Ι)6
837 2254 889 2278 qua
902 2247 999 2278 Ayric.
1015 2253 1036 2270 e.
1053 2252 1122 2270 is.—
1132 2251 1153 2270 ε.
1167 2246 1323 2273 11111111111115,
1338 2245 1490 2269 secundum

164 2288 257 2312 graecae
280 2282 378 2313 linguae
397 2290 474 2308 usum
487 2302 493 2314 ‚
516 2285 638 2314 pendens
660 2290 675 2308 a
694 2284 784 2308 verbis
802 2285 949 2314 proect'puo
965 2283 1057 2307 nando·
1075 2282 1189 2309 studio,
1203 2277 1303 2315 (ὥςτε)
1323 2276 1485 2316 διαπερᾷν,

164 2317 241 2382 (1111133)
245 2317 346 2378 gagg?
363 2320 505 2349 exprimas,
518 2319 670 2345 excellencs
684 2325 819 2350 naqeurs,
833 2318 852 2344 ά
864 2324 990 2349 passer...
1005 2318 1095 2342 nando
1110 2318 1221 2342 exerciti
1236 2317 1326 2346 (adeo)
1337 2317 1366 2340 ut
1423 2320 1486 2345 per-

193 2388 263 2413 x111.
279 2395 299 2414 1.
311 2388 407 2415 Frater
422 2389 515 2421 Paulli,
529 2391 629 2417 Julius
643 2392 680 2418 Cl.
694 2391 782 2418 dictus
794 2397 876 2422 supra
888 2390 908 2422 1,
922 2394 1027 2417 ism—2.
1042 2390 1081 2414 De
1095 2395 1148 2420 quo
1163 2388 1181 2419 Ι,
1193 2393 1246 2413 7.-
1256 2393 1277 2413 3.
1293 2387 1394 2412 Intres
1407 2385 1491 2410 duces
