1539 2668
479 217 516 247 A.
538 215 577 245 U.
601 215 636 244 C.
661 215 732 245 823.
757 219 793 245 A.
817 216 852 245 C.
876 215 928 245 70.
1304 215 1368 245 409

54 295 142 324 sima
154 291 165 309 ²
184 290 300 331 Libyae
318 289 480 322 insedisse
494 292 694 327 memorant,
712 298 782 330 qua
801 291 1004 330 tempestate
1025 290 1199 320 Saturnus
1216 290 1249 319 vi
1269 290 1367 320 ,Iovis

54 339 175 378 pulsas
201 340 339 370 cesserit
363 338 475 376 reqnis
499 344 509 364 .·
536 339 762 375 argumentum
786 346 804 368 e
830 337 961 368 nomine
985 336 1104 376 petitur
1123 348 1130 366 ι
1148 336 1308 366 inclitum
1330 337 1368 367 in

58 386 157 416 Creta
174 385 273 416 Idam
288 386 451 422 »ionicum
471 383 606 414 accolas
626 383 732 414 Idaeos
751 386 854 415 aucto
870 386 907 415 in
925 383 1113 415 barbarum
1125 381 1366 422 cwnomento’

53 432 193 463 chdceos
210 432 362 462 vocitari.
383 429 515 469 quidam
531 432 697 469 reqnante
711 431 804 462 [sicle
816 431 827 449 ⁴
847 430 1084 462 exundantem
1096 437 1163 468 per
1176 431 1370 469 AEqyptum

56 478 338 517 multitudinem,
356 476 498 508 ducibus
519 477 756 516 Hierosolymo
770 477 781 495 ⁵
799 487 840 510 ac
859 477 973 517 Juda,
992 477 1170 516 proximas
1192 478 1228 507 in
1255 479 1371 507 terras

55 527 280 556 exoneratam
289 536 300 563 ‚·
322 523 464 564 plerique
484 523 685 563 AEclzz‘opum
697 524 851 565 prolem,
873 533 955 565 quos
976 532 1053 563 reqe
1077 523 1231 563 Cepheo‘3
1256 525 1371 554 metus

57 574 161 611 atque
177 571 293 602 odium
309 572 446 601 mamre
462 569 554 601 sedes
568 571 776 610 perpulerit.
796 574 873 602 sunt
897 570 950 610 qui
973 570 1102 601 tradant
1123 572 1274 609 Assyrios
1296 577 1371 601 con-

56 626 160 648 venas
171 642 181 656 ,
196 617 355 657 indignam
370 625 536 656 aqrorum
548 617 720 656 populum
733 617 759 656 ⁷,
772 619 877 657 parte
892 618 1030 656 AEqypti
1042 618 1169 655 potitos
1179 640 1187 655 ‚
1201 625 1281 647 mox
1295 625 1373 656 pro-

55 666 153 702 prias
169 664 269 695 urbes
282 663 518 703 Hebroeasqzce
537 665 649 694 terras
668 666 700 695 ec
715 667 881 704 propiora
903 666 1010 702 Syrioe
1025 663 1175 694 coluisse.
1199 663 1299 694 clara
1319 664 1374 695 alii

56 710 257 742 chdaeorum
270 712 370 741 inilia
383 735 393 748 ‚
410 711 575 749 Solymos,
593 711 804 742 carminibus
818 712 960 742 Homeri
974 710 1184 742 celebratam
1198 714 1331 750 qentem
1345 711 1374 752 ὃ,

58 757 203 788 comitae
218 757 297 788 urbi
314 757 555 797 Hierosolyma
576 766 696 789 nomen
713 766 730 789 e
747 758 952 797 suo-secisse.

100 808 154 835 ΙΙΙ.
175 804 307 835 Plurimi
323 806 469 834 auctores
488 804 493 821 ¹
515 806 734 842 consentiunt,
750 807 827 836 orta
842 814 905 844 per
918 806 1104 844 AEqyptum
1121 806 1198 837 tabe
1213 814 1292 846 quoe
1304 814 1376 837 cor·
1414 836 1416 842 ,

55 850 322 891 poi-afoedaiet,
340 859 451 890 reqem
464 851 659 882 Bocchorim
670 850 681 868 ²
698 851 793 882 adila
807 853 1010 883 Hammonis
1029 853 1170 883 oraculo
1186 852 1376 884 remedium
1411 845 1413 849 ’

57 899 227 936 petentem
248 910 264 925 «
283 906 420 936 purgare
438 906 571 936 regnum
590 899 623 929 et
639 897 671 928 id
688 907 790 937 genus
806 897 975 928 hominum
1000 900 1035 928 ut
1054 898 1193 929 invisum
1215 899 1281 930 deis
1297 900 1376 932 alias

59 945 92 976 in
106 947 208 976 terras
221 944 355 975 avehere
370 956 384 970 »
393 943 542 983 jussum.
559 946 607 975 sic
627 946 858 985 conquisitmn
874 945 1121 985 collectumque
1140 946 1274 985 vulqus,
1287 948 1378 985 post·
1405 937 1408 944 ¹

60 1000 166 1032 quam
184 995 289 1024 vastis
315 991 393 1022 locis
404 989 416 1008 ³
443 991 604 1022 relictum
626 993 691 1031 sic,
718 993 836 1023 ceteris
858 999 924 1031 per
952 991 1114 1022 lacrimas
1139 993 1350 1032 torpentibus
1363 1017 1377 1032 ‚

59 1040 197 1078 Moysen
219 1047 328 1070 unum
346 1037 506 1068 exsulum
523 1040 692 1069 'momcisse
709 1051 725 1065 ιι
741 1047 780 1069 ne
796 1047 893 1078 quam
908 1037 1041 1068 deorum
1057 1038 1266 1070 hominumve
1281 1048 1377 1079 opem

61 1087 282 1125 exspectarent
297 1085 440 1124 utrisque
455 1085 574 1116 deserti
588 1109 596 1124 ‚
611 1085 666 1116 sed
683 1085 743 1116 sibi
761 1086 798 1116 ut
811 1085 886 1115 duci
904 1085 1027 1116 coelesti
1038 1085 1047 1102 ³
1065 1086 1254 1124 crederent,
1271 1087 1378 1126 primo

62 1131 154 1170 cujus
175 1132 294 1162 auxilio
313 1132 488 1171 praesentes
509 1131 655 1162 miserias
671 1131 882 1171 pepulissent.
898 1144 915 1158 »ι
933 1140 1100 1162 assensere
1117 1135 1213 1172 atque
1229 1134 1378 1165 omnium

61 1178 162 1217 ignari
183 1179 352 1210 fortuitum
374 1178 436 1209 iter
451 1177 622 1217 incipiunt.
646 1178 706 1209 sed
727 1178 808 1209 nihil
824 1187 916 1217 aeque
939 1186 1036 1217 quam
1058 1178 1166 1218 inopia
1191 1189 1284 1219 aquae
1306 1181 1380 1212 rati-

61 1226 168 1266 gabat.
184 1226 313 1266 jamque
330 1225 416 1256 haud
432 1225 543 1265 procul
560 1225 659 1256 exitio
676 1225 753 1256 totis
769 1226 890 1264 campis
908 1225 1166 1265 procubuerant,
1184 1236 1286 1266 quum
1301 1237 1379 1268 grex

63 1273 226 1303 asinorum
246 1272 422 1312 agrestium
440 1280 456 1302 e
473 1274 568 1311 pastu
586 1272 618 1302 in
635 1281 748 1312 rupem
764 1281 896 1304 nemore
912 1281 1045 1311 opacam
1064 1274 1232 1304 concessit.
1249 1278 1380 1307 secutus

62 1323 187 1359 Moyses
202 1319 385 1358 conjectura
397 1318 524 1349 herbidi
540 1319 599 1349 soli
611 1319 621 1336 ⁵
638 1319 742 1358 largas
756 1328 912 1359 aquarum
927 1327 1023 1350 venas
1037 1321 1148 1358 aperit.
1165 1321 1197 1351 id
1211 1321 1378 1363 levamen;

63 1368 95 1398 et
111 1368 299 1397 continuum
314 1375 370 1397 sex
383 1366 509 1397 dierum
529 1367 589 1397 iter
604 1367 738 1405 emensi,
754 1367 891 1406 septimo
906 1367 1003 1406 pulsis
1017 1367 1196 1399 cultoribus
1209 1368 1378 1401 obtinuere

63 1416 164 1445 terras
180 1414 211 1444 in
228 1416 299 1454 quis
315 1413 392 1444 urbs
409 1414 442 1444 et
458 1413 618 1452 templum
637 1413 756 1445 dicata.

103 1463 156 1491 IV.
181 1464 305 1499 Moyses
322 1469 387 1499 quo
404 1460 465 1490 sibi
480 1460 513 1490 in
531 1462 697 1499 posterum
713 1461 842 1499 gentem
860 1459 1023 1500 firmaret,
1040 1470 1142 1493 novos
1157 1462 1239 1493 ritus
1255 1464 1381 1494 contra-

63 1506 191 1546 riosque
215 1506 331 1537 ceteris
357 1506 550 1538 mortalibus
576 1507 703 1539 indidit.
728 1507 862 1547 profana
888 1507 954 1538 illic
977 1508 1086 1539 omnia
1107 1517 1181 1548 quae
1207 1510 1293 1549 apud
1320 1518 1380 1542 nos

63 1617 174 1642 prorsus
190 1610 257 1634 falsa
272 1609 462 1634 referentibus.
485 1610 589 1633 Dudum
611 1615 698 1639 graece
718 1610 880 1639 legebantur
900 1611 974 1634 Sacri
991 1610 1062 1634 Libri
1075 1611 1243 1641 Judaeorumi,
1258 1613 1383 1638 exstabat

63 1646 174 1675 Josephi
194 1651 260 1674 opus
277 1651 282 1668 :
304 1645 351 1668 sed
364 1646 474 1668 Tacitus
490 1646 518 1668 in
540 1645 644 1674 partem
663 1646 769 1668 venisse
789 1645 895 1668 videtur
917 1646 973 1673 ejus
987 1647 1172 1674 contemptus,
1192 1653 1245 1676 quo
1265 1649 1382 1678 populus

63 1685 199 1707 terrarum
213 1680 336 1703 dominus
348 1680 483 1704 afficiebat
496 1681 610 1709 Judae05‚
626 1686 714 1709 neque
728 1682 852 1710 cognitos
869 1681 993 1704 habuisse
1011 1682 1184 1704 autsvoluiSsae¹
1195 1688 1308 1707 noscere
1320 1684 1383 1708 illos

64 1717 164 1743 Libros
184 1721 214 1738 ex
231 1715 328 1744 quibus
344 1715 407 1738 solis
420 1721 484 1739 vera
496 1717 551 1744 peti
565 1717 699 1745 poterant.
710 1728 738 1733 -
749 1721 771 1739 2.
782 1716 918 1740 Extrema.
937 1717 1003 1740 Sunt
1018 1716 1134 1739 confinia
1148 1718 1265 1746 AEgypti.
1282 1720 1383 1744 Praeter

64 1751 161 1776 Idoeos
172 1750 205 1772 de
219 1749 315 1777 quibus
326 1750 379 1777 jam
390 1750 590 1778 memorabitur,
603 1751 748 1774 observant
758 1751 831 1775 docti
841 1752 922 1774 ettam
937 1752 1025 1779 gentis
1037 1751 1160 1774 Cretlnm
1170 1753 1227 1775 sive
1242 1753 1383 1779 cerethim

65 1790 163 1809 nomen
177 1786 247 1807 inter
260 1784 378 1807 Judaeam
395 1785 422 1807 et
435 1784 578 1807 Phoenicen
591 1785 751 1813 habitarum,
766 1786 838 1814 quod
852 1786 948 1809 Graecis
966 1787 1084 1814 potuerit
1098 1787 1229 1810 Creticam
1248 1789 1382 1818 originem

65 1820 219 1844 Judaeorum
235 1819 408 1847 persuadere.
418 1831 446 1834 —
457 1819 605 1842 sNomine
618 1825 666 1848 per
676 1819 793 1843 additam
807 1820 923 1843 litteram
938 1826 955 1843 u
974 1821 1011 1843 ita
1025 1822 1119 1848 aucto,
1136 1823 1166 1844 ut
1180 1822 1207 1844 in
1220 1821 1382 1853 barbarum,

64 1857 92 1879 in
105 1855 248 1879 barbaram
263 1853 374 1877 formam
389 1853 484 1877 abiret.
497 1849 561 1885 Ἴδη
579 1854 712 1881 siguificat
725 1857 844 1877 montem
859 1855 974 1878 dumetis
988 1856 1112 1883 spissum.
1116 1861 1167 1879 -4
1182 1857 1238 1881 Hoc
1252 1859 1333 1881 etiam
1354 1860 1383 1884 in

99 1890 237 1928 gyptiacas
249 1888 408 1911 traditiones
423 1890 530 1917 peccat.
534 1894 585 1912 —5.
597 1889 629 1912 Ut
639 1890 789 1912 Giaecarum
803 1889 910 1912 urbium
926 1889 1063 1917 pleraeque
1077 1890 1185 1913 heroem
1200 1893 1264 1920 ipsis
1279 1899 1383 1922 cogno-

67 1927 165 1950 minem
187 1919 369 1957 (ἐπώνυμοι)
389 1925 555 1946 venerantur
574 1924 711 1952 tamquam
725 1923 896 1946 conditorem
912 1929 1006 1952 snum,
1025 1924 1061 1947 ita
1076 1925 1258 1954 Hierosolyma
1275 1933 1383 1957 quoque

65 1966 113 1991 tali
130 1965 269 1989 conditore
283 1959 434 1998 ἐπωνύμῳ
449 1964 583 1987 donarunt
596 1964 632 1987 illi
645 1964 799 1992 scriptores.
803 1977 831 1981 —-
841 1969 860 1987 ε.
878 1965 957 1988 Patre
974 1964 1157 1988 Andromedae.
1170 1966 1310 1997 Aithiopes
1321 1968 1382 1993 illos

67 2004 187 2030 tempore
200 2000 250 2022 isto
264 2000 366 2027 Syriam
379 1999 526 2022 obtinuisse
540 1998 610 2022 fama
624 2000 674 2022 est.
689 1999 826 2022 Hebratcae
839 1999 936 2023 fabulae
949 1999 1034 2028 ipsum
1048 2001 1157 2029 Moysen
1171 2006 1264 2031 regem
1278 2004 1383 2030 iaciunt
1414 2013 1415 2017 ¹

65 2035 228 2064 AEthiopum,
242 2039 356 2063 quorum
372 2034 447 2063 regio
460 2039 534 2062 aeque
549 2035 629 2062 atque
642 2033 740 2057 Arabia
759 2033 886 2057 hebraica
906 2039 970 2057 voce
989 2033 1061 2057 Chus
1075 2036 1195 2058 vocatur
1211 2037 1335 2061 Ceterum
1353 2040 1383 2064 iu

66 2070 165 2092 Graecis
178 2069 272 2092 litteris
286 2069 402 2097 Empti
416 2069 444 2091 et
457 2067 611 2096 Ethiopian»
626 2068 737 2091 nomina
749 2073 818 2097 saepe
832 2068 875 2092 vel
891 2069 1092 2097 conjunguntur
1112 2069 1152 2092 vel
1169 2070 1382 2098 contunduntur.

66 2118 94 2122 -
104 2110 125 2128 ⁷.
140 2105 196 2127 Hoc
210 2103 378 2132 aliquatenus
392 2104 602 2127 consentaneum
620 2104 661 2126 est
681 2103 713 2126 iis
727 2109 785 2132 quae
797 2103 830 2126 de
844 2103 997 2128 Abrahamo
1012 2106 1164 2129 narrantur
1176 2111 1234 2129 —8-
1249 2103 1382 2141 Σόλυμοι

65 2135 238 2172 κυδάὶιμοι,
255 2139 360 2162 Homer.
375 2138 459 2162 Iliad.
473 2139 505 2163 Z.
523 2143 578 2165 ¹1³⁴,
594 2142 646 2162 20⁴.
660 2138 693 2161 Et
706 2139 796 2162 omnia
813 2138 885 2161 clara
903 2138 1073 2163 habebantur
1086 2147 1144 2170 quae
1156 2141 1288 2165 Homerus
1308 2143 1382 2167 cele-

66 2174 200 2198 braverat
216 2174 302 2202 Lyciae
313 2178 379 2202 gens
392 2174 458 2196 erat.
472 2173 580 2196 Montes
593 2173 719 2202 Solymos
732 2174 905 2201 (memoratos
921 2174 1038 2198 Homero
1055 2174 1151 2204 odyss.
1165 2176 1193 2204 E,
1205 2177 1257 2204 28³)
1276 2177 1383 2203 inhahi-
1424 2194 1427 2201 t

66 2211 127 2234 tare
139 2208 244 2232 Judaeos
258 2208 340 2231 tradit
351 2209 428 2231 vetus
440 2209 522 2237 poeta
533 2207 678 2233 Choerilus,
693 2208 788 2237 fragm.
802 2213 824 2236 4,
839 2214 899 2237 pag.
914 2213 942 2232 2⁴
955 2215 1021 2232 meae
1036 2210 1174 2233 editionis.

96 2243 144 2267 ΠΙ.
163 2247 182 2265 ¹.
193 2243 228 2266 Ut
240 2243 374 2266 Chaeremo
386 2245 414 2267 et
426 2243 596 2272 Lysimachus
609 2242 679 2272 apud
692 2243 840 2272 Josephum
856 2243 962 2267 contra
972 2245 1111 2273 Apionem
1124 2245 1143 2272 Ι,
1162 2250 1190 2268 ³5
1202 2251 1285 2275 seqq⁸¹
1300 2248 1382 2271 pom-

67 2278 144 2308 peius
161 2277 263 2306 Trogus
280 2277 406 2306 XXXVI,
423 2283 446 2300 2.
457 2290 484 2293 —
494 2282 515 2300 2.
528 2277 578 2306 Qui
591 2278 664 2300 circa
679 2283 776 2301 annum
792 2283 835 2301 ⁷54
850 2279 878 2301 in
892 2278 959 2303 urbe
974 2280 1018 2303 sai
1038 2279 1123 2303 fertur
1135 2285 1277 2309 regnasse,
1297 2287 1380 2311 quum

68 2312 204 2340 AEthiopes
217 2313 359 2340 AEgyptum
375 2318 423 2341 per
435 2312 614 2342 quadraginta
626 2317 711 2335 annos
724 2312 772 2336 sub
786 2312 944 2336 sabbacone
959 2320 1007 2337 suo
1021 2315 1177 2338 tenuerunt.
1188 2327 1214 2331 —
1225 2320 1246 2337 s.
1264 2316 1382 2342 Arahiae

67 2347 144 2370 addit
155 2346 332 2370 Tertullianus
349 2347 490 2377 Apoloyet.
505 2352 528 2370 c.
540 2352 630 2371 is.—4.
644 2348 772 2371 Nimirum
787 2348 833 2376 qui
851 2354 865 2370 a
879 2353 943 2372 vero
957 2349 1013 2372 Deo
1027 2350 1191 2373 constitutus
1205 2351 1283 2378 esset,
1295 2357 1350 2375 non
1364 2356 1381 2374 a

67 2381 123 2405 diis
135 2380 213 2440 modo
227 2382 446 2406 memoratis-15.
463 2382 527 2407 lude
541 2382 611 2411 quod
623 2382 765 2408 herbidum
775 2382 812 2408 ibi
824 2382 909 2407 solum
920 2385 987 2413 erat,
1002 2385 1149 2413 conJiciens
1159 2384 1261 2409 ibidem
1277 2385 1381 2411 debere

69 2421 129 2439 esse
152 2421 186 2440 on
201 2421 236 2439 es.

1182 2477 1219 2508 18
