1539 2668
561 167 594 194 A.
621 168 659 195 U.
683 168 716 195 C.
742 167 813 195 784.
838 168 874 195 A.
899 167 933 196 C.
959 166 1010 194 31.
1389 166 1446 196 325

123 237 215 271 nium
230 248 298 281 spe,
312 249 411 280 quum
427 239 575 270 auditum
590 239 621 269 id
641 243 777 280 Poppaeo
795 240 922 271 Sabino.
938 239 966 270 is
980 238 1175 270 Macedoniae
1192 240 1262 270 tum
1277 239 1421 271 intentus
1433 240 1445 258 ³

123 286 275 318 Achaiam
290 295 421 327 quoque
443 286 585 317 curabat.
603 287 712 325 igitur,
730 296 793 327 qno
810 296 885 319 vera
902 295 959 318 seu
974 285 1053 317 salsa
1068 285 1080 304 ⁴
1100 286 1229 324 antiret,
1254 289 1448 317 Toronaeum

123 333 392 373 Thermaeumque
410 333 516 364 sinum
534 334 758 373 pra·i'estinans
774 335 799 373 ³,
817 343 891 365 mox
911 333 1062 365 Euboeam
1079 333 1168 372 AEgaei
1186 333 1284 364 maris
1297 333 1447 371 insulam,

123 381 156 411 et
175 381 330 412 Piraeeum
350 380 467 411 Atticae
490 388 556 411 orae
570 380 596 417 ss,
617 381 690 411 dein
709 381 933 412 Corinthiense
958 380 1051 411 littus
1073 380 1303 420 angustiasque
1332 377 1447 411 Isthmi

123 427 233 459 evadit
248 427 279 466 7;
296 427 442 467 marique
462 426 522 457 alio
548 427 727 467 Nicopolim
748 431 927 458 Romanam
949 426 1107 458 coloniam
1131 427 1312 467 ingressus,
1334 426 1378 458 ibi
1396 426 1450 458 de-

124 483 214 505 mum
231 474 417 514 cognoscit,
436 473 598 505 sollertius
614 475 846 514 interrogatum
857 499 865 514 ‚
881 476 1041 516 quisnam
1049 473 1148 514 soret
1162 498 1172 514 ,
1189 473 1313 505 dixisse
1332 475 1381 506 M.
1400 474 1450 504 Si-

125 523 207 554 cano
221 523 375 560 qenitum
385 532 398 559 ‚-
413 522 445 552 et
461 521 572 551 multis
585 522 782 552 sectatorum
797 521 932 562 dilapsis
946 520 1127 553 ascendisse
1140 529 1270 560 navem,
1283 522 1450 560 tamquam

124 569 249 601 Italiam
270 569 403 608 peteret.
431 568 623 607 scripsitque
648 568 717 599 haec
748 568 877 599 Tiberio
895 578 904 599 z
922 576 1026 608 neque
1051 576 1109 599 nos
1130 567 1287 608 originem
1312 567 1451 598 finemve

122 616 191 656 ejus
208 615 253 647 rei
270 615 356 646 ultra
370 615 587 655 comperimus
602 615 627 646 ⁸.

162 667 215 694 XI.
241 663 336 694 Exitu
352 662 427 692 anni
441 661 496 692 diu
513 663 607 693 aucta
620 662 780 694 discordia
796 662 968 693 consulum
984 663 991 681 ¹
1012 662 1131 703 erupit.
1149 671 1226 694 nam
1239 661 1327 701 Trio,
1347 661 1451 692 facilis

121 710 329 750 capessendis
348 709 527 740 inimicitiis
537 712 568 740 et
586 709 655 740 foro
668 709 679 727 ²
699 711 875 750 exercitus,
890 712 932 741 ut
944 718 1080 750 seynem
1097 710 1267 750 Requlum
1280 708 1328 741 acl
1341 710 1451 749 oppri-

121 757 262 789 mendos
289 757 403 796 SeJ'am'
428 758 601 787 ministros
625 757 754 797 oblique
777 757 1021 797 perstrinxerat.
1049 757 1119 795 ille,
1135 757 1195 788 nisi
1215 757 1450 795 lacesseretur,

121 804 291 836 modestiae
308 804 466 841 retinens,
485 812 549 834 non
565 804 662 835 modo
680 804 802 836 retudit
820 805 975 844 collegam
988 829 996 842 ‚
1013 804 1069 835 sed
1091 806 1131 836 ut
1148 802 1313 835 noxium³
1331 802 1450 841 conju-

121 853 268 883 rationis
283 851 322 882 ad
337 851 595 890 disquisitionem
614 852 774 883 trahebat.
795 852 968 891 multisque
987 852 1119 882 Patrum
1140 850 1309 881 orantibus
1324 874 1333 889 ,
1353 857 1451 889 pone·

121 901 193 930 rent
217 898 290 929 odia
313 898 345 928 in
378 897 551 938 perniciem
579 898 683 939 itura,
713 907 860 930 mansere
893 898 1011 930 infensi
1039 907 1077 930 ac
1105 898 1311 937 minitantes,
1347 896 1450 927 donec

121 946 311 985 magistratu
325 944 463 977 abirent.

121 1024 301 1052 opportunum
313 1024 458 1048 videretur,
472 1037 502 1041 —
513 1030 536 1048 5.
562 1025 716 1048 Praefectus.
728 1037 756 1040 —
767 1029 790 1047 4.
802 1024 886 1048 Verus
898 1026 934 1049 sit
949 1030 984 1048 an
1001 1024 1083 1048 falsus
1100 1024 1146 1048 ille
1167 1025 1278 1048 Drusus.
1295 1036 1323 1040 —-
1339 1029 1363 1047 ες.
1381 1024 1450 1047 Prae-

120 1058 308 1083 terrestinans.
322 1072 352 1076 —
363 1065 385 1083 e.
400 1061 440 1083 Sc.
458 1062 574 1090 portum.
588 1072 616 1077 —
627 1065 648 1083 7.
670 1062 711 1083 Sc.
726 1060 814 1087 terrim
826 1059 923 1084 deinde
938 1060 965 1083 in
976 1061 1036 1083 sinu
1049 1060 1190 1084 Corinthio
1204 1065 1288 1083 naves
1304 1058 1404 1088 repetit
1423 1059 1451 1081 et

121 1092 227 1117 lonium
246 1100 320 1118 mare
334 1095 425 1119 intrat.
439 1108 468 1112 --
479 1101 502 1119 8.
517 1096 652 1125 Comperit
664 1096 712 1119 Dio
722 1097 835 1122 Cassius,
853 1096 897 1125 qui
911 1096 1018 1123 (Lvnr,
1031 1096 1071 1119 25)
1084 1095 1315 1120 Pseudo-Drusum
1329 1093 1412 1118 tradit
1425 1099 1450 1116 a.

120 1134 162 1152 787
177 1129 210 1153 ab
225 1129 315 1159 aliquo
327 1131 465 1159 arreptum
479 1132 506 1154 ct
520 1131 553 1154 ad
564 1132 699 1155 Tiberium
714 1132 823 1155 missurn
835 1137 904 1155 esse.

149 1165 197 1223 {L
220 1169 240 1188 ι.
258 1165 300 1189 Sc.
320 1165 527 1196 subrogatorum
553 1167 580 1189 L.
601 1166 714 1190 Fulcinii
732 1167 855 1195 TrioniS,
876 1167 903 1191 P.
925 1167 1044 1191 Memmii
1063 1167 1163 1197 Reguli.
1184 1180 1213 1184 —
1242 1172 1265 1192 2.
1284 1165 1403 1191 Judiciis.
1421 1176 1449 1180 -

120 1204 140 1222 3.
180 1205 249 1224 cum.

455 1672 1122 1695 —-—*--——‡ffw-0&=——-———
