<?xml version="1.0" encoding="UTF-8"?>
<!DOCTYPE html PUBLIC "-//W3C//DTD XHTML 1.0 Transitional//EN"
    "http://www.w3.org/TR/xhtml1/DTD/xhtml1-transitional.dtd">
<html xmlns="http://www.w3.org/1999/xhtml" xml:lang="en" lang="en">
 <head>
  <title>
</title>
<meta http-equiv="Content-Type" content="text/html;charset=utf-8" />
  <meta name='ocr-system' content='tesseract 3.04.00' />
  <meta name='ocr-capabilities' content='ocr_page ocr_carea ocr_par ocr_line ocrx_word'/>
</head>
<body>
  <div class='ocr_page' id='page_1' title='image "./operaquaesupersu00taciuoft_0037.png"; bbox 0 0 1539 2668; ppageno 0'>
   <div class='ocr_carea' id='block_1_1' title="bbox 437 152 1339 184">
    <p class='ocr_par' dir='ltr' id='par_1_1' title="bbox 437 152 1339 184">
     <span class='ocr_line' id='line_1_1' title="bbox 437 152 1339 184; baseline -0.002 0"><span class='ocrx_word' id='word_1_1' title='bbox 437 156 473 184; x_wconf 78' lang='lat' dir='ltr'>A.</span> <span class='ocrx_word' id='word_1_2' title='bbox 499 154 537 184; x_wconf 90' lang='lat' dir='ltr'>U.</span> <span class='ocrx_word' id='word_1_3' title='bbox 561 154 596 183; x_wconf 88' lang='lat' dir='ltr'>C.</span> <span class='ocrx_word' id='word_1_4' title='bbox 621 153 694 183; x_wconf 85' lang='grc'><strong>767.</strong></span> <span class='ocrx_word' id='word_1_5' title='bbox 730 153 767 183; x_wconf 75' lang='grc' dir='ltr'>Α.</span> <span class='ocrx_word' id='word_1_6' title='bbox 791 152 829 183; x_wconf 85' lang='lat' dir='ltr'>G.</span> <span class='ocrx_word' id='word_1_7' title='bbox 857 153 905 184; x_wconf 65' lang='lat'>14·</span> <span class='ocrx_word' id='word_1_8' title='bbox 1320 154 1339 182; x_wconf 83' lang='lat'>5</span> 
     </span>
    </p>
   </div>
   <div class='ocr_carea' id='block_1_2' title="bbox 0 226 1342 1874">
    <p class='ocr_par' dir='ltr' id='par_1_2' title="bbox 2 226 1340 979">
     <span class='ocr_line' id='line_1_2' title="bbox 6 226 1334 271; baseline -0.005 -6"><span class='ocrx_word' id='word_1_9' title='bbox 6 234 138 265; x_wconf 88' lang='lat' dir='ltr'>senatus</span> <span class='ocrx_word' id='word_1_10' title='bbox 154 231 311 271; x_wconf 86' lang='lat' dir='ltr'>milesque</span> <span class='ocrx_word' id='word_1_11' title='bbox 326 230 359 262; x_wconf 84' lang='lat' dir='ltr'>et</span> <span class='ocrx_word' id='word_1_12' title='bbox 376 227 524 270; x_wconf 89' lang='lat' dir='ltr'>populus.</span> <span class='ocrx_word' id='word_1_13' title='bbox 553 236 629 259; x_wconf 90' lang='lat' dir='ltr'>nam</span> <span class='ocrx_word' id='word_1_14' title='bbox 648 227 797 259; x_wconf 86' lang='lat' dir='ltr'>Tiberius</span> <span class='ocrx_word' id='word_1_15' title='bbox 818 226 934 259; x_wconf 81' lang='lat' dir='ltr'>cuncta</span> <span class='ocrx_word' id='word_1_16' title='bbox 956 235 1012 267; x_wconf 88' lang='lat' dir='ltr'>per</span> <span class='ocrx_word' id='word_1_17' title='bbox 1039 226 1188 258; x_wconf 86' lang='lat' dir='ltr'>consules</span> <span class='ocrx_word' id='word_1_18' title='bbox 1204 226 1334 267; x_wconf 83' lang='lat' dir='ltr'>incipie-</span> 
     </span>
     <span class='ocr_line' id='line_1_3' title="bbox 7 273 1331 320; baseline -0.005 -8"><span class='ocrx_word' id='word_1_19' title='bbox 7 280 74 320; x_wconf 84' lang='lat' dir='ltr'>bat,</span> <span class='ocrx_word' id='word_1_20' title='bbox 92 281 247 320; x_wconf 85' lang='lat' dir='ltr'>tanquam</span> <span class='ocrx_word' id='word_1_21' title='bbox 263 278 369 309; x_wconf 84' lang='lat' dir='ltr'>vetere</span> <span class='ocrx_word' id='word_1_22' title='bbox 387 275 551 317; x_wconf 81' lang='lat' dir='ltr'>republica</span> <span class='ocrx_word' id='word_1_23' title='bbox 566 276 599 307; x_wconf 88' lang='lat' dir='ltr'>et</span> <span class='ocrx_word' id='word_1_24' title='bbox 615 275 785 316; x_wconf 85' lang='lat' dir='ltr'>ambiguus</span> <span class='ocrx_word' id='word_1_25' title='bbox 800 274 978 316; x_wconf 85' lang='lat' dir='ltr'>imperandi</span> <span class='ocrx_word' id='word_1_26' title='bbox 992 273 1017 305; x_wconf 77' lang='lat'>⁶.</span> <span class='ocrx_word' id='word_1_27' title='bbox 1043 283 1082 305; x_wconf 86' lang='lat' dir='ltr'>ne</span> <span class='ocrx_word' id='word_1_28' title='bbox 1099 274 1243 306; x_wconf 86' lang='lat' dir='ltr'>edictum</span> <span class='ocrx_word' id='word_1_29' title='bbox 1259 274 1331 315; x_wconf 90' lang='lat' dir='ltr'>qui-</span> 
     </span>
     <span class='ocr_line' id='line_1_4' title="bbox 5 322 1334 367; baseline -0.004 -8"><span class='ocrx_word' id='word_1_30' title='bbox 5 326 92 366; x_wconf 87' lang='lat' dir='ltr'>dem,</span> <span class='ocrx_word' id='word_1_31' title='bbox 113 336 178 367; x_wconf 92' lang='lat' dir='ltr'>quo</span> <span class='ocrx_word' id='word_1_32' title='bbox 196 327 307 357; x_wconf 87' lang='lat' dir='ltr'>Patres</span> <span class='ocrx_word' id='word_1_33' title='bbox 327 324 359 355; x_wconf 90' lang='lat' dir='ltr'>in</span> <span class='ocrx_word' id='word_1_34' title='bbox 383 323 506 355; x_wconf 87' lang='lat' dir='ltr'>curiam</span> <span class='ocrx_word' id='word_1_35' title='bbox 530 323 684 361; x_wconf 82' lang='lat' dir='ltr'>vocabat,</span> <span class='ocrx_word' id='word_1_36' title='bbox 705 323 765 354; x_wconf 89' lang='lat' dir='ltr'>nisi</span> <span class='ocrx_word' id='word_1_37' title='bbox 790 322 971 354; x_wconf 77' lang='lat' dir='ltr'>tribuniciae</span> <span class='ocrx_word' id='word_1_38' title='bbox 996 322 1164 362; x_wconf 83' lang='lat' dir='ltr'>potestatis</span> <span class='ocrx_word' id='word_1_39' title='bbox 1188 322 1334 361; x_wconf 84' lang='lat' dir='ltr'>praescri-</span> 
     </span>
     <span class='ocr_line' id='line_1_5' title="bbox 5 369 1338 415; baseline -0.004 -9"><span class='ocrx_word' id='word_1_40' title='bbox 5 374 113 415; x_wconf 86' lang='lat' dir='ltr'>ptione</span> <span class='ocrx_word' id='word_1_41' title='bbox 127 374 138 391; x_wconf 81' lang='lat'><strong>⁵</strong></span> <span class='ocrx_word' id='word_1_42' title='bbox 163 372 283 414; x_wconf 85' lang='lat' dir='ltr'>posuit,</span> <span class='ocrx_word' id='word_1_43' title='bbox 309 371 370 403; x_wconf 91' lang='lat' dir='ltr'>sub</span> <span class='ocrx_word' id='word_1_44' title='bbox 397 372 543 411; x_wconf 78' lang='lat' dir='ltr'>Augusto</span> <span class='ocrx_word' id='word_1_45' title='bbox 559 371 711 411; x_wconf 77' lang='lat' dir='ltr'>acceptae.</span> <span class='ocrx_word' id='word_1_46' title='bbox 738 370 836 401; x_wconf 81' lang='lat' dir='ltr'>verba</span> <span class='ocrx_word' id='word_1_47' title='bbox 854 370 950 402; x_wconf 89' lang='lat' dir='ltr'>edicti</span> <span class='ocrx_word' id='word_1_48' title='bbox 973 369 1059 400; x_wconf 77' lang='lat' dir='ltr'>tuere</span> <span class='ocrx_word' id='word_1_49' title='bbox 1076 378 1178 409; x_wconf 84' lang='lat' dir='ltr'>pauca</span> <span class='ocrx_word' id='word_1_50' title='bbox 1192 371 1223 400; x_wconf 91' lang='lat' dir='ltr'>et</span> <span class='ocrx_word' id='word_1_51' title='bbox 1239 378 1338 401; x_wconf 86' lang='lat' dir='ltr'>sensu</span> 
     </span>
     <span class='ocr_line' id='line_1_6' title="bbox 5 416 1339 461; baseline -0.001 -8"><span class='ocrx_word' id='word_1_52' title='bbox 5 421 230 461; x_wconf 74' lang='lat' dir='ltr'>permodesto:</span> <span class='ocrx_word' id='word_1_53' title='bbox 249 419 290 451; x_wconf 82' lang='lat' dir='ltr'>de</span> <span class='ocrx_word' id='word_1_54' title='bbox 314 418 499 451; x_wconf 74' lang='lat' dir='ltr'>honoribus</span> <span class='ocrx_word' id='word_1_55' title='bbox 520 420 678 459; x_wconf 80' lang='lat' dir='ltr'>parentis</span> <span class='ocrx_word' id='word_1_56' title='bbox 698 419 953 456; x_wconf 77' lang='lat' dir='ltr'>consulturum,</span> <span class='ocrx_word' id='word_1_57' title='bbox 973 425 1081 458; x_wconf 78' lang='lat' dir='ltr'>neque</span> <span class='ocrx_word' id='word_1_58' title='bbox 1106 416 1290 450; x_wconf 71' lang='lat' dir='ltr'>abscedere</span> <span class='ocrx_word' id='word_1_59' title='bbox 1315 427 1339 451; x_wconf 85' lang='lat' dir='ltr'>a</span> 
     </span>
     <span class='ocr_line' id='line_1_7' title="bbox 4 464 1338 509; baseline -0.002 -9"><span class='ocrx_word' id='word_1_60' title='bbox 4 477 157 509; x_wconf 80' lang='lat' dir='ltr'>corpore,</span> <span class='ocrx_word' id='word_1_61' title='bbox 179 467 280 508; x_wconf 79' lang='lat' dir='ltr'>idque</span> <span class='ocrx_word' id='word_1_62' title='bbox 302 466 435 498; x_wconf 65' lang='lat' dir='ltr'>‘lcitumG</span> <span class='ocrx_word' id='word_1_63' title='bbox 455 475 498 497; x_wconf 79' lang='lat' dir='ltr'>ex</span> <span class='ocrx_word' id='word_1_64' title='bbox 512 465 658 506; x_wconf 75' lang='lat' dir='ltr'>publicis</span> <span class='ocrx_word' id='word_1_65' title='bbox 674 465 873 497; x_wconf 74' lang='lat' dir='ltr'>muneribus</span> <span class='ocrx_word' id='word_1_66' title='bbox 896 473 1082 505; x_wconf 79' lang='lat' dir='ltr'>usurpare.</span> <span class='ocrx_word' id='word_1_67' title='bbox 1101 464 1160 496; x_wconf 90' lang='lat' dir='ltr'>Sed</span> <span class='ocrx_word' id='word_1_68' title='bbox 1185 465 1338 497; x_wconf 76' lang='lat' dir='ltr'>defuneto</span> 
     </span>
     <span class='ocr_line' id='line_1_8' title="bbox 8 511 1338 556; baseline -0.002 -9"><span class='ocrx_word' id='word_1_69' title='bbox 8 517 154 556; x_wconf 85' lang='lat' dir='ltr'>Augusto</span> <span class='ocrx_word' id='word_1_70' title='bbox 172 515 300 555; x_wconf 78' lang='lat' dir='ltr'>signnm</span> <span class='ocrx_word' id='word_1_71' title='bbox 317 513 326 531; x_wconf 80' lang='lat'>&#39;¹</span> <span class='ocrx_word' id='word_1_72' title='bbox 354 513 515 554; x_wconf 76' lang='lat' dir='ltr'>praetoriis</span> <span class='ocrx_word' id='word_1_73' title='bbox 533 512 720 544; x_wconf 79' lang='lat' dir='ltr'>cohortibus</span> <span class='ocrx_word' id='word_1_74' title='bbox 743 515 778 544; x_wconf 88' lang='lat' dir='ltr'>ut</span> <span class='ocrx_word' id='word_1_75' title='bbox 801 513 975 553; x_wconf 86' lang='lat' dir='ltr'>imperator</span> <span class='ocrx_word' id='word_1_76' title='bbox 994 511 1127 543; x_wconf 76' lang='lat' dir='ltr'>dederat</span> <span class='ocrx_word' id='word_1_77' title='bbox 1147 521 1153 542; x_wconf 92' lang='lat'>:</span> <span class='ocrx_word' id='word_1_78' title='bbox 1176 512 1338 552; x_wconf 77' lang='lat' dir='ltr'>excubiae,</span> 
     </span>
     <span class='ocr_line' id='line_1_9' title="bbox 6 559 1340 600; baseline -0.003 -7"><span class='ocrx_word' id='word_1_79' title='bbox 6 571 107 600; x_wconf 85' lang='lat' dir='ltr'>arma,</span> <span class='ocrx_word' id='word_1_80' title='bbox 124 564 231 593; x_wconf 84' lang='lat' dir='ltr'>cetera</span> <span class='ocrx_word' id='word_1_81' title='bbox 246 561 346 600; x_wconf 81' lang='lat' dir='ltr'>aulae;</span> <span class='ocrx_word' id='word_1_82' title='bbox 366 560 460 592; x_wconf 86' lang='lat' dir='ltr'>miles</span> <span class='ocrx_word' id='word_1_83' title='bbox 478 561 509 591; x_wconf 92' lang='lat' dir='ltr'>in</span> <span class='ocrx_word' id='word_1_84' title='bbox 529 561 651 599; x_wconf 83' lang='lat' dir='ltr'>sorum,</span> <span class='ocrx_word' id='word_1_85' title='bbox 669 560 760 591; x_wconf 90' lang='lat' dir='ltr'>miles</span> <span class='ocrx_word' id='word_1_86' title='bbox 781 560 811 591; x_wconf 93' lang='lat' dir='ltr'>in</span> <span class='ocrx_word' id='word_1_87' title='bbox 828 560 950 591; x_wconf 89' lang='lat' dir='ltr'>curiam</span> <span class='ocrx_word' id='word_1_88' title='bbox 971 559 1198 591; x_wconf 79' lang='lat' dir='ltr'>comitabatur.</span> <span class='ocrx_word' id='word_1_89' title='bbox 1216 559 1340 590; x_wconf 82' lang='lat' dir='ltr'>litteras</span> 
     </span>
     <span class='ocr_line' id='line_1_10' title="bbox 5 605 1339 649; baseline -0.004 -8"><span class='ocrx_word' id='word_1_90' title='bbox 5 609 45 641; x_wconf 87' lang='lat' dir='ltr'>ad</span> <span class='ocrx_word' id='word_1_91' title='bbox 62 609 222 641; x_wconf 77' lang='lat' dir='ltr'>exercitus</span> <span class='ocrx_word' id='word_1_92' title='bbox 243 611 408 648; x_wconf 87' lang='lat' dir='ltr'>tamquam</span> <span class='ocrx_word' id='word_1_93' title='bbox 428 609 545 648; x_wconf 80' lang='lat' dir='ltr'>adepto</span> <span class='ocrx_word' id='word_1_94' title='bbox 558 607 569 625; x_wconf 71' lang='lat'><strong>⁸</strong></span> <span class='ocrx_word' id='word_1_95' title='bbox 592 608 774 649; x_wconf 75' lang='lat' dir='ltr'>principatu</span> <span class='ocrx_word' id='word_1_96' title='bbox 794 608 893 648; x_wconf 88' lang='lat' dir='ltr'>misit,</span> <span class='ocrx_word' id='word_1_97' title='bbox 911 616 1072 647; x_wconf 79' lang='lat' dir='ltr'>nusquam</span> <span class='ocrx_word' id='word_1_98' title='bbox 1092 605 1339 638; x_wconf 70' lang='lat' dir='ltr'>cunctabundus</span> 
     </span>
     <span class='ocr_line' id='line_1_11' title="bbox 5 654 1339 696; baseline -0.004 -8"><span class='ocrx_word' id='word_1_99' title='bbox 5 656 68 688; x_wconf 83' lang='lat' dir='ltr'>nisi</span> <span class='ocrx_word' id='word_1_100' title='bbox 84 665 185 696; x_wconf 92' lang='lat' dir='ltr'>quum</span> <span class='ocrx_word' id='word_1_101' title='bbox 202 656 235 687; x_wconf 85' lang='lat' dir='ltr'>in</span> <span class='ocrx_word' id='word_1_102' title='bbox 249 658 360 687; x_wconf 86' lang='lat' dir='ltr'>senatu</span> <span class='ocrx_word' id='word_1_103' title='bbox 379 656 574 696; x_wconf 84' lang='lat' dir='ltr'>loqueretur.</span> <span class='ocrx_word' id='word_1_104' title='bbox 593 664 691 686; x_wconf 86' lang='lat' dir='ltr'>causa</span> <span class='ocrx_word' id='word_1_105' title='bbox 710 655 871 696; x_wconf 84' lang='lat' dir='ltr'>pra¹cipua</span> <span class='ocrx_word' id='word_1_106' title='bbox 891 664 930 686; x_wconf 82' lang='lat' dir='ltr'>ex</span> <span class='ocrx_word' id='word_1_107' title='bbox 948 654 1131 693; x_wconf 78' lang='lat' dir='ltr'>formidine,</span> <span class='ocrx_word' id='word_1_108' title='bbox 1149 662 1189 684; x_wconf 91' lang='lat' dir='ltr'>ne</span> <span class='ocrx_word' id='word_1_109' title='bbox 1213 657 1339 685; x_wconf 85' lang='lat' dir='ltr'>Germa-</span> 
     </span>
     <span class='ocr_line' id='line_1_12' title="bbox 4 698 1340 743; baseline -0.004 -9"><span class='ocrx_word' id='word_1_110' title='bbox 4 703 107 741; x_wconf 87' lang='lat' dir='ltr'>nicus,</span> <span class='ocrx_word' id='word_1_111' title='bbox 127 703 158 734; x_wconf 93' lang='lat' dir='ltr'>in</span> <span class='ocrx_word' id='word_1_112' title='bbox 178 703 270 743; x_wconf 86' lang='lat' dir='ltr'>cujus</span> <span class='ocrx_word' id='word_1_113' title='bbox 287 712 383 734; x_wconf 90' lang='lat' dir='ltr'>manu</span> <span class='ocrx_word' id='word_1_114' title='bbox 401 705 451 735; x_wconf 90' lang='lat' dir='ltr'>tot</span> <span class='ocrx_word' id='word_1_115' title='bbox 473 703 624 742; x_wconf 72' lang='lat' dir='ltr'>legiones,</span> <span class='ocrx_word' id='word_1_116' title='bbox 642 702 800 733; x_wconf 86' lang='lat' dir='ltr'>immensa</span> <span class='ocrx_word' id='word_1_117' title='bbox 814 702 975 733; x_wconf 85' lang='lat' dir='ltr'>sociorum</span> <span class='ocrx_word' id='word_1_118' title='bbox 991 701 1123 736; x_wconf 73' lang='lat' dir='ltr'>auxilia,</span> <span class='ocrx_word' id='word_1_119' title='bbox 1143 701 1243 731; x_wconf 87' lang='lat' dir='ltr'>mirus</span> <span class='ocrx_word' id='word_1_120' title='bbox 1254 698 1340 740; x_wconf 80' lang='lat' dir='ltr'>apud</span> 
     </span>
     <span class='ocr_line' id='line_1_13' title="bbox 2 747 1339 791; baseline -0.004 -10"><span class='ocrx_word' id='word_1_121' title='bbox 2 750 161 791; x_wconf 86' lang='lat' dir='ltr'>populum</span> <span class='ocrx_word' id='word_1_122' title='bbox 178 750 278 789; x_wconf 73' lang='lat' dir='ltr'>favor,</span> <span class='ocrx_word' id='word_1_123' title='bbox 291 750 406 781; x_wconf 84' lang='lat' dir='ltr'>habere</span> <span class='ocrx_word' id='word_1_124' title='bbox 423 749 594 790; x_wconf 86' lang='lat' dir='ltr'>imperinm</span> <span class='ocrx_word' id='word_1_125' title='bbox 606 758 701 789; x_wconf 85' lang='lat' dir='ltr'>quain</span> <span class='ocrx_word' id='word_1_126' title='bbox 720 753 905 790; x_wconf 70' lang='lat' dir='ltr'>exspectare</span> <span class='ocrx_word' id='word_1_127' title='bbox 923 748 1041 780; x_wconf 83' lang='lat' dir='ltr'>mallet.</span> <span class='ocrx_word' id='word_1_128' title='bbox 1055 749 1150 779; x_wconf 81' lang='lat' dir='ltr'>dabat</span> <span class='ocrx_word' id='word_1_129' title='bbox 1160 750 1192 779; x_wconf 84' lang='lat' dir='ltr'>et</span> <span class='ocrx_word' id='word_1_130' title='bbox 1211 747 1339 784; x_wconf 41' lang='lat' dir='ltr'>famae&amp;</span> 
     </span>
     <span class='ocr_line' id='line_1_14' title="bbox 3 794 1339 838; baseline -0.003 -10"><span class='ocrx_word' id='word_1_131' title='bbox 3 798 42 829; x_wconf 90' lang='lat' dir='ltr'>ut</span> <span class='ocrx_word' id='word_1_132' title='bbox 56 798 193 829; x_wconf 75' lang='lat' dir='ltr'>vocatus</span> <span class='ocrx_word' id='word_1_133' title='bbox 219 797 405 837; x_wconf 85' lang='lat' dir='ltr'>electusque</span> <span class='ocrx_word' id='word_1_134' title='bbox 430 797 540 838; x_wconf 86' lang='lat' dir='ltr'>potius</span> <span class='ocrx_word' id='word_1_135' title='bbox 563 806 580 828; x_wconf 88' lang='lat' dir='ltr'>a</span> <span class='ocrx_word' id='word_1_136' title='bbox 604 796 769 837; x_wconf 70' lang='lat' dir='ltr'>republica</span> <span class='ocrx_word' id='word_1_137' title='bbox 793 797 965 835; x_wconf 76' lang='lat' dir='ltr'>videretur,</span> <span class='ocrx_word' id='word_1_138' title='bbox 988 805 1084 836; x_wconf 81' lang='lat' dir='ltr'>quam</span> <span class='ocrx_word' id='word_1_139' title='bbox 1109 805 1163 835; x_wconf 87' lang='lat' dir='ltr'>per</span> <span class='ocrx_word' id='word_1_140' title='bbox 1188 794 1339 825; x_wconf 70' lang='lat' dir='ltr'>uxorium</span> 
     </span>
     <span class='ocr_line' id='line_1_15' title="bbox 4 841 1340 885; baseline -0.002 -11"><span class='ocrx_word' id='word_1_141' title='bbox 4 843 163 875; x_wconf 83' lang='lat' dir='ltr'>ambitum</span> <span class='ocrx_word' id='word_1_142' title='bbox 183 844 209 862; x_wconf 82' lang='lat'>¹⁰</span> <span class='ocrx_word' id='word_1_143' title='bbox 234 846 265 876; x_wconf 91' lang='lat' dir='ltr'>et</span> <span class='ocrx_word' id='word_1_144' title='bbox 282 844 373 876; x_wconf 84' lang='lat' dir='ltr'>senili</span> <span class='ocrx_word' id='word_1_145' title='bbox 392 844 565 885; x_wconf 78' lang='lat' dir='ltr'>adoptione</span> <span class='ocrx_word' id='word_1_146' title='bbox 589 845 763 884; x_wconf 71' lang='lat' dir='ltr'>irrepsisse.</span> <span class='ocrx_word' id='word_1_147' title='bbox 790 847 901 885; x_wconf 77' lang='lat' dir='ltr'>postca</span> <span class='ocrx_word' id='word_1_148' title='bbox 918 844 1081 883; x_wconf 82' lang='lat' dir='ltr'>cognitum</span> <span class='ocrx_word' id='word_1_149' title='bbox 1100 845 1159 880; x_wconf 84' lang='lat' dir='ltr'>cst,</span> <span class='ocrx_word' id='word_1_150' title='bbox 1179 843 1217 873; x_wconf 89' lang='lat' dir='ltr'>ad</span> <span class='ocrx_word' id='word_1_151' title='bbox 1242 841 1340 872; x_wconf 85' lang='lat' dir='ltr'>intro-</span> 
     </span>
     <span class='ocr_line' id='line_1_16' title="bbox 3 888 1338 932; baseline -0.002 -11"><span class='ocrx_word' id='word_1_152' title='bbox 3 891 183 932; x_wconf 86' lang='lat' dir='ltr'>spiciendas</span> <span class='ocrx_word' id='word_1_153' title='bbox 209 893 304 923; x_wconf 88' lang='lat' dir='ltr'>etiam</span> <span class='ocrx_word' id='word_1_154' title='bbox 325 901 494 932; x_wconf 88' lang='lat' dir='ltr'>procerum</span> <span class='ocrx_word' id='word_1_155' title='bbox 519 892 706 923; x_wconf 69' lang='lat' dir='ltr'>voluntates</span> <span class='ocrx_word' id='word_1_156' title='bbox 739 892 905 923; x_wconf 86' lang='lat' dir='ltr'>inductam</span> <span class='ocrx_word' id='word_1_157' title='bbox 936 890 1171 922; x_wconf 77' lang='lat' dir='ltr'>dubitationem</span> <span class='ocrx_word' id='word_1_158' title='bbox 1191 888 1214 906; x_wconf 85' lang='lat'>¹¹</span> <span class='ocrx_word' id='word_1_159' title='bbox 1239 896 1338 919; x_wconf 84' lang='lat' dir='ltr'>:nam</span> 
     </span>
     <span class='ocr_line' id='line_1_17' title="bbox 3 937 924 979; baseline 0 -10"><span class='ocrx_word' id='word_1_160' title='bbox 3 937 115 977; x_wconf 85' lang='lat' dir='ltr'>verba,</span> <span class='ocrx_word' id='word_1_161' title='bbox 140 938 251 969; x_wconf 79' lang='lat' dir='ltr'>vuitus</span> <span class='ocrx_word' id='word_1_162' title='bbox 268 940 299 969; x_wconf 94' lang='lat' dir='ltr'>in</span> <span class='ocrx_word' id='word_1_163' title='bbox 318 939 439 970; x_wconf 83' lang='lat' dir='ltr'>crimen</span> <span class='ocrx_word' id='word_1_164' title='bbox 455 939 653 979; x_wconf 79' lang='lat' dir='ltr'>detorquens</span> <span class='ocrx_word' id='word_1_165' title='bbox 672 938 867 970; x_wconf 76' lang='lat' dir='ltr'>recondebat</span> <span class='ocrx_word' id='word_1_166' title='bbox 885 938 924 969; x_wconf 77' lang='lat'>¹².</span> 
     </span>
    </p>

    <p class='ocr_par' dir='ltr' id='par_1_3' title="bbox 0 982 1342 1874">
     <span class='ocr_line' id='line_1_18' title="bbox 44 982 1340 1027; baseline -0.003 -10"><span class='ocrx_word' id='word_1_167' title='bbox 44 987 133 1017; x_wconf 86' lang='lat' dir='ltr'>Vlll.</span> <span class='ocrx_word' id='word_1_168' title='bbox 153 985 236 1017; x_wconf 79' lang='lat' dir='ltr'>Nihil</span> <span class='ocrx_word' id='word_1_169' title='bbox 251 986 356 1026; x_wconf 90' lang='lat' dir='ltr'>primo</span> <span class='ocrx_word' id='word_1_170' title='bbox 375 989 506 1018; x_wconf 84' lang='lat' dir='ltr'>senatus</span> <span class='ocrx_word' id='word_1_171' title='bbox 519 987 571 1018; x_wconf 86' lang='lat' dir='ltr'>die</span> <span class='ocrx_word' id='word_1_172' title='bbox 585 987 634 1027; x_wconf 78' lang='lat' dir='ltr'>agi</span> <span class='ocrx_word' id='word_1_173' title='bbox 653 995 766 1027; x_wconf 84' lang='lat' dir='ltr'>passus</span> <span class='ocrx_word' id='word_1_174' title='bbox 785 986 844 1017; x_wconf 89' lang='lat' dir='ltr'>nisi</span> <span class='ocrx_word' id='word_1_175' title='bbox 859 986 898 1016; x_wconf 69' lang='lat' dir='ltr'>do</span> <span class='ocrx_word' id='word_1_176' title='bbox 913 983 1231 1025; x_wconf 73' lang='lat' dir='ltr'>supremisAugnsti.</span> <span class='ocrx_word' id='word_1_177' title='bbox 1248 982 1340 1022; x_wconf 87' lang='lat' dir='ltr'>cujus</span> 
     </span>
     <span class='ocr_line' id='line_1_19' title="bbox 2 1030 1340 1074; baseline -0.001 -11"><span class='ocrx_word' id='word_1_178' title='bbox 2 1032 248 1072; x_wconf 86' lang='lat' dir='ltr'>testamentum,</span> <span class='ocrx_word' id='word_1_179' title='bbox 271 1033 394 1064; x_wconf 89' lang='lat' dir='ltr'>illatum</span> <span class='ocrx_word' id='word_1_180' title='bbox 420 1043 475 1074; x_wconf 88' lang='lat' dir='ltr'>per</span> <span class='ocrx_word' id='word_1_181' title='bbox 499 1035 639 1073; x_wconf 72' lang='lat' dir='ltr'>virgines</span> <span class='ocrx_word' id='word_1_182' title='bbox 663 1037 766 1065; x_wconf 68' lang='lat' dir='ltr'>Vestae</span> <span class='ocrx_word' id='word_1_183' title='bbox 782 1034 804 1072; x_wconf 79' lang='lat'>¹,</span> <span class='ocrx_word' id='word_1_184' title='bbox 829 1033 992 1064; x_wconf 76' lang='lat' dir='ltr'>Tiberium</span> <span class='ocrx_word' id='word_1_185' title='bbox 1012 1034 1043 1063; x_wconf 78' lang='lat' dir='ltr'>et</span> <span class='ocrx_word' id='word_1_186' title='bbox 1068 1032 1188 1063; x_wconf 66' lang='lat' dir='ltr'>Liviam</span> <span class='ocrx_word' id='word_1_187' title='bbox 1206 1030 1340 1062; x_wconf 89' lang='lat' dir='ltr'>heredes</span> 
     </span>
     <span class='ocr_line' id='line_1_20' title="bbox 2 1077 1340 1120; baseline -0.001 -10"><span class='ocrx_word' id='word_1_188' title='bbox 2 1077 117 1111; x_wconf 83' lang='lat' dir='ltr'>habuit</span> <span class='ocrx_word' id='word_1_189' title='bbox 134 1089 140 1110; x_wconf 93' lang='lat'>:</span> <span class='ocrx_word' id='word_1_190' title='bbox 160 1080 250 1111; x_wconf 85' lang='lat' dir='ltr'>Livia</span> <span class='ocrx_word' id='word_1_191' title='bbox 279 1080 310 1111; x_wconf 91' lang='lat' dir='ltr'>in</span> <span class='ocrx_word' id='word_1_192' title='bbox 336 1081 489 1112; x_wconf 78' lang='lat' dir='ltr'>familiam</span> <span class='ocrx_word' id='word_1_193' title='bbox 515 1081 634 1112; x_wconf 74' lang='lat' dir='ltr'>Julian}</span> <span class='ocrx_word' id='word_1_194' title='bbox 657 1090 839 1120; x_wconf 75' lang='lat' dir='ltr'>nomenque</span> <span class='ocrx_word' id='word_1_195' title='bbox 861 1082 1014 1119; x_wconf 65' lang='lat' dir='ltr'>Augustae</span> <span class='ocrx_word' id='word_1_196' title='bbox 1038 1079 1277 1116; x_wconf 81' lang='lat' dir='ltr'>assunwbatur,</span> <span class='ocrx_word' id='word_1_197' title='bbox 1306 1077 1340 1108; x_wconf 91' lang='lat' dir='ltr'>in</span> 
     </span>
     <span class='ocr_line' id='line_1_21' title="bbox 2 1123 1340 1169; baseline -0.001 -13"><span class='ocrx_word' id='word_1_198' title='bbox 2 1132 93 1166; x_wconf 90' lang='lat' dir='ltr'>spem</span> <span class='ocrx_word' id='word_1_199' title='bbox 111 1128 288 1159; x_wconf 87' lang='lat' dir='ltr'>secundam</span> <span class='ocrx_word' id='word_1_200' title='bbox 312 1131 444 1169; x_wconf 82' lang='lat' dir='ltr'>nepotes</span> <span class='ocrx_word' id='word_1_201' title='bbox 467 1127 760 1168; x_wconf 80' lang='lat' dir='ltr'>pi·onepotesque²‚</span> <span class='ocrx_word' id='word_1_202' title='bbox 782 1128 875 1159; x_wconf 87' lang='lat' dir='ltr'>tertio</span> <span class='ocrx_word' id='word_1_203' title='bbox 894 1127 992 1166; x_wconf 73' lang='lat' dir='ltr'>gradu</span> <span class='ocrx_word' id='word_1_204' title='bbox 1018 1127 1174 1167; x_wconf 83' lang='lat' dir='ltr'>primores</span> <span class='ocrx_word' id='word_1_205' title='bbox 1199 1123 1340 1157; x_wconf 81' lang='lat' dir='ltr'>civitatis</span> 
     </span>
     <span class='ocr_line' id='line_1_22' title="bbox 5 1173 1338 1214; baseline 0 -11"><span class='ocrx_word' id='word_1_206' title='bbox 5 1173 191 1213; x_wconf 84' lang='lat' dir='ltr'>scripserat,</span> <span class='ocrx_word' id='word_1_207' title='bbox 220 1174 390 1214; x_wconf 84' lang='lat' dir='ltr'>plerosque</span> <span class='ocrx_word' id='word_1_208' title='bbox 415 1175 536 1205; x_wconf 78' lang='lat' dir='ltr'>invisos</span> <span class='ocrx_word' id='word_1_209' title='bbox 557 1174 639 1213; x_wconf 84' lang='lat' dir='ltr'>sibi,</span> <span class='ocrx_word' id='word_1_210' title='bbox 666 1174 720 1205; x_wconf 84' lang='lat' dir='ltr'>sed</span> <span class='ocrx_word' id='word_1_211' title='bbox 746 1174 900 1213; x_wconf 73' lang='lat' dir='ltr'>jactantia</span> <span class='ocrx_word' id='word_1_212' title='bbox 924 1175 1087 1214; x_wconf 70' lang='lat' dir='ltr'>gloriaque</span> <span class='ocrx_word' id='word_1_213' title='bbox 1114 1173 1154 1204; x_wconf 86' lang='lat' dir='ltr'>ad</span> <span class='ocrx_word' id='word_1_214' title='bbox 1181 1174 1338 1213; x_wconf 86' lang='lat' dir='ltr'>posteros.</span> 
     </span>
     <span class='ocr_line' id='line_1_23' title="bbox 4 1219 1339 1261; baseline -0.001 -11"><span class='ocrx_word' id='word_1_215' title='bbox 4 1219 108 1260; x_wconf 87' lang='lat' dir='ltr'>legata</span> <span class='ocrx_word' id='word_1_216' title='bbox 125 1230 188 1251; x_wconf 92' lang='lat' dir='ltr'>non</span> <span class='ocrx_word' id='word_1_217' title='bbox 213 1221 296 1251; x_wconf 87' lang='lat' dir='ltr'>ultra</span> <span class='ocrx_word' id='word_1_218' title='bbox 311 1221 440 1252; x_wconf 75' lang='lat' dir='ltr'>civilem</span> <span class='ocrx_word' id='word_1_219' title='bbox 458 1221 604 1259; x_wconf 87' lang='lat' dir='ltr'>modum,</span> <span class='ocrx_word' id='word_1_220' title='bbox 623 1221 684 1251; x_wconf 81' lang='lat' dir='ltr'>nisi</span> <span class='ocrx_word' id='word_1_221' title='bbox 702 1221 788 1261; x_wconf 90' lang='lat' dir='ltr'>quod</span> <span class='ocrx_word' id='word_1_222' title='bbox 804 1222 921 1261; x_wconf 81' lang='lat' dir='ltr'>populo</span> <span class='ocrx_word' id='word_1_223' title='bbox 944 1223 976 1252; x_wconf 89' lang='lat' dir='ltr'>et</span> <span class='ocrx_word' id='word_1_224' title='bbox 994 1221 1077 1261; x_wconf 77' lang='lat' dir='ltr'>plebi</span> <span class='ocrx_word' id='word_1_225' title='bbox 1093 1222 1301 1251; x_wconf 67' lang='lat' dir='ltr'><strong>CCCCXXXV</strong></span> <span class='ocrx_word' id='word_1_226' title='bbox 1313 1221 1339 1260; x_wconf 78' lang='lat'>³,</span> 
     </span>
     <span class='ocr_line' id='line_1_24' title="bbox 4 1267 1340 1307; baseline 0 -10"><span class='ocrx_word' id='word_1_227' title='bbox 4 1268 236 1307; x_wconf 65' lang='lat' dir='ltr'>praetoriarum</span> <span class='ocrx_word' id='word_1_228' title='bbox 251 1268 434 1299; x_wconf 77' lang='lat' dir='ltr'>cohortium</span> <span class='ocrx_word' id='word_1_229' title='bbox 453 1267 610 1298; x_wconf 80' lang='lat' dir='ltr'>militibus</span> <span class='ocrx_word' id='word_1_230' title='bbox 624 1268 750 1307; x_wconf 82' lang='lat' dir='ltr'>singula</span> <span class='ocrx_word' id='word_1_231' title='bbox 767 1270 901 1298; x_wconf 78' lang='lat' dir='ltr'>numum</span> <span class='ocrx_word' id='word_1_232' title='bbox 922 1267 1033 1306; x_wconf 88' lang='lat' dir='ltr'>millia,</span> <span class='ocrx_word' id='word_1_233' title='bbox 1052 1267 1234 1307; x_wconf 76' lang='lat' dir='ltr'>legionariis</span> <span class='ocrx_word' id='word_1_234' title='bbox 1248 1268 1340 1305; x_wconf 79' lang='lat' dir='ltr'>CCC,</span> 
     </span>
     <span class='ocr_line' id='line_1_25' title="bbox 4 1313 1340 1346; baseline -0.001 -2"><span class='ocrx_word' id='word_1_235' title='bbox 4 1313 192 1345; x_wconf 84' lang='lat' dir='ltr'>cohortibus</span> <span class='ocrx_word' id='word_1_236' title='bbox 215 1314 338 1345; x_wconf 61' lang='lat' dir='ltr'>civium</span> <span class='ocrx_word' id='word_1_237' title='bbox 359 1314 598 1346; x_wconf 68' lang='lat' dir='ltr'>Romanorum²</span> <span class='ocrx_word' id='word_1_238' title='bbox 620 1316 760 1346; x_wconf 84' lang='lat' dir='ltr'>CCCCC</span> <span class='ocrx_word' id='word_1_239' title='bbox 774 1324 890 1345; x_wconf 81' lang='lat' dir='ltr'>numos</span> <span class='ocrx_word' id='word_1_240' title='bbox 906 1314 1027 1345; x_wconf 70' lang='lat' dir='ltr'>viritim</span> <span class='ocrx_word' id='word_1_241' title='bbox 1045 1314 1145 1345; x_wconf 86' lang='lat' dir='ltr'>dedit.</span> <span class='ocrx_word' id='word_1_242' title='bbox 1163 1315 1245 1344; x_wconf 89' lang='lat' dir='ltr'>Tum</span> <span class='ocrx_word' id='word_1_243' title='bbox 1266 1322 1340 1343; x_wconf 87' lang='lat' dir='ltr'>con-</span> 
     </span>
     <span class='ocr_line' id='line_1_26' title="bbox 3 1360 1340 1401; baseline -0.001 -10"><span class='ocrx_word' id='word_1_244' title='bbox 3 1360 159 1391; x_wconf 84' lang='lat' dir='ltr'>sultatum</span> <span class='ocrx_word' id='word_1_245' title='bbox 178 1361 217 1392; x_wconf 90' lang='lat' dir='ltr'>de</span> <span class='ocrx_word' id='word_1_246' title='bbox 245 1361 439 1399; x_wconf 77' lang='lat' dir='ltr'>honoribus3</span> <span class='ocrx_word' id='word_1_247' title='bbox 460 1370 497 1392; x_wconf 76' lang='lat' dir='ltr'>ex</span> <span class='ocrx_word' id='word_1_248' title='bbox 524 1363 597 1401; x_wconf 82' lang='lat' dir='ltr'>quis</span> <span class='ocrx_word' id='word_1_249' title='bbox 615 1362 755 1391; x_wconf 78' lang='lat' dir='ltr'>maxime</span> <span class='ocrx_word' id='word_1_250' title='bbox 778 1361 919 1401; x_wconf 77' lang='lat' dir='ltr'>insignes</span> <span class='ocrx_word' id='word_1_251' title='bbox 940 1361 1002 1391; x_wconf 79' lang='lat' dir='ltr'>visi</span> <span class='ocrx_word' id='word_1_252' title='bbox 1020 1370 1026 1390; x_wconf 90' lang='lat'>:</span> <span class='ocrx_word' id='word_1_253' title='bbox 1042 1363 1081 1391; x_wconf 76' lang='lat' dir='ltr'>ut</span> <span class='ocrx_word' id='word_1_254' title='bbox 1101 1362 1203 1400; x_wconf 64' lang='grc' dir='ltr'><em>μοι-ἴα</em></span> <span class='ocrx_word' id='word_1_255' title='bbox 1222 1361 1340 1390; x_wconf 73' lang='lat' dir='ltr'>[rium-</span> 
     </span>
     <span class='ocr_line' id='line_1_27' title="bbox 0 1407 1341 1448; baseline -0.003 -9"><span class='ocrx_word' id='word_1_256' title='bbox 0 1407 101 1448; x_wconf 77' lang='lat' dir='ltr'>pliali</span> <span class='ocrx_word' id='word_1_257' title='bbox 112 1408 425 1448; x_wconf 66' lang='lat' dir='ltr'>(lucerelicrsmms,</span> <span class='ocrx_word' id='word_1_258' title='bbox 437 1407 1341 1448; x_wconf 70' lang='lat' dir='ltr'>GallusAsiuius;ullr¹911111latarumlilzsli,z·ic!(1rum</span> 
     </span>
     <span class='ocr_line' id='line_1_28' title="bbox 3 1453 1341 1495; baseline -0.001 -10"><span class='ocrx_word' id='word_1_259' title='bbox 3 1453 49 1485; x_wconf 84' lang='lat' dir='ltr'>ab</span> <span class='ocrx_word' id='word_1_260' title='bbox 67 1462 103 1485; x_wconf 83' lang='lat' dir='ltr'>eo</span> <span class='ocrx_word' id='word_1_261' title='bbox 119 1457 270 1495; x_wconf 71' lang='lat' dir='ltr'>qenle&#39;zcm</span> <span class='ocrx_word' id='word_1_262' title='bbox 298 1455 466 1486; x_wconf 76' lang='lat' dir='ltr'>vocabula</span> <span class='ocrx_word' id='word_1_263' title='bbox 485 1455 763 1495; x_wconf 77' lang='lat' dir='ltr'>anleserrenlecr‚</span> <span class='ocrx_word' id='word_1_264' title='bbox 782 1457 816 1486; x_wconf 90' lang='lat' dir='ltr'>L.</span> <span class='ocrx_word' id='word_1_265' title='bbox 839 1457 1010 1486; x_wconf 81' lang='lat' dir='ltr'>Arruntius</span> <span class='ocrx_word' id='word_1_266' title='bbox 1025 1463 1176 1485; x_wconf 65' lang='lat' dir='ltr'>censuere</span> <span class='ocrx_word' id='word_1_267' title='bbox 1196 1454 1219 1483; x_wconf 64' lang='lat'>⁵.</span> <span class='ocrx_word' id='word_1_268' title='bbox 1246 1453 1341 1484; x_wconf 86' lang='lat' dir='ltr'>adde-</span> 
     </span>
     <span class='ocr_line' id='line_1_29' title="bbox 4 1499 1340 1542; baseline -0.001 -10"><span class='ocrx_word' id='word_1_269' title='bbox 4 1499 59 1532; x_wconf 85' lang='lat' dir='ltr'>bat</span> <span class='ocrx_word' id='word_1_270' title='bbox 74 1502 212 1533; x_wconf 77' lang='lat' dir='ltr'>Messala</span> <span class='ocrx_word' id='word_1_271' title='bbox 225 1503 383 1542; x_wconf 84' lang='lat' dir='ltr'>Vaterius,</span> <span class='ocrx_word' id='word_1_272' title='bbox 408 1502 645 1534; x_wconf 72' lang='lat' dir='ltr'>renovandum</span> <span class='ocrx_word' id='word_1_273' title='bbox 661 1511 726 1542; x_wconf 80' lang='lat' dir='ltr'>per</span> <span class='ocrx_word' id='word_1_274' title='bbox 749 1511 859 1534; x_wconf 71' lang='lat' dir='ltr'>(minos</span> <span class='ocrx_word' id='word_1_275' title='bbox 878 1504 1139 1534; x_wconf 73' lang='lat' dir='ltr'>sacramenlmn</span> <span class='ocrx_word' id='word_1_276' title='bbox 1163 1503 1196 1532; x_wconf 83' lang='lat' dir='ltr'>in</span> <span class='ocrx_word' id='word_1_277' title='bbox 1218 1509 1340 1532; x_wconf 80' lang='lat' dir='ltr'>nomen</span> 
     </span>
     <span class='ocr_line' id='line_1_30' title="bbox 5 1548 1341 1590; baseline -0.001 -10"><span class='ocrx_word' id='word_1_278' title='bbox 5 1548 152 1580; x_wconf 63' lang='lat' dir='ltr'>Tiberii:</span> <span class='ocrx_word' id='word_1_279' title='bbox 171 1549 448 1590; x_wconf 81' lang='lat' dir='ltr'>interrogatusque</span> <span class='ocrx_word' id='word_1_280' title='bbox 462 1559 480 1580; x_wconf 90' lang='lat' dir='ltr'>a</span> <span class='ocrx_word' id='word_1_281' title='bbox 496 1549 636 1589; x_wconf 86' lang='lat' dir='ltr'>Tiberio,</span> <span class='ocrx_word' id='word_1_282' title='bbox 658 1558 741 1580; x_wconf 67' lang='lat' dir='ltr'>mem</span> <span class='ocrx_word' id='word_1_283' title='bbox 760 1558 794 1581; x_wconf 87' lang='lat' dir='ltr'>se</span> <span class='ocrx_word' id='word_1_284' title='bbox 820 1550 1010 1581; x_wconf 68' lang='lat' dir='ltr'>mandante</span> <span class='ocrx_word' id='word_1_285' title='bbox 1029 1558 1105 1581; x_wconf 78' lang='lat' dir='ltr'>eam</span> <span class='ocrx_word' id='word_1_286' title='bbox 1132 1550 1341 1580; x_wconf 70' lang='lat' dir='ltr'>sententiam</span> 
     </span>
     <span class='ocr_line' id='line_1_31' title="bbox 1 1595 1339 1638; baseline 0 -12"><span class='ocrx_word' id='word_1_287' title='bbox 1 1599 251 1637; x_wconf 71' lang='lat' dir='ltr'>prompsisset?</span> <span class='ocrx_word' id='word_1_288' title='bbox 264 1599 387 1638; x_wconf 71' lang='lat' dir='ltr'>Sponle</span> <span class='ocrx_word' id='word_1_289' title='bbox 398 1597 537 1636; x_wconf 74' lang='lat' dir='ltr'>dixisse,</span> <span class='ocrx_word' id='word_1_290' title='bbox 556 1597 734 1638; x_wconf 78' lang='lat' dir='ltr'>respondit,</span> <span class='ocrx_word' id='word_1_291' title='bbox 747 1606 854 1638; x_wconf 78' lang='lat' dir='ltr'>neque</span> <span class='ocrx_word' id='word_1_292' title='bbox 871 1599 904 1629; x_wconf 83' lang='lat' dir='ltr'>in</span> <span class='ocrx_word' id='word_1_293' title='bbox 923 1599 976 1636; x_wconf 78' lang='lat' dir='ltr'>iis,</span> <span class='ocrx_word' id='word_1_294' title='bbox 996 1606 1075 1638; x_wconf 70' lang='lat' dir='ltr'>quse</span> <span class='ocrx_word' id='word_1_295' title='bbox 1090 1597 1137 1628; x_wconf 80' lang='lat' dir='ltr'>acl</span> <span class='ocrx_word' id='word_1_296' title='bbox 1154 1595 1339 1636; x_wconf 61' lang='lat' dir='ltr'>rempubli-</span> 
     </span>
     <span class='ocr_line' id='line_1_32' title="bbox 4 1643 1342 1685; baseline -0.001 -10"><span class='ocrx_word' id='word_1_297' title='bbox 4 1651 82 1675; x_wconf 81' lang='lat' dir='ltr'>cam</span> <span class='ocrx_word' id='word_1_298' title='bbox 94 1646 326 1684; x_wconf 76' lang='lat' dir='ltr'>pertinerent,</span> <span class='ocrx_word' id='word_1_299' title='bbox 341 1645 479 1676; x_wconf 76' lang='lat' dir='ltr'>consilio</span> <span class='ocrx_word' id='word_1_300' title='bbox 494 1647 556 1676; x_wconf 78' lang='lat' dir='ltr'>nisi</span> <span class='ocrx_word' id='word_1_301' title='bbox 568 1646 579 1662; x_wconf 74' lang='lat'>‘⁵</span> <span class='ocrx_word' id='word_1_302' title='bbox 598 1654 659 1676; x_wconf 82' lang='lat' dir='ltr'>suo</span> <span class='ocrx_word' id='word_1_303' title='bbox 672 1653 832 1684; x_wconf 76' lang='lat' dir='ltr'>usurum,</span> <span class='ocrx_word' id='word_1_304' title='bbox 852 1645 906 1676; x_wconf 78' lang='lat' dir='ltr'>vel</span> <span class='ocrx_word' id='word_1_305' title='bbox 921 1653 999 1676; x_wconf 76' lang='lat' dir='ltr'>cum</span> <span class='ocrx_word' id='word_1_306' title='bbox 1010 1644 1166 1685; x_wconf 73' lang='lat' dir='ltr'>periculo</span> <span class='ocrx_word' id='word_1_307' title='bbox 1182 1643 1342 1683; x_wconf 74' lang='lat' dir='ltr'>offensio-</span> 
     </span>
     <span class='ocr_line' id='line_1_33' title="bbox 5 1689 1342 1733; baseline -0.001 -12"><span class='ocrx_word' id='word_1_308' title='bbox 5 1692 68 1722; x_wconf 68' lang='lat' dir='ltr'>nis.</span> <span class='ocrx_word' id='word_1_309' title='bbox 96 1699 133 1722; x_wconf 89' lang='lat' dir='ltr'>ea</span> <span class='ocrx_word' id='word_1_310' title='bbox 159 1692 227 1722; x_wconf 87' lang='lat' dir='ltr'>sola</span> <span class='ocrx_word' id='word_1_311' title='bbox 253 1692 376 1732; x_wconf 86' lang='lat' dir='ltr'>species</span> <span class='ocrx_word' id='word_1_312' title='bbox 400 1692 555 1724; x_wconf 88' lang='lat' dir='ltr'>adulandi</span> <span class='ocrx_word' id='word_1_313' title='bbox 577 1693 752 1733; x_wconf 79' lang='lat' dir='ltr'>supererat.</span> <span class='ocrx_word' id='word_1_314' title='bbox 775 1692 987 1724; x_wconf 80' lang='lat' dir='ltr'>Conclamant</span> <span class='ocrx_word' id='word_1_315' title='bbox 1011 1694 1131 1731; x_wconf 85' lang='lat' dir='ltr'>Patres,</span> <span class='ocrx_word' id='word_1_316' title='bbox 1152 1699 1281 1731; x_wconf 70' lang='lat' dir='ltr'>corpus</span> <span class='ocrx_word' id='word_1_317' title='bbox 1294 1689 1342 1721; x_wconf 80' lang='lat' dir='ltr'>ad</span> 
     </span>
     <span class='ocr_line' id='line_1_34' title="bbox 4 1736 1340 1779; baseline 0 -12"><span class='ocrx_word' id='word_1_318' title='bbox 4 1745 126 1777; x_wconf 72' lang='lat' dir='ltr'>roqum</span> <span class='ocrx_word' id='word_1_319' title='bbox 148 1737 302 1770; x_wconf 68' lang='lat' dir='ltr'>humeris</span> <span class='ocrx_word' id='word_1_320' title='bbox 317 1741 517 1771; x_wconf 79' lang='lat' dir='ltr'>senalorum</span> <span class='ocrx_word' id='word_1_321' title='bbox 528 1739 730 1779; x_wconf 75' lang='lat' dir='ltr'>ferendum.</span> <span class='ocrx_word' id='word_1_322' title='bbox 754 1738 898 1769; x_wconf 72' lang='lat' dir='ltr'>reniisit⁷</span> <span class='ocrx_word' id='word_1_323' title='bbox 928 1740 1037 1770; x_wconf 77' lang='lat' dir='ltr'>Caesar</span> <span class='ocrx_word' id='word_1_324' title='bbox 1053 1737 1214 1777; x_wconf 83' lang='lat' dir='ltr'>arroganti</span> <span class='ocrx_word' id='word_1_325' title='bbox 1232 1736 1340 1768; x_wconf 91' lang='lat' dir='ltr'>mode·</span> 
     </span>
     <span class='ocr_line' id='line_1_35' title="bbox 3 1783 1341 1827; baseline -0.001 -11"><span class='ocrx_word' id='word_1_326' title='bbox 3 1784 147 1824; x_wconf 83' lang='lat' dir='ltr'>rati0ne;</span> <span class='ocrx_word' id='word_1_327' title='bbox 165 1785 388 1826; x_wconf 85' lang='lat' dir='ltr'>populumque</span> <span class='ocrx_word' id='word_1_328' title='bbox 404 1786 510 1818; x_wconf 89' lang='lat' dir='ltr'>edicto</span> <span class='ocrx_word' id='word_1_329' title='bbox 531 1787 670 1826; x_wconf 89' lang='lat' dir='ltr'>monuit,</span> <span class='ocrx_word' id='word_1_330' title='bbox 694 1795 748 1826; x_wconf 86' lang='lat' dir='ltr'>ne,</span> <span class='ocrx_word' id='word_1_331' title='bbox 772 1788 812 1818; x_wconf 83' lang='lat' dir='ltr'>ut</span> <span class='ocrx_word' id='word_1_332' title='bbox 829 1786 1005 1827; x_wconf 75' lang='lat' dir='ltr'>quondam</span> <span class='ocrx_word' id='word_1_333' title='bbox 1028 1788 1138 1817; x_wconf 79' lang='lat' dir='ltr'>nimiis</span> <span class='ocrx_word' id='word_1_334' title='bbox 1151 1784 1274 1816; x_wconf 72' lang='lat' dir='ltr'>studiis</span> <span class='ocrx_word' id='word_1_335' title='bbox 1279 1783 1341 1824; x_wconf 82' lang='lat' dir='ltr'>su-</span> 
     </span>
     <span class='ocr_line' id='line_1_36' title="bbox 2 1830 1341 1874; baseline 0 -12"><span class='ocrx_word' id='word_1_336' title='bbox 2 1839 70 1863; x_wconf 83' lang='lat' dir='ltr'>nus</span> <span class='ocrx_word' id='word_1_337' title='bbox 84 1830 153 1863; x_wconf 70' lang='lat' dir='ltr'>divi</span> <span class='ocrx_word' id='word_1_338' title='bbox 167 1833 252 1864; x_wconf 67' lang='lat' dir='ltr'>Jucn</span> <span class='ocrx_word' id='word_1_339' title='bbox 265 1832 275 1850; x_wconf 81' lang='lat'>⁸</span> <span class='ocrx_word' id='word_1_340' title='bbox 291 1834 471 1865; x_wconf 73' lang='lat' dir='ltr'>turbassen</span> <span class='ocrx_word' id='word_1_341' title='bbox 478 1836 502 1874; x_wconf 80' lang='lat' dir='ltr'>t,</span> <span class='ocrx_word' id='word_1_342' title='bbox 518 1836 567 1866; x_wconf 73' lang='lat' dir='ltr'>ita</span> <span class='ocrx_word' id='word_1_343' title='bbox 582 1835 775 1874; x_wconf 74' lang='lat' dir='ltr'>Auyuslum</span> <span class='ocrx_word' id='word_1_344' title='bbox 789 1835 825 1864; x_wconf 72' lang='lat' dir='ltr'>in</span> <span class='ocrx_word' id='word_1_345' title='bbox 832 1833 915 1873; x_wconf 86' lang='lat' dir='ltr'>soro</span> <span class='ocrx_word' id='word_1_346' title='bbox 924 1835 1038 1873; x_wconf 70' lang='lat' dir='ltr'>potius</span> <span class='ocrx_word' id='word_1_347' title='bbox 1053 1841 1160 1874; x_wconf 78' lang='lat' dir='ltr'>quam</span> <span class='ocrx_word' id='word_1_348' title='bbox 1172 1834 1204 1863; x_wconf 85' lang='lat' dir='ltr'>in</span> <span class='ocrx_word' id='word_1_349' title='bbox 1219 1838 1341 1871; x_wconf 83' lang='lat' dir='ltr'>campo</span> 
     </span>
    </p>
   </div>
   <div class='ocr_carea' id='block_1_3' title="bbox 3 1907 1342 2502">
    <p class='ocr_par' dir='ltr' id='par_1_4' title="bbox 3 1907 1342 2141">
     <span class='ocr_line' id='line_1_37' title="bbox 3 1907 1342 1938; baseline -0.001 -7"><span class='ocrx_word' id='word_1_350' title='bbox 3 1907 188 1936; x_wconf 67' lang='lat' dir='ltr'>imperaturus</span> <span class='ocrx_word' id='word_1_351' title='bbox 206 1909 285 1932; x_wconf 83' lang='lat' dir='ltr'>esset.</span> <span class='ocrx_word' id='word_1_352' title='bbox 308 1909 418 1933; x_wconf 83' lang='lat' dir='ltr'>Tacitus</span> <span class='ocrx_word' id='word_1_353' title='bbox 435 1915 505 1938; x_wconf 83' lang='lat' dir='ltr'>saepe</span> <span class='ocrx_word' id='word_1_354' title='bbox 523 1909 722 1937; x_wconf 84' lang='lat' dir='ltr'>adjectivorum</span> <span class='ocrx_word' id='word_1_355' title='bbox 742 1909 880 1932; x_wconf 79' lang='lat' dir='ltr'>notionem</span> <span class='ocrx_word' id='word_1_356' title='bbox 901 1908 1015 1937; x_wconf 80' lang='lat' dir='ltr'>adjectis</span> <span class='ocrx_word' id='word_1_357' title='bbox 1031 1909 1156 1937; x_wconf 75' lang='lat' dir='ltr'>genitivis</span> <span class='ocrx_word' id='word_1_358' title='bbox 1170 1907 1296 1937; x_wconf 83' lang='lat' dir='ltr'>complet.</span> <span class='ocrx_word' id='word_1_359' title='bbox 1312 1918 1342 1924; x_wconf 88' lang='lat'>-</span> 
     </span>
     <span class='ocr_line' id='line_1_38' title="bbox 4 1940 1340 1973; baseline -0.002 -7"><span class='ocrx_word' id='word_1_360' title='bbox 4 1947 29 1966; x_wconf 70' lang='lat'>³.</span> <span class='ocrx_word' id='word_1_361' title='bbox 48 1942 209 1971; x_wconf 80' lang='lat' dir='ltr'>Praescripto</span> <span class='ocrx_word' id='word_1_362' title='bbox 229 1943 308 1966; x_wconf 85' lang='lat' dir='ltr'>titulo</span> <span class='ocrx_word' id='word_1_363' title='bbox 329 1944 431 1967; x_wconf 85' lang='lat' dir='ltr'>tribuni</span> <span class='ocrx_word' id='word_1_364' title='bbox 444 1962 449 1971; x_wconf 84' lang='lat'>,</span> <span class='ocrx_word' id='word_1_365' title='bbox 465 1950 518 1973; x_wconf 85' lang='lat' dir='ltr'>quo</span> <span class='ocrx_word' id='word_1_366' title='bbox 533 1943 669 1967; x_wconf 85' lang='lat' dir='ltr'>utebatur.</span> <span class='ocrx_word' id='word_1_367' title='bbox 688 1944 753 1967; x_wconf 84' lang='lat' dir='ltr'>Nam</span> <span class='ocrx_word' id='word_1_368' title='bbox 773 1943 874 1967; x_wconf 83' lang='lat' dir='ltr'>tribuni</span> <span class='ocrx_word' id='word_1_369' title='bbox 894 1944 978 1973; x_wconf 75' lang='lat' dir='ltr'>piebis</span> <span class='ocrx_word' id='word_1_370' title='bbox 996 1944 1021 1967; x_wconf 88' lang='lat' dir='ltr'>in</span> <span class='ocrx_word' id='word_1_371' title='bbox 1043 1943 1181 1972; x_wconf 77' lang='lat' dir='ltr'>republica</span> <span class='ocrx_word' id='word_1_372' title='bbox 1202 1944 1242 1971; x_wconf 81' lang='lat' dir='ltr'>jus</span> <span class='ocrx_word' id='word_1_373' title='bbox 1256 1940 1340 1965; x_wconf 86' lang='lat' dir='ltr'>habe-</span> 
     </span>
     <span class='ocr_line' id='line_1_39' title="bbox 4 1975 1340 2007; baseline 0 -8"><span class='ocrx_word' id='word_1_374' title='bbox 4 1975 73 1999; x_wconf 86' lang='lat' dir='ltr'>bant</span> <span class='ocrx_word' id='word_1_375' title='bbox 88 1976 203 2005; x_wconf 77' lang='lat' dir='ltr'>cogendi</span> <span class='ocrx_word' id='word_1_376' title='bbox 223 1978 340 2000; x_wconf 63' lang='lat' dir='ltr'>senatus</span> <span class='ocrx_word' id='word_1_377' title='bbox 358 1991 388 1994; x_wconf 97' lang='lat'><strong>—</strong></span> <span class='ocrx_word' id='word_1_378' title='bbox 410 1983 431 2001; x_wconf 80' lang='lat' dir='ltr'>e.</span> <span class='ocrx_word' id='word_1_379' title='bbox 454 1978 541 2001; x_wconf 84' lang='lat' dir='ltr'>Solam</span> <span class='ocrx_word' id='word_1_380' title='bbox 563 1977 632 2001; x_wconf 84' lang='lat' dir='ltr'>hanc</span> <span class='ocrx_word' id='word_1_381' title='bbox 646 1979 873 2002; x_wconf 74' lang='lat' dir='ltr'>convocationem</span> <span class='ocrx_word' id='word_1_382' title='bbox 894 1980 1016 2006; x_wconf 76' lang='lat' dir='ltr'>senatus,</span> <span class='ocrx_word' id='word_1_383' title='bbox 1042 1984 1120 2007; x_wconf 81' lang='lat' dir='ltr'>quain</span> <span class='ocrx_word' id='word_1_384' title='bbox 1136 1978 1201 2001; x_wconf 80' lang='lat' dir='ltr'>Nola</span> <span class='ocrx_word' id='word_1_385' title='bbox 1219 1976 1298 2000; x_wconf 82' lang='lat' dir='ltr'>misit.</span> <span class='ocrx_word' id='word_1_386' title='bbox 1311 1988 1340 1992; x_wconf 89' lang='lat'>——</span> 
     </span>
     <span class='ocr_line' id='line_1_40' title="bbox 4 2012 1342 2042; baseline 0.001 -8"><span class='ocrx_word' id='word_1_387' title='bbox 4 2015 27 2034; x_wconf 84' lang='grc'>7.</span> <span class='ocrx_word' id='word_1_388' title='bbox 41 2012 192 2039; x_wconf 85' lang='lat' dir='ltr'>Tesserain,</span> <span class='ocrx_word' id='word_1_389' title='bbox 211 2013 236 2036; x_wconf 83' lang='lat' dir='ltr'>le</span> <span class='ocrx_word' id='word_1_390' title='bbox 246 2014 303 2036; x_wconf 80' lang='lat' dir='ltr'>mot</span> <span class='ocrx_word' id='word_1_391' title='bbox 316 2013 443 2037; x_wconf 76' lang='lat' dir='ltr'>d&#39;ordre.</span> <span class='ocrx_word' id='word_1_392' title='bbox 457 2026 487 2030; x_wconf 92' lang='lat'>-</span> <span class='ocrx_word' id='word_1_393' title='bbox 503 2019 524 2037; x_wconf 81' lang='lat'>8.</span> <span class='ocrx_word' id='word_1_394' title='bbox 540 2014 654 2037; x_wconf 83' lang='lat' dir='ltr'>Passive.</span> <span class='ocrx_word' id='word_1_395' title='bbox 670 2026 699 2030; x_wconf 97' lang='lat'><strong>—</strong></span> <span class='ocrx_word' id='word_1_396' title='bbox 717 2018 739 2036; x_wconf 78' lang='lat'>9.</span> <span class='ocrx_word' id='word_1_397' title='bbox 758 2014 845 2037; x_wconf 84' lang='lat' dir='ltr'>Famae</span> <span class='ocrx_word' id='word_1_398' title='bbox 861 2014 1049 2042; x_wconf 71' lang='lat' dir='ltr'>concedebat,</span> <span class='ocrx_word' id='word_1_399' title='bbox 1066 2013 1141 2036; x_wconf 68' lang='lat' dir='ltr'>ramae</span> <span class='ocrx_word' id='word_1_400' title='bbox 1155 2013 1241 2042; x_wconf 65' lang='lat' dir='ltr'>gratia</span> <span class='ocrx_word' id='word_1_401' title='bbox 1256 2012 1342 2035; x_wconf 83' lang='lat' dir='ltr'>facie-</span> 
     </span>
     <span class='ocr_line' id='line_1_41' title="bbox 4 2045 1339 2078; baseline 0 -8"><span class='ocrx_word' id='word_1_402' title='bbox 4 2045 64 2070; x_wconf 80' lang='lat' dir='ltr'>bat.</span> <span class='ocrx_word' id='word_1_403' title='bbox 81 2059 110 2064; x_wconf 92' lang='lat'>—</span> <span class='ocrx_word' id='word_1_404' title='bbox 124 2052 160 2071; x_wconf 73' lang='grc' dir='ltr'>ιο.</span> <span class='ocrx_word' id='word_1_405' title='bbox 177 2048 272 2072; x_wconf 79' lang='lat' dir='ltr'>Uxoris</span> <span class='ocrx_word' id='word_1_406' title='bbox 288 2050 399 2077; x_wconf 76' lang='lat' dir='ltr'>Augusti</span> <span class='ocrx_word' id='word_1_407' title='bbox 415 2049 492 2072; x_wconf 71' lang='lat' dir='ltr'>Liviae</span> <span class='ocrx_word' id='word_1_408' title='bbox 505 2048 603 2072; x_wconf 79' lang='lat' dir='ltr'>studio.</span> <span class='ocrx_word' id='word_1_409' title='bbox 619 2061 648 2065; x_wconf 97' lang='lat'>—</span> <span class='ocrx_word' id='word_1_410' title='bbox 662 2054 697 2072; x_wconf 75' lang='grc' dir='ltr'>ιι.</span> <span class='ocrx_word' id='word_1_411' title='bbox 717 2050 842 2078; x_wconf 86' lang='lat' dir='ltr'>Speciem</span> <span class='ocrx_word' id='word_1_412' title='bbox 863 2049 1038 2072; x_wconf 81' lang='lat' dir='ltr'>dubitationis</span> <span class='ocrx_word' id='word_1_413' title='bbox 1057 2051 1228 2077; x_wconf 80' lang='lat' dir='ltr'>assumptam.</span> <span class='ocrx_word' id='word_1_414' title='bbox 1250 2047 1339 2071; x_wconf 79' lang='lat' dir='ltr'>Indu-</span> 
     </span>
     <span class='ocr_line' id='line_1_42' title="bbox 5 2082 1339 2114; baseline 0.001 -9"><span class='ocrx_word' id='word_1_415' title='bbox 5 2087 68 2106; x_wconf 68' lang='grc' dir='ltr'><em>εει-ε</em></span> <span class='ocrx_word' id='word_1_416' title='bbox 82 2082 183 2107; x_wconf 89' lang='lat' dir='ltr'>dicitur</span> <span class='ocrx_word' id='word_1_417' title='bbox 197 2083 231 2107; x_wconf 83' lang='lat' dir='ltr'>de</span> <span class='ocrx_word' id='word_1_418' title='bbox 245 2089 328 2113; x_wconf 87' lang='lat' dir='ltr'>opere</span> <span class='ocrx_word' id='word_1_419' title='bbox 343 2084 474 2111; x_wconf 84' lang='lat' dir='ltr'>tectorio,</span> <span class='ocrx_word' id='word_1_420' title='bbox 497 2083 634 2108; x_wconf 86' lang='lat' dir='ltr'>coloribus</span> <span class='ocrx_word' id='word_1_421' title='bbox 649 2085 676 2108; x_wconf 88' lang='lat' dir='ltr'>et</span> <span class='ocrx_word' id='word_1_422' title='bbox 692 2084 846 2114; x_wconf 79' lang='lat' dir='ltr'>pigmentis.</span> <span class='ocrx_word' id='word_1_423' title='bbox 861 2097 888 2101; x_wconf 98' lang='lat'><strong>—</strong></span> <span class='ocrx_word' id='word_1_424' title='bbox 912 2089 949 2108; x_wconf 80' lang='lat'>¹2.</span> <span class='ocrx_word' id='word_1_425' title='bbox 966 2084 1029 2108; x_wconf 89' lang='lat' dir='ltr'>Scit.</span> <span class='ocrx_word' id='word_1_426' title='bbox 1045 2085 1134 2107; x_wconf 87' lang='lat' dir='ltr'>animo</span> <span class='ocrx_word' id='word_1_427' title='bbox 1147 2103 1152 2112; x_wconf 88' lang='lat'>,</span> <span class='ocrx_word' id='word_1_428' title='bbox 1172 2084 1199 2106; x_wconf 89' lang='lat' dir='ltr'>iu</span> <span class='ocrx_word' id='word_1_429' title='bbox 1219 2083 1339 2107; x_wconf 78' lang='lat' dir='ltr'>futuram</span> 
     </span>
     <span class='ocr_line' id='line_1_43' title="bbox 5 2117 162 2141; baseline 0.006 -1"><span class='ocrx_word' id='word_1_430' title='bbox 5 2117 162 2141; x_wconf 84' lang='lat' dir='ltr'>vindictam.</span> 
     </span>
    </p>

    <p class='ocr_par' dir='ltr' id='par_1_5' title="bbox 6 2153 1339 2502">
     <span class='ocr_line' id='line_1_44' title="bbox 35 2153 1336 2184; baseline 0.002 -8"><span class='ocrx_word' id='word_1_431' title='bbox 35 2153 101 2177; x_wconf 86' lang='lat' dir='ltr'>Vltl.</span> <span class='ocrx_word' id='word_1_432' title='bbox 118 2158 140 2177; x_wconf 84' lang='grc' dir='ltr'>ι.</span> <span class='ocrx_word' id='word_1_433' title='bbox 160 2154 188 2177; x_wconf 88' lang='lat' dir='ltr'>tn</span> <span class='ocrx_word' id='word_1_434' title='bbox 202 2154 288 2178; x_wconf 86' lang='lat' dir='ltr'>Vestae</span> <span class='ocrx_word' id='word_1_435' title='bbox 302 2155 412 2184; x_wconf 79' lang='lat' dir='ltr'>templo,</span> <span class='ocrx_word' id='word_1_436' title='bbox 428 2161 502 2179; x_wconf 88' lang='lat' dir='ltr'>more</span> <span class='ocrx_word' id='word_1_437' title='bbox 515 2157 706 2184; x_wconf 75' lang='lat' dir='ltr'>Romanorum,</span> <span class='ocrx_word' id='word_1_438' title='bbox 719 2155 773 2184; x_wconf 80' lang='lat' dir='ltr'>jam</span> <span class='ocrx_word' id='word_1_439' title='bbox 782 2154 843 2178; x_wconf 85' lang='lat' dir='ltr'>vivo</span> <span class='ocrx_word' id='word_1_440' title='bbox 854 2156 973 2183; x_wconf 71' lang='lat' dir='ltr'>Augusto</span> <span class='ocrx_word' id='word_1_441' title='bbox 983 2156 1174 2178; x_wconf 84' lang='lat' dir='ltr'>testamentum</span> <span class='ocrx_word' id='word_1_442' title='bbox 1184 2154 1336 2184; x_wconf 85' lang='lat' dir='ltr'>depositum</span> 
     </span>
     <span class='ocr_line' id='line_1_45' title="bbox 6 2189 1339 2223; baseline -0.001 -11"><span class='ocrx_word' id='word_1_443' title='bbox 6 2189 74 2212; x_wconf 84' lang='lat' dir='ltr'>erat.</span> <span class='ocrx_word' id='word_1_444' title='bbox 88 2201 117 2204; x_wconf 97' lang='lat'><strong>—</strong></span> <span class='ocrx_word' id='word_1_445' title='bbox 138 2193 160 2212; x_wconf 75' lang='lat'>2.</span> <span class='ocrx_word' id='word_1_446' title='bbox 177 2190 278 2213; x_wconf 75' lang='lat' dir='ltr'>Drusus</span> <span class='ocrx_word' id='word_1_447' title='bbox 291 2189 390 2214; x_wconf 85' lang='lat' dir='ltr'>Tiberii</span> <span class='ocrx_word' id='word_1_448' title='bbox 413 2191 499 2218; x_wconf 78' lang='lat' dir='ltr'>filius.</span> <span class='ocrx_word' id='word_1_449' title='bbox 526 2192 702 2216; x_wconf 86' lang='lat' dir='ltr'>Germanicus</span> <span class='ocrx_word' id='word_1_450' title='bbox 722 2192 832 2220; x_wconf 86' lang='lat' dir='ltr'>eJ&#39;usque</span> <span class='ocrx_word' id='word_1_451' title='bbox 854 2190 900 2214; x_wconf 86' lang='lat' dir='ltr'>filii</span> <span class='ocrx_word' id='word_1_452' title='bbox 914 2191 980 2214; x_wconf 86' lang='lat' dir='ltr'>tres.</span> <span class='ocrx_word' id='word_1_453' title='bbox 1000 2203 1028 2206; x_wconf 98' lang='lat'>--</span> <span class='ocrx_word' id='word_1_454' title='bbox 1050 2195 1072 2214; x_wconf 82' lang='lat'>5.</span> <span class='ocrx_word' id='word_1_455' title='bbox 1096 2189 1339 2223; x_wconf 77' lang='lat' dir='ltr'>Quadrinyenties</span> 
     </span>
     <span class='ocr_line' id='line_1_46' title="bbox 8 2223 1338 2255; baseline 0 -8"><span class='ocrx_word' id='word_1_456' title='bbox 8 2223 105 2247; x_wconf 76' lang='lat' dir='ltr'>tricies</span> <span class='ocrx_word' id='word_1_457' title='bbox 127 2224 277 2254; x_wconf 80' lang='lat' dir='ltr'>quinquies</span> <span class='ocrx_word' id='word_1_458' title='bbox 302 2226 418 2249; x_wconf 88' lang='lat' dir='ltr'>centena</span> <span class='ocrx_word' id='word_1_459' title='bbox 442 2226 522 2250; x_wconf 84' lang='lat' dir='ltr'>miliia</span> <span class='ocrx_word' id='word_1_460' title='bbox 551 2225 661 2250; x_wconf 77' lang='lat' dir='ltr'>numum</span> <span class='ocrx_word' id='word_1_461' title='bbox 684 2225 905 2255; x_wconf 81' lang='lat' dir='ltr'>(sestertiorum)</span> <span class='ocrx_word' id='word_1_462' title='bbox 918 2245 924 2254; x_wconf 91' lang='grc'>,</span> <span class='ocrx_word' id='word_1_463' title='bbox 951 2226 1088 2249; x_wconf 83' lang='lat' dir='ltr'>hodiernae</span> <span class='ocrx_word' id='word_1_464' title='bbox 1112 2226 1228 2249; x_wconf 77' lang='lat' dir='ltr'>monetae</span> <span class='ocrx_word' id='word_1_465' title='bbox 1253 2224 1338 2248; x_wconf 79' lang='lat' dir='ltr'>terme</span> 
     </span>
     <span class='ocr_line' id='line_1_47' title="bbox 7 2259 1338 2291; baseline 0.001 -10"><span class='ocrx_word' id='word_1_466' title='bbox 7 2262 132 2286; x_wconf 81' lang='lat' dir='ltr'>8,700,oou</span> <span class='ocrx_word' id='word_1_467' title='bbox 146 2259 312 2283; x_wconf 78' lang='lat' dir='ltr'>franeorum.</span> <span class='ocrx_word' id='word_1_468' title='bbox 333 2260 447 2284; x_wconf 80' lang='lat' dir='ltr'>Nnmus</span> <span class='ocrx_word' id='word_1_469' title='bbox 460 2262 658 2290; x_wconf 84' lang='lat' dir='ltr'>propemodum</span> <span class='ocrx_word' id='word_1_470' title='bbox 673 2261 783 2291; x_wconf 81' lang='lat' dir='ltr'>aequatis</span> <span class='ocrx_word' id='word_1_471' title='bbox 797 2262 838 2285; x_wconf 82' lang='lat' dir='ltr'>est</span> <span class='ocrx_word' id='word_1_472' title='bbox 851 2261 989 2285; x_wconf 82' lang='lat' dir='ltr'>hodiernis</span> <span class='ocrx_word' id='word_1_473' title='bbox 1002 2266 1031 2284; x_wconf 79' lang='lat'>20</span> <span class='ocrx_word' id='word_1_474' title='bbox 1043 2261 1116 2284; x_wconf 79' lang='lat' dir='ltr'>cent.</span> <span class='ocrx_word' id='word_1_475' title='bbox 1139 2260 1250 2290; x_wconf 77' lang='lat' dir='ltr'>Populo</span> <span class='ocrx_word' id='word_1_476' title='bbox 1260 2259 1338 2288; x_wconf 81' lang='lat' dir='ltr'>(civi-</span> 
     </span>
     <span class='ocr_line' id='line_1_48' title="bbox 8 2291 1338 2326; baseline 0.001 -10"><span class='ocrx_word' id='word_1_477' title='bbox 8 2291 58 2316; x_wconf 80' lang='lat' dir='ltr'>bus</span> <span class='ocrx_word' id='word_1_478' title='bbox 72 2293 248 2318; x_wconf 88' lang='lat' dir='ltr'>nobilioribus</span> <span class='ocrx_word' id='word_1_479' title='bbox 261 2296 289 2319; x_wconf 87' lang='lat' dir='ltr'>et</span> <span class='ocrx_word' id='word_1_480' title='bbox 303 2295 454 2324; x_wconf 76' lang='lat' dir='ltr'>ditioribus)</span> <span class='ocrx_word' id='word_1_481' title='bbox 468 2297 555 2326; x_wconf 76' lang='lat' dir='ltr'>legata</span> <span class='ocrx_word' id='word_1_482' title='bbox 571 2297 597 2320; x_wconf 90' lang='lat' dir='ltr'>in</span> <span class='ocrx_word' id='word_1_483' title='bbox 609 2298 732 2321; x_wconf 81' lang='lat' dir='ltr'>aerarium</span> <span class='ocrx_word' id='word_1_484' title='bbox 745 2296 881 2326; x_wconf 88' lang='lat' dir='ltr'>publicum</span> <span class='ocrx_word' id='word_1_485' title='bbox 896 2296 1010 2326; x_wconf 80' lang='lat' dir='ltr'>deferri,</span> <span class='ocrx_word' id='word_1_486' title='bbox 1026 2296 1101 2326; x_wconf 77' lang='lat' dir='ltr'>plebi</span> <span class='ocrx_word' id='word_1_487' title='bbox 1112 2294 1338 2325; x_wconf 85' lang='lat' dir='ltr'>(pauperioribus)</span> 
     </span>
     <span class='ocr_line' id='line_1_49' title="bbox 8 2327 1337 2362; baseline 0 -10"><span class='ocrx_word' id='word_1_488' title='bbox 8 2327 98 2357; x_wconf 78' lang='lat' dir='ltr'>legata</span> <span class='ocrx_word' id='word_1_489' title='bbox 114 2329 223 2353; x_wconf 79' lang='lat' dir='ltr'>vicatim</span> <span class='ocrx_word' id='word_1_490' title='bbox 238 2329 281 2354; x_wconf 75' lang='lat' dir='ltr'>vet</span> <span class='ocrx_word' id='word_1_491' title='bbox 295 2331 395 2354; x_wconf 77' lang='lat' dir='ltr'>viritim</span> <span class='ocrx_word' id='word_1_492' title='bbox 410 2333 598 2361; x_wconf 86' lang='lat' dir='ltr'>pernumerari</span> <span class='ocrx_word' id='word_1_493' title='bbox 608 2333 720 2362; x_wconf 76' lang='lat' dir='ltr'>jussisse</span> <span class='ocrx_word' id='word_1_494' title='bbox 737 2332 844 2356; x_wconf 81' lang='lat' dir='ltr'>videtur</span> <span class='ocrx_word' id='word_1_495' title='bbox 858 2333 1004 2362; x_wconf 77' lang='lat' dir='ltr'>Augustus.</span> <span class='ocrx_word' id='word_1_496' title='bbox 1022 2344 1050 2348; x_wconf 84' lang='lat'><em>-</em></span> <span class='ocrx_word' id='word_1_497' title='bbox 1070 2337 1091 2355; x_wconf 72' lang='grc'>4.</span> <span class='ocrx_word' id='word_1_498' title='bbox 1106 2331 1216 2355; x_wconf 86' lang='lat' dir='ltr'>insolita</span> <span class='ocrx_word' id='word_1_499' title='bbox 1232 2330 1337 2354; x_wconf 89' lang='lat' dir='ltr'>ratione</span> 
     </span>
     <span class='ocr_line' id='line_1_50' title="bbox 9 2362 1337 2402; baseline 0.002 -17"><span class='ocrx_word' id='word_1_500' title='bbox 9 2362 47 2402; x_wconf 70' lang='lat' dir='ltr'>lta</span> <span class='ocrx_word' id='word_1_501' title='bbox 65 2364 144 2387; x_wconf 87' lang='lat' dir='ltr'>vocat</span> <span class='ocrx_word' id='word_1_502' title='bbox 161 2364 289 2389; x_wconf 74' lang='lat' dir='ltr'>cohortes</span> <span class='ocrx_word' id='word_1_503' title='bbox 310 2366 448 2394; x_wconf 81' lang='lat' dir='ltr'>urbanas.</span> <span class='ocrx_word' id='word_1_504' title='bbox 463 2368 496 2391; x_wconf 90' lang='lat' dir='ltr'>ab</span> <span class='ocrx_word' id='word_1_505' title='bbox 511 2369 631 2397; x_wconf 76' lang='lat' dir='ltr'>Augusto</span> <span class='ocrx_word' id='word_1_506' title='bbox 645 2369 671 2392; x_wconf 91' lang='lat' dir='ltr'>in</span> <span class='ocrx_word' id='word_1_507' title='bbox 686 2369 837 2392; x_wconf 85' lang='lat' dir='ltr'>custodiam</span> <span class='ocrx_word' id='word_1_508' title='bbox 851 2368 928 2392; x_wconf 80' lang='lat' dir='ltr'>Urbis</span> <span class='ocrx_word' id='word_1_509' title='bbox 941 2369 1085 2392; x_wconf 58' lang='lat' dir='ltr'>institutas</span> <span class='ocrx_word' id='word_1_510' title='bbox 1100 2381 1126 2384; x_wconf 84' lang='lat'>-</span> <span class='ocrx_word' id='word_1_511' title='bbox 1145 2374 1168 2392; x_wconf 65' lang='grc' dir='ltr'>ὅ.</span> <span class='ocrx_word' id='word_1_512' title='bbox 1187 2368 1247 2390; x_wconf 80' lang='lat' dir='ltr'>Haec</span> <span class='ocrx_word' id='word_1_513' title='bbox 1264 2365 1337 2389; x_wconf 81' lang='lat' dir='ltr'>acci-</span> 
     </span>
     <span class='ocr_line' id='line_1_51' title="bbox 9 2398 1335 2433; baseline 0.002 -12"><span class='ocrx_word' id='word_1_514' title='bbox 9 2398 109 2427; x_wconf 78' lang='lat' dir='ltr'>pienda</span> <span class='ocrx_word' id='word_1_515' title='bbox 125 2405 157 2423; x_wconf 85' lang='lat' dir='ltr'>ae</span> <span class='ocrx_word' id='word_1_516' title='bbox 173 2400 195 2422; x_wconf 89' lang='lat' dir='ltr'>si</span> <span class='ocrx_word' id='word_1_517' title='bbox 212 2401 310 2429; x_wconf 82' lang='lat' dir='ltr'>duplici</span> <span class='ocrx_word' id='word_1_518' title='bbox 331 2402 484 2431; x_wconf 77' lang='lat' dir='ltr'>parenthesi</span> <span class='ocrx_word' id='word_1_519' title='bbox 503 2403 630 2427; x_wconf 85' lang='lat' dir='ltr'>dixisset:</span> <span class='ocrx_word' id='word_1_520' title='bbox 644 2405 698 2428; x_wconf 76' lang='lat' dir='ltr'>visi</span> <span class='ocrx_word' id='word_1_521' title='bbox 710 2413 719 2427; x_wconf 93' lang='lat'><em>:</em></span> <span class='ocrx_word' id='word_1_522' title='bbox 731 2406 765 2428; x_wconf 75' lang='lat' dir='ltr'>ut</span> <span class='ocrx_word' id='word_1_523' title='bbox 775 2405 864 2433; x_wconf 79' lang='lat' dir='ltr'>porta</span> <span class='ocrx_word' id='word_1_524' title='bbox 874 2404 1002 2433; x_wconf 81' lang='lat' dir='ltr'>—sunus</span> <span class='ocrx_word' id='word_1_525' title='bbox 1018 2405 1131 2433; x_wconf 58' lang='lat' dir='ltr'>(nullus</span> <span class='ocrx_word' id='word_1_526' title='bbox 1144 2405 1191 2427; x_wconf 74' lang='lat' dir='ltr'>As.</span> <span class='ocrx_word' id='word_1_527' title='bbox 1206 2403 1258 2426; x_wconf 89' lang='lat' dir='ltr'>hoc</span> <span class='ocrx_word' id='word_1_528' title='bbox 1271 2406 1335 2424; x_wconf 78' lang='lat' dir='ltr'>cen-</span> 
     </span>
     <span class='ocr_line' id='line_1_52' title="bbox 10 2433 1335 2469; baseline 0 -8"><span class='ocrx_word' id='word_1_529' title='bbox 10 2433 94 2462; x_wconf 70' lang='lat' dir='ltr'>‹Wl&#39;lli</span> <span class='ocrx_word' id='word_1_530' title='bbox 109 2435 143 2458; x_wconf 70' lang='lat' dir='ltr'>&#39;tlt</span> <span class='ocrx_word' id='word_1_531' title='bbox 159 2435 251 2464; x_wconf 78' lang='lat' dir='ltr'>Ieywn</span> <span class='ocrx_word' id='word_1_532' title='bbox 265 2448 295 2453; x_wconf 89' lang='lat'>—</span> <span class='ocrx_word' id='word_1_533' title='bbox 304 2437 571 2467; x_wconf 76' lang='lat' dir='ltr'>anteferrentur(L.</span> <span class='ocrx_word' id='word_1_534' title='bbox 582 2440 652 2463; x_wconf 80' lang='lat' dir='ltr'>Arr.</span> <span class='ocrx_word' id='word_1_535' title='bbox 672 2440 838 2466; x_wconf 71' lang='lat' dir='ltr'>censuit).—</span> <span class='ocrx_word' id='word_1_536' title='bbox 850 2445 872 2463; x_wconf 80' lang='lat' dir='ltr'>o.</span> <span class='ocrx_word' id='word_1_537' title='bbox 887 2439 945 2463; x_wconf 91' lang='lat' dir='ltr'>Ullo</span> <span class='ocrx_word' id='word_1_538' title='bbox 954 2441 1140 2469; x_wconf 81' lang='lat' dir='ltr'>praeterqnnm.</span> <span class='ocrx_word' id='word_1_539' title='bbox 1149 2444 1207 2462; x_wconf 90' lang='lat'>—7.</span> <span class='ocrx_word' id='word_1_540' title='bbox 1227 2439 1289 2461; x_wconf 68' lang='lat' dir='ltr'>{tem</span> <span class='ocrx_word' id='word_1_541' title='bbox 1302 2435 1335 2458; x_wconf 82' lang='lat' dir='ltr'>ad</span> 
     </span>
     <span class='ocr_line' id='line_1_53' title="bbox 11 2465 1335 2502; baseline 0.003 -10"><span class='ocrx_word' id='word_1_542' title='bbox 11 2465 82 2496; x_wconf 71' lang='lat' dir='ltr'>ipsos</span> <span class='ocrx_word' id='word_1_543' title='bbox 94 2470 211 2499; x_wconf 82' lang='lat' dir='ltr'>remisit,</span> <span class='ocrx_word' id='word_1_544' title='bbox 225 2471 344 2500; x_wconf 85' lang='lat' dir='ltr'>ipsorum</span> <span class='ocrx_word' id='word_1_545' title='bbox 359 2472 471 2497; x_wconf 85' lang='lat' dir='ltr'>arbitrio</span> <span class='ocrx_word' id='word_1_546' title='bbox 486 2473 593 2502; x_wconf 80' lang='lat' dir='ltr'>tribuit,</span> <span class='ocrx_word' id='word_1_547' title='bbox 612 2475 713 2500; x_wconf 82' lang='lat' dir='ltr'>vellent</span> <span class='ocrx_word' id='word_1_548' title='bbox 725 2482 760 2500; x_wconf 88' lang='lat' dir='ltr'>an</span> <span class='ocrx_word' id='word_1_549' title='bbox 774 2475 887 2499; x_wconf 89' lang='lat' dir='ltr'>nollent.</span> <span class='ocrx_word' id='word_1_550' title='bbox 900 2488 926 2492; x_wconf 90' lang='lat'>—-</span> <span class='ocrx_word' id='word_1_551' title='bbox 947 2481 969 2499; x_wconf 77' lang='lat' dir='ltr'>a.</span> <span class='ocrx_word' id='word_1_552' title='bbox 983 2475 1046 2499; x_wconf 86' lang='lat' dir='ltr'>Julii</span> <span class='ocrx_word' id='word_1_553' title='bbox 1060 2476 1184 2502; x_wconf 76' lang='lat' dir='ltr'>Caesaris,</span> <span class='ocrx_word' id='word_1_554' title='bbox 1198 2473 1232 2497; x_wconf 87' lang='lat' dir='ltr'>ad</span> <span class='ocrx_word' id='word_1_555' title='bbox 1245 2472 1335 2496; x_wconf 61' lang='lat' dir='ltr'>rostra</span> 
     </span>
    </p>
   </div>
  </div>
 </body>
</html>
