1539 2668
112 143 172 173 2⁶8
489 141 623 171 ‘uem
644 141 854 171 ANNALHJM
875 142 948 172 Lm.
971 143 1053 173 XIV.

111 216 278 249 Helvidius
295 216 327 248 et
354 214 510 247 Paconius
525 215 617 247 Italia
639 215 858 256 depelluntur.
882 217 1056 248 Montanus
1073 217 1157 258 patri
1172 225 1344 252 concessus
1362 221 1435 260 est,

111 264 266 306 praedicto
289 273 329 296 ne
354 265 386 296 in
411 263 576 303 republica
596 262 780 294 haberetur.
808 264 1048 296 accusatoribus
1069 264 1163 305 Eprio
1186 266 1220 297 et
1245 267 1437 299 Cossutiano

111 311 326 352 quinquagies
340 311 524 343 sestertium
537 309 548 328 ²
565 310 711 351 singuliS‚
723 311 852 343 Ostorio
863 311 1035 344 duodecies
1045 311 1056 330 ³
1070 312 1104 344 et
1116 312 1289 353 quaestoria
1299 312 1438 355 insignia

111 359 313 391 tribuuntur.

152 410 287 438 XXXIV.
311 410 392 437 Tum
407 406 446 437 ad
469 405 644 437 Thraseam
662 405 695 436 in
709 406 814 437 hortis
827 406 973 447 agentem
997 407 1140 447 quaestor
1163 406 1332 439 consulis¹
1361 407 1437 440 mis-

110 462 166 486 sus
182 457 428 493 vesperascente
446 452 513 491 jam
537 452 600 484 die.
627 452 801 484 illustrium
820 454 965 485 virorum
986 453 1246 495 feminarumque
1259 454 1362 486 coetus
1375 454 1436 486 sre-

110 502 246 543 quentes
259 502 377 541 egerat,
393 500 535 531 maxime
549 500 694 531 intentus
708 502 884 541 Demetrio,
897 501 1029 541 Cynicae
1045 501 1258 534 institutionis
1271 501 1396 534 doctori
1410 500 1436 533 ²:

110 558 185 581 cum
200 558 264 589 quo
281 573 289 588 ‚
305 550 341 580 ut
358 547 540 587 conjectare
553 548 621 579 erat
635 548 815 579 intentione
829 549 937 580 vultus
964 550 995 580 et
1010 548 1152 590 auditis„
1180 549 1207 581 si
1232 558 1298 590 qua
1322 548 1439 581 clarius

110 596 384 638 proloquebantur
399 620 407 635 ,
437 595 476 627 de
498 597 614 627 natura
639 596 754 627 animae
775 598 807 627 et
829 595 1053 627 dissociatione
1077 596 1208 637 spiritus
1230 597 1439 638 corporisque

109 643 294 684 inquirebat
309 668 318 683 ‚
334 643 436 674 donec
450 643 582 675 advenit
596 643 754 674 Domitius
767 643 956 674 Caecilianus
974 652 1013 674 ex
1036 643 1161 675 intimis
1186 644 1300 676 amicis
1314 668 1323 685 ,
1351 645 1384 676 et
1408 644 1438 676 ei

109 691 187 732 quid
202 693 331 723 senatus
348 691 525 722 censuisset
547 691 706 731 exposuit.
732 690 831 730 igitur
854 690 967 721 [lentes
989 690 1254 732 queritantesque
1280 691 1337 732 qui
1363 686 1457 735 ade-1

111 740 207 779 rant,
226 738 406 778 facessere
422 738 433 756 ³
449 747 596 778 propere
610 738 748 769 Thrasea
764 762 773 776 ,
791 746 858 768 neu
876 737 1037 777 pericula
1059 746 1124 769 sua
1151 740 1334 770 miscerent
1359 738 1457 771 cum‘

108 789 202 820 sorte
227 786 386 818 danmati
403 811 412 825 ,
445 786 617 825 hortatum
645 785 834 824 Arriamque
860 786 1041 816 tentantem
1067 785 1175 816 mariti
1205 786 1380 826 suprema⁴
1407 786 1440 817 et

110 834 293 874 exemplum
304 833 403 864 Arriae
417 833 530 864 matris
542 833 552 850 ⁵
568 832 674 872 sequi,
689 834 800 863 monet
813 833 961 863 relinere
974 833 1085 863 vitam
1095 831 1252 873 filiceque
1265 834 1438 866 communi

109 881 303 914 subsidium
318 883 462 913 unicmn
475 889 542 912 non
562 879 715 911 adimere

150 933 269 961 XXXV.
296 933 378 960 Tum
397 936 581 968 progressus
599 927 631 958 in
656 926 817 967 porticum
834 951 842 966 ,
858 926 926 957 illic
940 935 957 957 a
971 927 1132 966 quaestore
1146 927 1306 967 reperitur
1320 927 1440 960 laetitiae

109 976 267 1017 propior,
282 977 358 1016 quia
371 975 554 1007 Helvidium
567 982 720 1014 generum
736 982 831 1004 suum
847 973 937 1005 ltalia
962 975 1088 1005 tantum
1102 974 1206 1005 arceri
1233 977 1438 1014 cognoverat.

110 1024 243 1063 accepto
268 1023 384 1054 dehinc
410 1022 693 1054 senatusconsulto
711 1020 896 1052 Helxidium
917 1023 950 1051 et
970 1021 1170 1052 Demetrium
1196 1021 1228 1052 in
1251 1022 1439 1054 cubiculum

109 1070 257 1105 induem
280 1071 503 1111 porrectisque
518 1069 687 1121 utriusque
702 1067 823 1098 brachii
838 1067 949 1106 venis,
965 1069 1133 1107 postquam
1151 1077 1300 1100 cru01em
1325 1068 1441 1102 effudit

111 1118 248 1149 humum
276 1127 372 1158 super
397 1125 547 1157 spargens
563 1140 571 1156 ,
598 1115 732 1155 propius
756 1116 872 1145 vocato
899 1116 1079 1154 quaestor-,e
1103 1115 1290 1155 Lebamus,
1311 1115 1440 1157 inquit,

110 1169 384 1197 JOV1L1B111.ATOR1
403 1167 408 1182 ¹
419 1167 570 1204 .3pecta‚
587 1164 752 1203 juvenis:
770 1164 803 1193 et
819 1170 915 1192 omen
928 1161 1068 1202 quedem
1082 1161 1131 1194 dez
1144 1163 1375 1203 prolzzbeant
1392 1173 1439 1196 ce

111 1215 226 1245 terum
251 1215 287 1244 in
316 1221 368 1245 ee„
382 1214 539 1252 tempora
569 1212 675 1242 naeus
703 1218 757 1248 es,
775 1209 898 1250 quibus
917 1208 1067 1249 firmare
1087 1211 1245 1242 animum
1276 1210 1440 1251 expediat

110 1260 348 1292 constantibus
359 1260 536 1299 exemplis.
553 1259 626 1298 post
640 1256 832 1289 lentitudine
845 1257 952 1289 exitus
965 1265 1079 1297 graves
1093 1257 1257 1290 cruciatus
1272 1257 1439 1299 afferente,

111 1307 258 1339 obversis
272 1307 305 1338 in
322 1307 518 1339 Demetrium
536 1305 619 1339 ².***

116 1389 163 1408 ——2.
175 1383 378 1414 919,o;;ofr.—5.
389 1388 438 1410 220,
444 1388 487 1406 570
488 1381 533 1411 fr.

139 1422 261 1446 XXXIV.
279 1427 299 1445 t.
312 1421 439 1445 Consules
456 1421 519 1444 inde
531 1420 565 1444 ab
577 1424 648 1443 anno
661 1418 689 1442 U.
704 1423 748 1442 ⁷1⁶
764 1419 844 1443 binos
861 1419 977 1450 uterque
995 1420 1145 1449 quaestores
1168 1420 1282 1445 comites
1295 1420 1433 1447 habehant

111 1471 139 1477 —
152 1463 172 1482 2.
185 1459 223 1482 De
246 1463 299 1486 quo
314 1458 416 1481 Seneca
432 1457 515 1480 :Non
532 1456 697 1486 prm-optor
716 1456 787 1484 veri,
806 1456 854 1480 sed
880 1456 965 1480 testis·
988 1455 1092 1480 Neroni
1115 1456 1212 1481 dixisse
1230 1456 1333 1481 fertur:
1348 1452 1430 1485 Ἀπει

112 1497 172 1532 λεῖς
191 1507 242 1536 μοι
260 1494 402 1533 Θάνατον,
420 1495 470 1525 σοὶ
485 1494 517 1525 δὲ
533 1495 552 1531 ἡ
570 1494 670 1533 φύσις.
688 1498 794 1529 Cynicae
807 1498 835 1521 et
845 1497 943 1521 Stoicae
955 1497 1086 1522 doctrinae
1099 1497 1170 1522 idem
1183 1500 1280 1523 auctor
1292 1498 1381 1524 fuerat
1392 1501 1433 1525 An

112 1537 307 1562 tisthenes-5.
327 1535 473 1559 Abire—4.
488 1535 552 1559 Cum
567 1534 666 1559 marito
682 1535 749 1559 mori
768 1534 924 1563 cupientem
940 1539 992 1557 —⁵.
1008 1533 1178 1558 celebratam
1193 1540 1305 1558 uxorem
1328 1535 1441 1560 Caecinae

112 1574 176 1597 Paeti
187 1573 261 1600 dicit,
276 1577 334 1601 quae
348 1571 462 1599 dixerat,
477 1572 559 1597 Paete,
574 1576 630 1595 non
643 1569 727 1595 dolet.
742 1571 772 1594 V.
783 1569 896 1593 Plinium
911 1569 999 1598 Epist.
1016 1569 1062 1598 lll,
1077 1575 1119 1598 ¹s;
1137 1569 1252 1593 Martial.
1266 1571 1284 1601 l,
1304 1575 1338 1594 Μ.

140 1608 249 1632 XXXV.
267 1613 287 1630 ι.
302 1606 375 1630 Conf.
391 1607 422 1629 ad
438 1606 493 1633 XV,
508 1611 546 1630 64.
558 1611 619 1629 -2,
641 1606 770 1630 ObL-ersis
784 1606 812 1628 in
833 1604 1010 1627 Demetrium
1029 1605 1133 1635 oculis,
1149 1605 1264 1634 eiusque
1282 1607 1398 1635 aspectu
1415 1609 1440 1631 ei

112 1643 204 1669 verbis
229 1643 385 1669 animatus,
400 1642 502 1665 amicis
522 1642 621 1666 oscula
641 1642 775 1671 offerens,
799 1640 851 1663 diu
872 1639 1032 1663 eluctatum
1053 1640 1192 1668 spiritum
1217 1640 1366 1666 reddidit.-
1380 1642 1440 1666 vita

112 1679 252 1709 careotas,
266 1678 368 1701 mortis
380 1679 565 1706 contemptor,
579 1678 605 1700 et
622 1678 777 1701 adversum
796 1676 953 1704 prementia
975 1675 1055 1699 mala
1068 1675 1140 1699 adeo
1157 1675 1272 1705 firmus,
1293 1678 1328 1701 ut
1345 1677 1441 1703 dicere

112 1716 182 1739 esset
195 1714 297 1738 solitus
309 1722 322 1732 α
336 1713 423 1736 malle
432 1719 461 1736 se
470 1712 555 1736 hodie
569 1712 693 1742 interfici
707 1717 793 1741 qvam
807 1716 872 1735 cras
886 1710 1022 1740 releyari.
1037 1718 1049 1730 »ι
1060 1710 1121 1734 Haec
1129 1710 1163 1734 ad
1173 1709 1318 1735 finiendam
1332 1712 1440 1742 phrasin

113 1755 146 1774 ex
161 1749 217 1774 aliis
227 1748 406 1778 scriptoribus
420 1748 597 1772 concinnavit
610 1748 767 1772 Brotierius.

733 1811 821 1819 —-

142 1867 226 1892 Periit
242 1866 363 1890 narratio
380 1867 520 1896 gestorum
537 1866 571 1890 ad
588 1866 669 1889 finem
685 1865 767 1894 hujus
783 1864 846 1888 anni
860 1864 890 1888 U.
905 1868 956 1893 8¹9,
971 1867 1161 1893 annorumque
1175 1868 1219 1888 820
1233 1864 1261 1889 et
1282 1869 1324 1890 821
1343 1865 1400 1890 sive
1411 1871 1438 1892 ev

115 1905 142 1929 et
158 1910 187 1928 68
206 1905 267 1933 post
280 1902 350 1931 (Ilm,
374 1903 451 1932 cujus
476 1902 608 1931 postremi
627 1902 671 1925 die
697 1906 721 1925 Η
740 1901 821 1925 Junio
842 1899 944 1924 cecidit
965 1899 1036 1924 Nero
1054 1900 1082 1923 et.
1101 1899 1251 1924 exstinctus
1273 1901 1315 1925 est
1332 1902 1439 1932 sanguis

116 1939 235 1969 Augusti.
257 1938 341 1963 Galba
359 1938 392 1963 ab
412 1938 584 1968 praetorianis
607 1939 634 1961 et
650 1938 747 1961 senatu
769 1936 921 1966 Imperator
940 1937 1050 1959 creatus
1067 1941 1099 1960 ex
1119 1935 1246 1966 Hispania
1271 1938 1419 1965 arcessitur
1432 1956 1438 1962 .

115 1975 192 2006 cujus
203 1974 350 2000 adventum
367 1974 394 1999 in
410 1974 509 1999 Urbem
520 1974 630 1998 Tacitus
640 1974 750 1998 initium
764 1972 831 1997 tecit
842 1971 1053 1996 Historiarum.
