1539 2668
132 172 174 205 94
527 173 659 202 TACITI
682 174 890 202 ANNALIUM
912 173 984 201 LIB.
1009 174 1061 202 lv.

176 251 201 279 I.
224 249 260 279 C.
281 246 402 286 Asinio,
422 249 457 278 C.
475 245 616 278 Antistio
633 250 721 277 Coss.
736 246 741 263 ¹
763 254 869 277 nonus
882 245 1008 278 Tiberio
1025 254 1128 277 annus
1150 246 1219 276 erat
1237 246 1423 285 compositae
1435 246 1453 282 ²,

134 293 331 335 reipublicae,
346 293 488 325 florentis
501 293 616 324 domus
633 295 718 331 (nam
735 293 913 325 Germanici
927 294 1063 324 mortem
1079 292 1162 323 inter
1181 301 1334 332 prospera
1350 293 1449 325 duce-

134 340 229 381 bat),
242 350 343 382 quum
361 342 492 381 repente
506 340 637 372 turbare
655 340 784 371 fortuna
798 340 915 380 coepit,
938 341 1052 372 saevire
1075 341 1143 380 ipse
1165 341 1221 371 aut
1243 340 1452 374 saevientibus

133 389 218 420 vires
232 388 386 428 praebere.
403 388 531 419 initium
544 390 577 419 et
591 396 689 418 causa
703 396 800 427 penes
815 387 926 418 AElium
941 387 1087 427 sejanum
1101 412 1109 427 ,
1129 387 1316 418 cohortibus
1337 388 1451 427 praeto·

131 434 187 466 riis
204 435 404 475 praefectum,
417 439 508 475 cujus
518 435 557 466 de
574 434 719 475 potentia
731 443 827 474 supra
837 434 1011 465 memoravi
1021 434 1044 465 ³.
1064 443 1150 465 nunc
1163 434 1331 474 originem,
1348 441 1453 465 mores

133 482 166 512 et
179 490 244 521 quo
260 482 402 514 facinore
418 481 673 513 dominationem
691 483 819 522 raptum
836 482 910 513 ierit
924 505 933 520 ,
951 481 1129 522 expediam.
1148 482 1280 514 Genitus
1301 480 1454 513 Vulsiniis

132 530 224 567 patre
245 529 316 561 Seio
332 529 506 569 Strabone,
524 529 632 569 equite
648 533 792 560 Romano
804 553 813 568 ,
832 530 864 560 et
888 529 992 569 prima
1005 528 1141 567 juventa
1156 532 1190 560 C.
1213 532 1371 560 Caesarem
1388 527 1454 558 divi

132 576 268 614 Augusti
282 579 430 615 nepotem
443 575 453 593 ⁶
473 577 615 607 sectatus
626 601 637 615 ,
659 585 725 607 non
745 576 816 607 sine
832 585 961 607 rumore
978 576 1089 616 Apicio
1112 575 1206 607 diviti
1223 577 1255 607 et
1271 575 1403 615 prodigo
1420 583 1456 606 se

134 629 217 652 veno
233 622 244 640 ⁵
260 622 399 662 dedisse,
412 631 489 654 mox
505 623 665 654 Tiberium
680 623 777 654 variis
792 623 916 654 artibus
929 622 1077 654 devinxit
1092 622 1183 663 adeo,
1201 623 1237 653 ut
1252 622 1425 653 obscurum
1440 621 1452 640 ⁶

133 667 306 700 adversum
321 669 400 701 alios
416 669 478 700 sibi
493 670 549 700 uni
565 670 732 702 incautum
748 671 971 710 intectumque
986 669 1138 709 efficeret,
1155 678 1220 700 non
1233 671 1300 700 tam
1316 669 1457 701 sollertia

138 714 275 756 (quippe
291 716 405 748 iisdem
424 717 548 748 artibus
573 717 680 749 victus
706 718 771 757 est)
797 727 895 758 quam
913 717 1008 748 deum
1027 716 1074 747 ira
1100 717 1133 747 in
1161 719 1230 748 rem
1256 720 1434 747 Romanam
1445 740 1456 756 ‚

134 762 227 801 cujus
240 763 308 802 pari
325 764 424 795 exitio
441 763 545 804 viguit
559 764 742 804 ceciditque
756 764 782 796 ⁷.
800 773 918 804 corpus
934 765 979 795 illi
995 764 1143 795 laborum
1158 764 1312 802 tolerans,
1332 762 1459 794 animus

134 808 260 850 audax;
275 810 325 841 sui
338 810 506 851 obtegens,
526 811 559 842 in
575 812 652 842 alios
665 812 872 851 criminator3
887 812 979 851 juxta
996 811 1136 842 adulatio
1152 811 1184 841 et
1210 810 1360 850 superbia
1375 820 1383 849 ;
1400 817 1458 848 pa-

135 856 196 885 lam
215 857 411 897 compositus
428 859 544 898 pudor,
560 859 646 890 intus
661 868 787 890 summa
803 858 964 899 apiscendi
979 858 1091 897 libido,
1106 857 1238 898 ejusque
1252 865 1348 888 causa
1361 855 1460 887 modo

136 899 259 941 largitio
272 906 304 935 et
317 905 423 944 luxus,
441 905 562 945 saepius
579 905 740 938 industria
755 913 794 937 ac
808 905 993 946 vigilantia,
1007 904 1094 936 haud
1112 904 1222 936 minus
1240 903 1364 943 noxiae,
1382 911 1459 943 quo-

134 948 194 979 ties
211 951 352 989 parando
366 960 463 992 regno
480 952 653 993 finguntur.

178 998 216 1026 Η.
242 997 314 1028 vim
331 1000 551 1039 praefecturae,
566 999 726 1031 modicam
740 1000 835 1032 antea
848 1022 858 1039 ,
876 998 1015 1030 intendit
1027 997 1189 1038 dispersas
1202 1006 1261 1038 per
1273 996 1393 1029 Urbem
1408 1004 1461 1028 co-

134 1041 244 1075 hortes
262 1054 326 1076 una
342 1046 374 1077 in
392 1047 496 1078 castra
510 1046 518 1064 ¹
536 1046 764 1086 conducendo,
781 1046 932 1078 utsimul
948 1045 1082 1086 imperia
1097 1044 1290 1085 acciperent,
1307 1051 1460 1075 numero-

138 1098 199 1128 que
215 1092 246 1121 et
268 1092 383 1124 robore
399 1096 430 1125 et
446 1093 518 1125 visu
538 1094 622 1124 inter
637 1102 671 1125 se
693 1093 813 1124 fiducia
835 1093 935 1133 ipsis,
958 1092 991 1123 in
1006 1095 1129 1123 ceteros
1150 1093 1256 1122 metus
1284 1089 1458 1121 crearetur.

137 1138 356 1174 praetendebat
381 1141 541 1172 lascivire
556 1141 705 1172 militem
726 1140 932 1177 diductum3
958 1141 989 1170 si
1013 1138 1098 1179 quid
1117 1137 1270 1170 subitum
1290 1136 1459 1177 inqruat,

138 1183 268 1223 majore
281 1187 415 1218 auxilio
424 1189 566 1227 pariter
581 1187 754 1218 subveniri
763 1199 775 1226 ,·
800 1189 833 1218 et
849 1187 1000 1217 severius
1016 1187 1155 1217 acturos
1167 1209 1176 1225 ,
1197 1187 1226 1216 si
1246 1184 1381 1216 vallum
1392 1184 1463 1213 sta·

139 1230 263 1263 luatur
270 1234 396 1273 procul
414 1234 514 1266 Urbis
526 1233 707 1265 illecebris.
722 1236 766 1266 Ut
782 1234 925 1274 perfecta
941 1234 1018 1264 sunt
1040 1233 1165 1271 castra,
1183 1232 1324 1272 irrepere
1344 1230 1462 1271 paulla-

137 1276 197 1307 tim
211 1278 364 1311 militares
376 1280 499 1312 animos
512 1280 524 1298 ²
540 1280 699 1321 adeundo,
715 1280 924 1322 appellando;
938 1279 1034 1311 simul
1048 1279 1252 1311 centuriones
1266 1286 1303 1309 ac
1315 1277 1463 1308 tribunos

138 1323 205 1363 ipse
219 1324 367 1365 deligere.
385 1336 491 1367 neque
508 1328 671 1359 senatorio
686 1328 812 1359 ambitu
836 1326 1020 1358 abstinebat
1041 1326 1173 1357 clientes
1188 1333 1264 1356 suos
1286 1323 1463 1356 honoribus

139 1372 193 1402 aut
209 1373 387 1411 provinciis
403 1374 553 1414 ornandi,
568 1375 653 1406 facili
669 1375 796 1406 Tiberio
815 1376 910 1414 atque
925 1374 968 1404 ita
982 1382 1094 1413 prono,
1113 1373 1148 1403 ut
1159 1374 1288 1403 socium
1303 1371 1463 1402 laborum

140 1426 204 1448 non
222 1419 318 1450 modo
332 1420 365 1451 in
381 1422 598 1461 sermonibus,
616 1422 671 1453 sed
688 1421 772 1461 apud
790 1423 898 1452 Patres
912 1422 943 1451 et
957 1420 1116 1460 populum
1131 1419 1320 1459 celebraret,
1336 1418 1463 1458 colique

140 1472 197 1503 pei·
212 1466 337 1498 theatra
355 1468 388 1499 et
404 1467 475 1499 fora
488 1468 609 1507 effigies
625 1469 695 1508 eJus
711 1469 859 1508 interque
876 1467 1034 1508 principia
1048 1466 1060 1484 ³
1080 1466 1242 1506 legionum
1258 1465 1387 1497 sineret.

182 1515 235 1543 ΙΙΙ.
259 1516 408 1545 Ceterum
435 1514 530 1555 plena
554 1518 718 1547 Caesarum
743 1516 880 1554 domus,
907 1514 1035 1555 juvenis
1060 1513 1144 1544 silius
1161 1538 1170 1553 ,
1200 1514 1333 1553 nepotes
1360 1510 1462 1542 adulti

141 1567 264 1590 moram
281 1561 399 1601 cupitis
410 1562 590 1593 afferebant
608 1572 616 1592 ι
633 1564 666 1594 et
683 1562 758 1603 quia
775 1563 808 1593 vi
824 1563 875 1593 tot
889 1562 984 1593 simul
1007 1561 1168 1601 corripere
1184 1560 1327 1592 intutum
1343 1582 1353 1599 ,
1370 1558 1463 1590 dolus

138 1605 306 1638 intervalla
321 1609 478 1640 scelerum
492 1609 656 1649 poscebat.
675 1610 797 1650 placuit
812 1611 921 1640 tamen
938 1608 1094 1639 occultior
1109 1608 1162 1638 via
1178 1610 1210 1638 et
1226 1616 1244 1638 a
1261 1611 1363 1638 Druso
1382 1604 1462 1636 inci-

141 1661 235 1692 pere,
251 1654 282 1684 in
300 1664 397 1694 quem
423 1657 544 1687 recenti
568 1657 614 1687 ira
636 1657 908 1693 serebatur.nam
931 1660 1052 1687 Drusus
1066 1679 1076 1695 ,
1101 1654 1273 1695 impatiens
1299 1652 1408 1685 aemuli
1431 1652 1463 1683 ct

140 1699 248 1730 animo
262 1703 466 1742 commotior,
483 1706 555 1735 orto
572 1704 654 1735 forte
669 1704 774 1744 jurgio
789 1728 797 1743 ,
814 1703 996 1734 intenderat
1018 1702 1130 1742 Seiano
1146 1709 1261 1732 manus
1289 1702 1322 1731 et
1350 1698 1463 1731 contra

140 1747 299 1778 tendentis
324 1758 359 1780 os
376 1750 614 1782 verberaverat.
637 1751 736 1790 Igitur
753 1752 869 1781 cuncta
894 1749 1034 1781 tentanti
1056 1748 1331 1788 promptissimum
1356 1746 1462 1776 visum

141 1793 178 1822 ad
198 1803 331 1825 uxorem
348 1797 417 1836 eJus
431 1797 552 1828 Liviam
571 1798 578 1815 ¹
599 1800 786 1828 convertere
802 1807 808 1827 2
827 1805 900 1836 quae
916 1805 1006 1828 soror
1021 1795 1199 1827 Germanici
1213 1819 1222 1834 ‚
1238 1794 1349 1824 formae
1370 1793 1463 1825 initio

141 1841 245 1871 {etatis
259 1842 430 1883 indecorae,
444 1853 521 1875 mox
535 1844 776 1884 pulchritudine
790 1843 1002 1884 praecellebat.
1020 1843 1113 1880 lianc,
1129 1844 1166 1873 ut
1178 1850 1288 1872 amore
1300 1840 1461 1880 incensus,

141 1887 297 1920 adulterio
313 1889 323 1907 ²
345 1891 492 1930 pellexit3
509 1894 542 1922 et
557 1891 632 1931 quia
648 1892 785 1929 femina,
801 1891 916 1921 amissa
939 1889 1094 1930 pudicitia
1106 1913 1114 1928 ,
1139 1889 1199 1920 alia
1215 1897 1280 1919 non
1294 1887 1462 1925 abnuerit,

142 1935 179 1964 ad
195 1937 333 1976 conjugii
353 1946 443 1978 spem
456 1962 465 1978 ‚
482 1941 681 1970 consortium
697 1939 784 1979 regni
810 1940 842 1969 et
862 1947 973 1969 necem
990 1937 1097 1968 mariti
1116 1936 1254 1976 impulit.
1270 1936 1368 1975 atque
1385 1935 1440 1966 illa
1451 1958 1460 1974 ‚

141 1982 192 2012 cui
209 1984 388 2015 avunculus
401 1984 412 2002 ²
429 1987 592 2027 Augustus
604 2010 612 2026 ,
631 1995 722 2017 socer
737 1985 903 2024 TiberiuS,
922 1994 960 2016 ex
978 1989 1081 2015 Druso
1097 1983 1189 2015 liberi
1203 2007 1211 2022 ,
1227 1991 1324 2022 seque
1341 1990 1379 2013 ac
1394 1990 1462 2013 ma-

141 2028 227 2066 jores
241 2034 271 2062 et
285 2033 431 2070 posteros
446 2033 633 2073 municipali
649 2033 658 2051 ⁴
678 2033 826 2064 adultero
850 2033 1005 2070 foedabat,
1030 2033 1067 2062 ut
1086 2039 1143 2070 pro
1160 2030 1303 2060 honestis
1323 2030 1355 2060 et
1376 2037 1461 2068 prse-

143 2076 288 2108 sentibus
303 2077 459 2117 flagitiosa
481 2081 514 2110 et
527 2080 650 2110 incerta
663 2080 874 2120 exspectaret.
893 2078 1031 2109 sumitur
1055 2077 1089 2107 in
1114 2075 1341 2107 conscientiam
1362 2074 1460 2106 Eude-

143 2130 228 2162 mus,
243 2124 365 2155 amicus
377 2134 414 2155 ac
430 2126 573 2157 medicus
592 2127 702 2168 Liviae,
719 2127 823 2167 speeie
840 2126 917 2157 artis
934 2125 1084 2164 frequens
1103 2123 1241 2154 secretis.
1259 2121 1349 2163 pellit
1363 2121 1460 2153 domo

172 2216 190 2239 Ι.
207 2220 228 2239 ¹.
246 2216 322 2239 Anno
335 2216 365 2239 U.
382 2221 434 2245 7⁷6,
446 2222 472 2246 p.
487 2217 549 2241 Chr.
565 2222 600 2241 25.
613 2231 642 2235 —
654 2223 679 2242 2.
697 2220 814 2243 Pacatae.
827 2230 857 2236 —
869 2222 889 2241 z.
905 2217 925 2246 Ι,
946 2222 989 2244 2⁴;
1013 2216 1057 2244 111,
1072 2221 1100 2239 29
1118 2217 1145 2239 et
1165 2220 1201 2240 ⁷2.
1212 2227 1241 2231 —
1254 2219 1277 2238 4.
1295 2215 1332 2239 Ex
1346 2215 1415 2239 Julia
1433 2220 1461 2243 et

143 2250 271 2279 Agrippa.
284 2264 311 2266 —
323 2256 347 2274 s.
362 2252 481 2281 Dattvm,
499 2258 548 2281 pro
559 2254 607 2282 (ad
621 2254 664 2277 vel
679 2255 719 2282 in)
731 2259 844 2278 venum.
862 2265 890 2269 —
903 2257 924 2276 6-
936 2253 1057 2280 Tectum,
1070 2256 1207 2274 arcanum.
1223 2263 1253 2267 —
1265 2255 1286 2273 7.
1298 2250 1366 2273 Nam
1377 2250 1459 2275 ctiam

143 2285 210 2310 ullos
224 2286 321 2309 multos
331 2292 422 2309 secum
436 2287 463 2310 in
476 2288 580 2311 ruinam
595 2289 685 2312 traxit.

172 2320 204 2344 11.
221 2326 240 2345 ι.
258 2321 360 2345 Munita
378 2328 462 2351 prope
477 2324 582 2351 portam
601 2324 811 2347 Nomentanam.
824 2336 852 2340 —
863 2328 884 2346 2.
902 2323 934 2346 Sc
949 2321 1105 2345 insinuabat
1118 2321 1144 2344 in
1158 2321 1272 2344 militum
1287 2321 1410 2349 gratiam.
1428 2333 1458 2338 —

141 2361 163 2379 5.
179 2356 207 2379 ln
223 2356 376 2388 principiis
392 2358 541 2380 castrorum
555 2360 590 2386 (v.
606 2359 638 2381 ad
657 2360 675 2385 Ι,
691 2365 726 2385 οι,
741 2361 797 2382 not·
812 2360 835 2387 5)
849 2357 1053 2381 collocabantur
1068 2356 1162 2385 aquilsc
1177 2358 1204 2379 et
1218 2357 1293 2384 signa
1307 2355 1455 2384 legionum.

172 2390 217 2414 Ill.
237 2396 258 2414 ι.
273 2391 338 2414 Aliis
355 2392 461 2416 Livilla
475 2393 554 2421 dicta,
574 2393 737 2416 deminutiva
753 2394 849 2416 forma.
869 2406 896 2409 —
909 2397 931 2414 2.
948 2393 1066 2417 nativus.
1081 2391 1113 2414 ad
1128 2391 1297 2414 adulterium.
1313 2404 1340 2406 —
1355 2396 1377 2413 5.
1397 2391 1454 2413 Ma-

144 2427 243 2454 ternus,
262 2426 295 2450 ab
311 2426 421 2452 Octavia
437 2433 530 2452 sorore
549 2428 673 2458 Augusti,
697 2430 784 2452 matre
798 2428 921 2452 Antonia·
941 2428 1033 2450 matris
1057 2426 1161 2450 Livillae
1179 2439 1204 2442 —
1220 2431 1243 2449 -π,
1260 2426 1288 2449 ln
1310 2426 1456 2455 municipio
