1539 2668
518 195 555 224 A.
580 196 619 224 U.
644 198 679 225 C.
705 199 778 228 800.
803 201 840 229 A.
867 204 902 232 C.
927 203 980 233 47.
1366 216 1424 246 147

82 292 1408 338 ἦ

410 414 607 466 LIBER
647 419 741 470 UN
743 421 1058 478 DECIMUS.

639 555 856 570 —QOOOQ-—a

598 665 892 701 ARGUMENTUM.

110 750 173 780 Cap.
189 750 254 773 1—3.
272 750 394 774 Valerius
411 752 545 776 Asiaticus
559 759 574 777 a
585 754 667 778 Suilio
682 758 709 780 et
723 758 827 782 Sosibio
847 765 992 798 accusatus
1007 765 1102 791 fraude
1116 769 1269 796 Messalinae
1287 775 1313 798 ct
1328 776 1412 800 Vitel-

79 783 108 807 lii
121 786 264 814 evertitur,
280 787 307 809 et
321 786 414 809 hilaris
428 788 549 812 moritur.
563 801 591 806 —
601 795 622 813 4.
639 794 774 816 somnium
789 797 898 819 saevitiae
912 803 1004 823 cansa.
1020 813 1048 818 —
1060 808 1081 825 5.
1100 804 1126 827 in
1141 807 1282 833 perfidiam
1295 810 1413 836 advoca-

80 819 169 842 torum
184 819 225 843 les
236 821 328 844 Cincin
341 822 485 851 flagitatur.
498 836 525 839 —
540 830 562 847 c.
575 829 596 847 7.
614 828 729 854 ριέιίιιίἰς
749 834 797 856 pro
815 832 968 858 patrocinio
987 835 1081 860 modus
1098 841 1232 867 ponitura
1248 844 1380 875 Principe.

108 860 130 877 8.
142 855 233 878 Parthi
247 856 410 880 discordant.
427 857 557 882 Gotarzes
575 860 669 889 pulsus
688 863 758 887 vires
774 867 892 893 reparat.
910 880 933 883 —
946 873 968 891 9.
982 875 1077 899 pacem
1092 873 1143 897 init
1157 881 1218 900 cum
1233 879 1365 905 Vardane'
1382 895 1412 899 —

79 894 115 914 ιο.
128 889 174 913 hic
187 890 277 914 victor
291 897 304 914 a
318 892 372 914 suis
387 893 507 916 caeclitur.

107 929 145 948 n.
164 925 230 949 Ludi
241 926 394 950 saeculares.
411 929 542 952 Domitius
554 930 625 955 Nero
638 932 792 958 destinatur
803 935 925 965 imperio.
937 952 967 956 —
983 944 1018 964 12.
1034 942 1179 969 Messalina
1189 946 1282 972 Silium
1296 950 1409 980 depcrit.

74 964 152 983 -15,
167 960 294 984 Claudius
310 962 383 986 aliud
397 964 463 992 agit.
486 964 560 993 lcgcs
577 965 640 989 fert.
660 973 743 991 novas
756 969 912 997 litterarum
931 974 1032 1000 formas
1046 978 1147 1008 vulgat.
1160 992 1188 996 —
1202 987 1238 1006 Η.
1256 984 1290 1007 de
1305 985 1410 1011 littera-

74 999 135 1018 rum
152 995 352 1020 inventoribus.
364 1011 392 1014 —
405 1003 438 1021 ¹5.
454 999 582 1023 Claudius
597 1001 756 1032 haruspices
770 1005 870 1031 firmat.

106 1035 141 1054 «6.
155 1031 266 1055 Italicus
279 1038 325 1055 rex
341 1033 484 1057 Cheruscis
498 1037 657 1064 petentibus
669 1038 759 1063 datur.
778 1054 806 1057 —
826 1048 860 1066 ¹7.
875 1050 937 1069 mox
956 1046 989 1070 (le
1002 1053 1034 1071 eo
1050 1049 1186 1075 discordia
1206 1056 1295 1082 gentis
1309 1058 1336 1080 ct
1349 1057 1407 1080 bel-

73 1065 137 1090 lum.
156 1079 184 1083 —
200 1072 233 1090 18.
247 1067 419 1092 Rebellantes
434 1070 557 1094 Chaucos
572 1072 691 1097 Corbulo
709 1077 840 1105 reprimit.
860 1080 882 1102 is
896 1086 993 1105 scvcrc
1010 1085 1067 1113 agit
1086 1085 1113 1108 in
1130 1087 1238 1111 milites.
1255 1103 1279 1106 —

74 1100 128 1123 sios
143 1103 290 1131 componit.
302 1104 473 1127 Gannascum
489 1106 579 1130 caeuit.
593 1120 620 1123 —
637 1113 674 1132 20.
696 1111 778 1134 artior
793 1114 851 1141 ejus
875 1120 889 1138 a
910 1116 1022 1141 Claudio
1045 1125 1193 1148 repressus.
1214 1123 1314 1149 fossam
1336 1128 1409 1152 inter

73 1135 178 1159 Mosam
193 1138 221 1160 et
238 1137 359 1161 Rhenum
377 1139 461 1162 ducit.
477 1140 592 1169 insignia
610 1143 739 1172 triumphi
758 1147 782 1169 ci
794 1148 907 1173 indulta.
927 1164 953 1167 —
967 1157 1007 1176 ει.
1028 1155 1068 1178 sic
1081 1157 1108 1179 et
1122 1157 1215 1182 Curtio
1236 1161 1314 1185 Ruso.
1327 1176 1354 1179 —
1367 1169 1396 1187 22

73 1169 176 1194 Nonius
188 1172 267 1200 perit.
279 1173 317 1196 De
332 1174 491 1200 spectaculo
502 1175 684 1203 gladiatorum
699 1182 726 1202 et
741 1184 929 1209 quaestoi-ihus.

103 1210 141 1228 25.
159 1206 225 1230 Galli
243 1206 381 1230 civitatem
398 1208 503 1235 plenam
525 1210 658 1236 affectant
673 1226 702 1230 —-
713 1218 792 1239 mmet
809 1218 934 1249 Principe
948 1223 1142 1251 patrocinante
1156 1240 1184 1245 —-
1198 1233 1236 1253 23.
1249 1230 1406 1263 impetrant,

73 1240 101 1264 et
118 1239 205 1268 primo
225 1241 334 1269 quidem
351 1242 439 1266 AEdui.
454 1244 563 1268 Patricii
576 1247 702 1276 suppleti.
715 1249 829 1275 lustrum
843 1255 989 1280 conditum.

102 1278 140 1297 26.
155 1275 299 1299 Messalina
311 1283 403 1300 amore
415 1283 513 1301 vecors
527 1292 553 1295 -
565 1286 601 1304 27.
615 1282 680 1306 Silio
699 1285 786 1313 palam
802 1288 886 1313 nubit.
899 1303 926 1307 ——
943 1296 980 1315 28.
998 1293 1143 1319 turbantur
1165 1298 1255 1322 aulici.
1266 1313 1296 1318 —
1307 1306 1345 1327 29.
1366 1308 1404 1328 50.

69 1308 214 1333 Narcissus
226 1316 275 1339 per
289 1312 398 1340 pellices
411 1319 468 1336 rem
480 1314 574 1338 defert.
590 1329 618 1332 —
635 1323 671 1341 si.
691 1319 817 1345 Claudius
841 1325 966 1354 trepidat.
982 1328 1125 1354 Messalina
1137 1331 1302 1364 bucellatum
1324 1351 1353 1355 —
1380 1343 1393 1355 ⁰

1365 1345 1405 1363 5-.

70 1348 165 1371 preces
176 1351 228 1374 per
241 1347 376 1370 Vestalem
392 1350 478 1375 parat.
495 1361 522 1365 —
535 1355 573 1373 53.
589 1351 731 1377 Narcissus
750 1357 904 1387 Principem
918 1363 1062 1387 nutantem
1082 1365 1195 1397 incitat,
1211 1382 1239 1386 —
1256 1376 1293 1394 54.
1309 1378 1405 1400 preces

69 1379 240 1407 amoliiu1·,—
254 1386 292 1404 δε.
314 1387 350 1405 se.
366 1384 493 1412 sontium,
507 1386 533 1408 in
547 1385 587 1408 liis
607 1387 760 1420 Mnesteris,
781 1394 946 1423 supplicium
962 1400 1051 1428 urget.
1062 1412 1091 1416 —
1112 1407 1149 1426 57.
1172 1409 1209 1427 58-
1223 1406 1403 1439 Messalinam,

71 1413 219 1443 languente
234 1416 368 1446 Principe,
385 1418 448 1442 dein
459 1420 563 1449 ignaro,
576 1423 642 1447 caedi
661 1428 747 1450 curat.

100 1449 164 1474 Haec
180 1452 258 1480 gesta
272 1452 353 1476 annis
367 1452 427 1478 fere
442 1454 557 1486 duobus,
572 1463 596 1486 p.
609 1458 675 1484 Chr.
690 1466 717 1484 47
732 1463 760 1486 et
770 1467 806 1486 43.

661 1555 807 1566 ψ

108 1637 134 1665 Ι.
158 1633 213 1651 ***
229 1643 304 1666 nam
319 1635 326 1653 ¹
348 1637 515 1670 valerium
532 1641 725 1684 Asiaticum,
745 1645 796 1677 bis
816 1651 996 1693 consulem,
1013 1654 1112 1688 fuisse
1125 1660 1288 1697 quondam
1301 1663 1400 1695 adul-

66 1681 172 1712 terum
195 1680 265 1720 eJ'us
285 1682 298 1700 ²
324 1684 487 1723 credidit3
514 1689 700 1730 pariterque
727 1693 828 1725 lim-tis
849 1697 999 1739 inhians,
1032 1712 1114 1742 quos
1138 1704 1191 1736 ille
1218 1716 1237 1738 a
1263 1709 1398 1743 Lucullo

65 1729 189 1767 coeptos
214 1728 333 1769 insigni
356 1733 596 1771 magnificentia
624 1740 846 1782 extollemw,
871 1746 1008 1779 Suilium
1032 1753 1224 1784 accusandis
1251 1757 1398 1797 utrisque

64 1772 222 1806 immittit.
244 1776 439 1817 Adjungitur
462 1781 625 1822 Sosibius,
656 1786 852 1820 Britannici⁴
887 1792 1063 1834 educator,
1089 1799 1144 1837 qui
1168 1809 1224 1840 per
1255 1805 1396 1842 speciem

63 1820 297 1854 benevolentiae
315 1828 461 1857 moneret
478 1828 650 1861 Claudiurn
669 1844 684 1858 u
700 1842 814 1866 cavere
828 1837 894 1869 vim
915 1843 1012 1880 atque
1029 1852 1107 1883 opes
1124 1846 1326 1887 Principibus
1349 1851 1395 1881 in-

68 1868 226 1909 «sensas3
254 1871 455 1911 praecipuum
481 1877 647 1908 auctorem
670 1880 848 1913 Asiaticum
886 1885 1101 1921 interficiendi
1127 1895 1264 1926 Caesaris
1281 1896 1292 1913 ⁵
1329 1906 1395 1928 non

65 1926 80 1941 «ι
95 1915 285 1947 extimuisse
298 1917 330 1947 in
345 1919 498 1951 concione
514 1924 625 1962 populi
642 1928 778 1958 Romani
803 1928 894 1962 fateri
914 1933 1114 1976 gloriamque
1139 1939 1290 1974 facinoris
1307 1944 1395 1977 ultro

65 1973 81 1989 ιι
94 1963 221 2001 petere3
239 1963 363 1995 clarum
389 1974 427 1996 ex
444 1975 482 1997 eo
499 1967 532 1998 in
555 1970 660 2011 Urbe,
681 1972 782 2005 didita
806 1984 862 2015 per
877 1981 1059 2017 provincias
1080 1984 1184 2026 fama,
1203 1997 1316 2028 parare
1332 1991 1394 2022 iter

63 2019 80 2035 (ι
94 2008 135 2039 ad
152 2010 355 2042 Germanicos
372 2014 535 2046 exereitus
548 2040 557 2056 ,
576 2019 707 2057 quando
724 2022 849 2059 genitus
872 2025 1024 2068 Viennae,
1040 2032 1219 2073 multisque
1231 2037 1264 2067 et
1275 2037 1393 2070 validis

64 2055 392 2096 «propinquitatibus
419 2061 599 2103 subnixus,
630 2066 764 2098 turbare
786 2071 924 2108 gentiles
952 2076 1099 2109 nationes
1124 2083 1311 2122 promptum
1336 2085 1391 2116 ha-

43 2128 44 2131 ,
65 2113 81 2128 «
95 2101 195 2133 beret.
213 2115 229 2130 υ
251 2105 292 2135 At
307 2105 460 2139 Claudius
473 2132 482 2147 ,
499 2109 580 2141 nihil
600 2112 684 2144 ultra
696 2118 879 2156 scrutatus,
899 2119 971 2152 citis
987 2122 998 2140 ⁶
1018 2132 1092 2156 curn
1113 2127 1272 2161 militibus
1285 2154 1294 2170 ,
1313 2133 1391 2163 tam-

61 2156 160 2188 quam
183 2151 394 2190 opprimendo
422 2154 526 2197 bello,
554 2158 738 2200 Crispinum
767 2166 911 2203 praetorii
936 2170 1123 2207 praefectum
1146 2175 1258 2207 misit:
1277 2186 1296 2208 a
1323 2187 1390 2219 quo

60 2196 207 2235 repertus
225 2199 273 2229 est
288 2200 376 2239 apud
392 2201 484 2234 Baias
497 2226 506 2242 ,
524 2204 705 2247 vinclisque
720 2210 832 2241 inditis
846 2211 879 2242 in
896 2214 1015 2247 Urbem
1032 2221 1156 2259 raptus.

104 2245 144 2273 II.
169 2247 280 2284 Neque
307 2246 383 2279 data
410 2252 541 2282 senatus
565 2254 659 2294 copia
675 2265 682 2286 :
698 2256 784 2288 intra
806 2259 993 2295 cubiculum
1022 2267 1153 2299 auditur
1169 2293 1179 2309 ,
1215 2274 1388 2309 Messalina
