1539 2668
502 204 527 231 A
561 202 600 232 U.
625 202 660 231 C.
686 201 757 231 822.
782 204 817 232 A.
841 204 877 233 C.
901 204 951 233 69.
1332 208 1390 238 283

65 279 316 311 circumdarent.
346 287 405 310 nec
422 276 561 309 tribunis
584 277 642 309 aut
666 277 907 310 centurionibus
932 277 1071 310 adeundi
1094 279 1209 312 locus:
1228 283 1406 322 gregarius>

63 326 156 358 miles
181 327 297 358 caveri
319 325 448 366 insuper
462 325 666 365 proepositos
680 324 823 364 jubebat.
853 327 992 367 strepere
1007 327 1125 358 cuncta
1148 327 1348 361 clamoribus
1360 330 1403 361 eb

63 374 207 405 tumultu
220 375 252 405 et
268 373 493 406 exhortatione
508 373 641 411 mutua,
665 380 730 403 non
744 374 910 414 tamquam
932 372 966 404 in
983 374 1102 415 populo
1119 383 1157 406 ac
1171 375 1276 416 plebe,
1295 375 1403 407 variis

62 422 153 462 segni
170 421 352 453 adulatione
375 420 527 460 vocibus,
553 419 608 451 sed
625 422 661 450 ut
677 429 839 460 quemque
859 420 1071 453 affluentium,
1092 422 1237 454 mititum
1262 432 1401 465 aspere-2

60 470 153 509 rant,
172 478 324 509 prensare
340 467 489 499 manibus
501 492 510 508 ,
524 467 696 508 complecti
716 468 816 499 armis
837 467 863 506 ³,
890 467 1048 501 collocare
1072 470 1166 510 Juxta
1178 495 1187 511 ,
1204 471 1318 511 praeire
1344 481 1391 503 sa-

62 515 302 556 cramentum⁴,
318 516 416 547 modo
429 517 660 556 Imperatorem
678 515 953 554 militibus‚modo
970 516 1087 549 milites
1103 519 1291 558 Imperatori
1304 527 1391 550 com-

61 563 227 595 mendare.
249 572 309 595 nec
336 563 446 594 deerat
468 563 566 602 Otho,
585 563 783 604 protendens
811 571 943 603 manus,
971 564 1104 596 adorare
1128 565 1260 605 vulgus,
1284 566 1390 607 jacere

58 611 170 643 oscula
182 634 191 650 ‚
210 613 244 642 et.
259 610 368 642 omnia
384 611 544 642 serviliter
557 620 615 650 pro
632 610 862 642 dominatione.
881 613 1053 652 postquam
1076 612 1228 645 universa
1242 614 1391 646 classico-

58 665 131 688 rum
148 657 231 698 legio
249 661 488 690 sacramentum
510 658 580 697 ejus
594 658 739 699 accepit,
757 657 858 689 fidens
877 658 1017 698 vin'bus,
1034 662 1066 690 et
1090 669 1171 700 quos
1194 661 1301 692 adhuc
1323 661 1399 693 sin-

57 704 149 744 gulos
164 705 441 746 exstimulaverat,
449 705 675 737 accendendos
688 705 720 737 iu
736 714 909 737 commune
923 709 1024 746 ratus,
1038 715 1096 747 pro
1111 707 1194 739 vallo
1208 710 1387 740 castrorum

57 751 104 784 ita
120 752 227 792 ooepit.

97 802 248 831 XXXVII.
275 812 291 827 «ι
305 799 384 839 Quis
398 799 438 830 ad
452 807 510 831 vos
526 800 749 840 processerim,
759 800 999 832 commilitones
1012 825 1021 840 ,
1039 801 1145 833 dicere
1158 811 1222 833 non
1243 811 1388 844 possum,

60 856 77 872 «ι
94 846 150 886 qui
165 855 224 877 nec
241 846 404 886 privatum
422 855 473 877 me
496 855 611 878 vocare
628 848 770 878 sustineo
788 848 936 888 Princeps
955 857 973 879 a
990 848 1080 879 vobis
1097 849 1281 881 nominatus
1293 874 1303 890 ‚
1332 860 1390 884 nec

59 904 74 920 α
93 894 272 934 Principem
288 894 350 924 alio
368 894 557 934 imperante.
571 896 716 925 vestrum
733 904 862 934 quoque
877 904 996 926 nomen
1010 895 1041 926 in
1056 895 1180 927 incerto
1191 897 1273 936 erit,
1288 898 1390 932 donec

58 951 75 967 «ι
88 939 290 972 dubitabitur
308 943 539 981 Imperatorem
556 941 666 981 populi
684 942 818 973 Romani
840 942 874 972 in
889 942 1003 974 castris
1025 951 1065 973 an
1090 943 1214 974 hostem
1232 943 1387 977 habeatis.

57 999 74 1016 α
90 987 251 1020 auditisne
265 990 301 1019 ut
317 998 411 1028 poena
428 997 500 1020 mea
516 991 548 1020 et
564 989 761 1029 supplicium
781 991 927 1021 vestrum
949 989 1045 1021 simul
1066 992 1291 1030 postulentur?
1308 992 1389 1023 adeo

58 1047 73 1063 «
92 1035 302 1067 manifestum
318 1038 367 1067 est
384 1045 487 1076 neque
504 1036 608 1076 perire
624 1045 682 1067 nos
707 1045 811 1076 neque
830 1037 937 1068 salvos
953 1046 1022 1069 esse
1049 1038 1110 1069 nisi
1134 1047 1198 1069 una
1216 1047 1320 1079 posse.
1344 1041 1388 1078 et,

57 1094 73 1110 «
89 1082 182 1121 cujus
196 1082 337 1114 lenitatis
351 1086 400 1115 est
417 1084 544 1123 Galba¹‚
559 1083 625 1122 jam
642 1084 775 1115 fortasse
790 1085 948 1125 promisit,
968 1086 1003 1117 ut
1019 1084 1074 1125 qui
1090 1086 1180 1117 nullo
1196 1087 1389 1127 exposcente

57 1142 72 1157 «
89 1131 139 1161 tot
161 1130 261 1161 millia
292 1131 630 1162 mnocentissimorum
660 1132 800 1162 militum
829 1132 1071 1163 trucidaverit2.
1103 1133 1216 1164 horror
1242 1134 1388 1168 animum

54 1188 70 1205 «
89 1177 197 1217 subit,
217 1178 345 1217 quoties
362 1178 511 1209 recordor
529 1178 660 1209 feralem
682 1178 853 1209 introitum
881 1182 913 1210 et
941 1179 1026 1210 hanc
1042 1180 1144 1211 solam
1164 1181 1273 1213 Galbae
1288 1182 1388 1215 victo-

56 1237 72 1253 «
89 1224 169 1255 riam
181 1248 188 1262 ,
206 1233 306 1265 quum
322 1225 354 1255 in
371 1225 474 1256 oculis
491 1225 584 1257 Urbis
599 1224 763 1257 decumari
780 1225 906 1257 deditos
918 1226 1063 1266 juberet,
1079 1236 1160 1266 quos
1176 1228 1385 1268 deprecantes

55 1285 71 1300 «
87 1272 121 1303 in
138 1271 235 1303 fidem
258 1277 425 1312 acceperat
441 1272 466 1303 ³.
491 1273 540 1304 his
558 1273 710 1312 auspiciis
740 1273 858 1304 Urbem
885 1273 1064 1313 ingressus,
1083 1283 1179 1313 quam
1196 1275 1328 1316 gloriam
1346 1276 1385 1308 ad

54 1334 69 1348 «
87 1319 306 1360 principatum
321 1320 431 1351 attulit
446 1320 507 1350 nisi
525 1320 621 1351 occisi
641 1320 824 1351 Obultronii
845 1320 958 1352 Sabini
974 1320 981 1338 ⁵
1004 1323 1036 1352 et
1053 1322 1191 1353 Cornelii
1216 1323 1358 1354 Marcelli
1371 1323 1382 1341 ⁵

52 1381 67 1393 ιι
86 1367 118 1398 in
136 1366 308 1406 Hispania,
336 1367 426 1397 Betui
444 1367 586 1398 Chilonis
612 1367 645 1398 in
672 1368 788 1407 Gallia,
816 1367 939 1399 Fonteii
963 1368 1127 1408 Capitonis
1146 1369 1177 1400 in
1196 1370 1383 1410 Germania,

53 1426 69 1441 «
87 1413 188 1446 Clodii
205 1413 302 1444 Macri
318 1414 350 1444 in
363 1414 470 1445 Africa
483 1439 490 1453 ,
509 1414 653 1454 Cingonii
677 1415 709 1445 in
732 1415 802 1455 via,
821 1415 1000 1455 Turpiliani
1015 1415 1045 1445 in
1064 1416 1166 1456 Urbe,
1197 1417 1383 1457 Nymphidii

52 1472 69 1489 «ι
85 1460 117 1492 in
134 1460 246 1492 castris
259 1461 270 1479 ⁶
288 1463 300 1492 Ρ
315 1470 388 1501 quae
408 1471 543 1501 usquam
561 1461 748 1501 provincia,
764 1471 838 1502 quae
854 1462 887 1493 in
905 1461 1019 1494 castris
1034 1465 1109 1494 sunt
1129 1464 1191 1494 nisi
1206 1467 1338 1496 cruenta
1351 1466 1383 1497 et

51 1521 68 1537 «
84 1509 257 1548 maculata,
273 1511 342 1548 aut,
370 1511 404 1540 ut
429 1509 496 1549 ipse
509 1509 684 1549 praedicat,
711 1509 884 1541 emendata
906 1510 938 1541 et
962 1512 1130 1541 correcta?
1150 1520 1224 1542 nam
1240 1520 1312 1552 quae
1329 1512 1381 1544 alii

51 1568 68 1584 «
82 1556 203 1588 scelera
216 1580 224 1595 ,
240 1556 292 1587 hic
309 1556 447 1587 remedia
464 1559 575 1595 vocat,
596 1557 674 1588 dum
694 1557 782 1589 falsis
801 1557 988 1588 nominibus
1014 1558 1222 1589 severitatem
1246 1567 1304 1599 pro
1318 1568 1381 1591 sae-

50 1616 66 1632 «
81 1603 178 1642 vitia,
196 1603 425 1644 parcimoniam
444 1613 499 1644 pro
515 1605 668 1643 avaritia,
690 1605 850 1645 supplicia
865 1607 896 1636 et
919 1605 1134 1637 contumelias
1150 1609 1272 1637 vestras
1288 1606 1381 1638 disci-

50 1663 67 1679 «
83 1651 203 1691 plinam
220 1652 368 1691 appellat.
386 1653 506 1691 septem
522 1661 539 1682 a
553 1652 688 1683 Neronis
706 1652 768 1683 sme
792 1660 918 1684 menses
933 1654 1025 1687 sunt,
1039 1654 1079 1683 et
1090 1653 1157 1692 jam
1179 1653 1254 1693 plus
1272 1653 1379 1694 rapuit

51 1710 67 1726 α
84 1699 184 1730 Icelus
200 1707 298 1738 quam
314 1698 401 1738 quod
422 1699 573 1739 Polycliti
603 1702 634 1730 et
660 1699 804 1730 Vatinii⁷
826 1701 858 1731 et
882 1699 938 1740 qui
963 1699 1017 1731 alii
1047 1699 1224 1740 perierunt.
1255 1700 1380 1734 minore

46 1759 60 1773 «
80 1745 216 1777 avaritia
228 1754 265 1776 ac
283 1746 412 1776 licentia
431 1749 596 1785 grassatus
619 1749 704 1778 esset
721 1751 757 1778 T.
779 1747 912 1785 Vinius,
930 1747 956 1778 si
973 1747 1041 1788 ipse
1062 1747 1273 1787 imperasset:
1293 1757 1380 1781 nun(¹

44 1806 59 1820 α
81 1795 114 1825 et
131 1792 294 1831 subjectos
309 1801 368 1823 uos
381 1793 492 1824 habuit
507 1795 674 1833 tamquam
688 1803 780 1831 suos,
798 1795 831 1824 ct
850 1794 931 1826 viles
943 1794 954 1812 ²³
973 1796 1010 1826 ut
1027 1794 1160 1826 alienos.
1182 1803 1244 1826 una
1258 1795 1312 1827 illa
1327 1795 1379 1827 do-

45 1853 60 1868 «
81 1848 154 1871 mus
174 1839 292 1871 sufficit
313 1839 486 1879 donativo,
513 1840 599 1880 quod
626 1840 718 1871 vobis
739 1849 907 1880 nunquam
930 1841 1027 1873 datur
1046 1842 1079 1873 et
1101 1841 1248 1882 quotidie
1261 1851 1378 1884 expro-

44 1902 56 1912 κ
82 1887 194 1919 bratur
211 1887 237 1918 ³³.

85 1937 249 1966 XXXVIII.
267 1946 282 1961 «ι
296 1936 341 1965 Ac
356 1942 397 1965 ne
407 1942 469 1974 qua
480 1934 593 1966 saltem
606 1933 640 1964 in
656 1942 840 1965 successore
853 1933 960 1965 Galbae
974 1942 1046 1975 spes
1062 1936 1171 1975 esset,
1186 1936 1319 1968 arcessit
1335 1937 1374 1968 ab

43 1994 57 2008 «
78 1981 194 2013 exsilio
226 1990 322 2021 quem
347 1981 480 2013 tristitia
501 1982 534 2013 et
558 1981 695 2012 avaritia
714 1981 764 2012 sui
790 1981 989 2013 simillimum
1015 1981 1193 2022 iudicabat.
1222 1982 1370 2023 vidistis,

43 2041 57 2055 ιι
79 2028 337 2067 commilitones,
356 2028 491 2060 notabili
520 2029 710 2069 tempestate
736 2028 833 2060 etiam
862 2029 939 2060 deos
964 2029 1138 2062 infaustam
1164 2029 1371 2071 adoptionem

43 2090 58 2104 «
78 2082 274 2111 aversantes.
292 2078 378 2110 idem
397 2081 541 2118 senatus,
558 2078 645 2110 idem
659 2078 768 2119 populi
781 2079 917 2111 Romani
930 2079 1058 2112 animus
1071 2081 1129 2112 est.
1142 2083 1250 2113 vestra
1266 2080 1371 2112 virtus

43 2137 58 2152 «
79 2128 297 2166 exspectatur,
317 2125 403 2167 apud
428 2135 508 2166 quos
529 2134 624 2158 omne
646 2125 788 2158 honestis
807 2126 952 2159 consiliis
974 2126 1083 2168 robur,
1101 2128 1134 2160 et
1158 2127 1227 2160 sine
1252 2128 1370 2169 quibus

44 2219 120 2246 chiis,
133 2219 242 2244 sinistra
256 2220 382 2250 clipeum,
397 2220 491 2245 dextra
511 2220 630 2251 gladium
651 2219 695 2244 vel
712 2220 794 2249 pilum
812 2220 983 2245 tenentibus.
1004 2221 1080 2247 Conl-
1099 2222 1191 2252 virgil.
1220 2222 1287 2247 AEn.
1304 2221 1366 2250 xm

43 2259 88 2279 ⁴52
98 2260 192 2283 sq.—4,
203 2256 373 2280 sacramenti
387 2256 529 2280 formulam
544 2257 666 2280 recitare
683 2261 763 2285 quam
779 2255 849 2280 alter
860 2257 979 2286 repetat.

76 2289 208 2315 XXXVII.
227 2296 248 2314 ι.
261 2292 337 2320 Quali
349 2292 462 2317 lenitate
476 2293 531 2320 εει,
540 2298 589 2322 pro
613 2292 726 2316 lenitate
748 2297 806 2316 sua.
821 2291 1104 2317 Crudelitatem-dicim
1129 2292 1168 2316 Ad
1178 2292 1365 2323 promisit-ex

43 2325 229 2354 superioribus
248 2327 428 2357 supplendum
452 2333 565 2357 poenam
585 2333 676 2352 meam
692 2328 721 2352 et
742 2328 917 2357 supplicium
938 2329 1131 2353 vestrum-2.
1146 2329 1179 2352 v.
1192 2328 1225 2352 ad
1250 2334 1273 2352 c.
1287 2333 1366 2352 6.-5.

42 2359 111 2384 Nam
126 2361 172 2389 qui
183 2361 281 2390 reliqui
295 2363 400 2392 septem
420 2363 540 2387 minibus
551 2364 649 2387 occisis
659 2369 688 2386 se
702 2362 793 2388 Galbae
811 2363 984 2393 dediderant,
1001 2364 1189 2388 eos-decimari
1201 2363 1364 2393 jusserat.-

43 2399 64 2419 4.
80 2395 205 2420 Fortasse
219 2396 266 2421 ille
276 2400 396 2428 quaestor
407 2399 504 2427 awai-ii,
522 2400 596 2423 Anu.
611 2398 682 2427 XIII,
695 2404 787 2423 stu-5.
803 2399 907 2428 nequo
923 2400 999 2424 Aure.
1011 2399 1079 2428 XVI,
1089 2404 1167 2423 ειη-ας,
1182 2399 1273 2424 Deliis
1283 2399 1364 2429 quin—

42 2436 94 2460 que
109 2436 133 2454 v.
147 2436 226 2461 capp.
243 2438 258 2456 e
273 2435 320 2457 etv
332 2439 386 2458 —⁷.
405 2434 644 2463 1-ibertiNeron1's,
660 2436 736 2458 Ann-
754 2434 826 2464 XIV,
842 2440 886 2463 ειυς
899 2436 952 2464 XV,
967 2440 1060 2459 ⁵⁴.—⁸.
1074 2435 1117 2458 Sc.
1130 2434 1234 2463 habuit,
1251 2434 1364 2464 vilipen·

43 2464 91 2494 dit,
103 2471 157 2491 non
173 2468 303 2497 pepercit,
315 2469 344 2492 ut
357 2468 516 2493 alienis—9.
532 2470 656 2494 Debitum
674 2476 735 2493 cum
750 2470 961 2500 exprobratione
975 2471 1106 2500 poscitur.
