1539 2668
136 169 196 201 284
497 168 632 198 TACITI
655 168 931 199 HISTORIARUM
954 170 1029 199 Lm.
1053 169 1079 198 1.

137 253 154 270 «
171 239 319 283 quamvis
338 239 461 281 egregia
485 239 625 273 invalida
647 241 734 273 sunt.
757 249 821 273 non
843 241 883 273 ad
908 241 1030 274 bellum
1048 249 1106 273 vos
1132 249 1191 272 nec
1212 239 1252 273 ad
1280 240 1458 281 periculum

136 302 153 318 «
169 296 251 321 voco
270 287 436 319 :omnium
457 288 597 319 militum
617 297 706 320 arma
725 288 894 320 nobiscum
911 289 1000 320 sunt.
1027 297 1087 320 nec
1109 297 1173 319 una
1190 288 1304 320 cohors
1323 290 1430 328 togata
1446 289 1455 307 ¹

136 346 153 363 «
171 333 313 367 defendit
332 343 416 366 nunc
430 334 560 367 Galbam
574 359 583 374 ‚
598 334 654 366 sed
673 334 805 367 detinet.
828 345 929 376 quum
945 345 1004 367 vos
1020 335 1196 376 aspexerit,
1214 344 1315 376 quum
1332 336 1459 377 signum

136 393 152 410 «ι
169 389 277 413 meum
297 381 475 422 acceperit,
489 381 551 412 boc
571 381 676 413 solum
697 382 758 413 erit
774 384 956 424 certamen,
971 383 1042 423 quis
1057 382 1136 414 mibi
1155 382 1328 424 plurimum
1351 383 1459 424 impu·

137 440 153 457 «ι
169 428 255 460 tet2.
284 429 391 460 nullus
415 429 633 460 cunctationis
657 428 747 461 locus
774 432 821 462 est
843 430 876 461 in
905 439 943 462 eo
974 430 1129 470 consilio,
1154 429 1239 470 quod
1265 439 1329 462 non
1354 432 1459 472 potest

136 487 152 504 τι
172 475 293 507 laudari
318 475 379 506 nisi
410 478 587 516 peractum.
613 488 629 503 ν
654 477 784 516 Aperire
799 477 915 509 deinde
933 477 1217 509 armamentarium
1236 477 1341 517 jussit.
1367 479 1460 518 rapta

132 522 240 554 statim
264 531 353 554 arma
370 522 437 553 sine
453 531 542 554 more
557 523 588 554 et
608 522 720 555 ordine
744 524 880 563 militiae,
896 523 908 542 ³
923 527 958 555 ut
970 524 1182 565 praetorianus
1199 525 1255 555 aut
1269 524 1459 564 legionarius

132 568 312 610 insignibus
335 569 402 601 suis
425 569 689 609 distingueretur,
718 570 894 602 miscentur
921 571 1132 603 auxiliaribus
1154 571 1252 611 galeis
1272 572 1434 612 scutisque
1449 594 1458 610 ,

132 617 222 648 nullo
240 616 444 648 tribunorum
466 616 732 648 centurionumve
750 617 962 656 adhortante,
982 617 1043 648 sibi
1063 617 1200 658 quisque
1231 618 1295 649 dux
1322 621 1353 650 et
1371 619 1460 651 insti-

132 664 242 703 gator;
260 666 292 695 et
308 664 508 704 praecipuum
527 663 737 704 pessimorum
751 664 996 695 incitamentum
1008 688 1016 703 ‚
1034 664 1119 704 quod
1138 664 1212 695 boni
1227 665 1414 698 moerebant.

174 713 305 743 XXXIX.
336 714 404 741 Jam
436 710 608 742 exterritus
635 710 708 741 Piso
736 710 864 742 fremitu
887 709 1119 742 crebrescentis
1154 711 1321 742 seditionis
1345 715 1377 743 et
1405 721 1459 744 vo·

132 756 224 788 cibus
245 756 277 787 in
301 757 419 788 Urbem
444 766 545 797 nsque
568 757 794 789 resonantibus
809 781 818 796 ,
835 766 997 797 egressum
1029 756 1157 788 iuterim
1183 758 1313 789 Galbam
1335 760 1367 790 et
1389 759 1460 791 foro

131 803 442 844 appropinquantem
465 806 630 835 assecutus
647 805 715 836 erat
731 805 816 844 :jam
840 804 958 835 Marius
972 804 1082 836 Celsus
1098 804 1182 835 baud
1198 805 1269 836 lat-ta
1283 805 1457 847 retulerat,

131 859 231 891 quum
248 850 300 881 alii
318 853 350 882 tn
362 851 539 891 palatium
560 850 692 890 redire,
709 851 762 883 alii
782 851 991 891 Capitolium
1012 853 1147 891 petere,
1171 851 1315 892 plerique
1340 854 1457 884 rostra

132 897 330 937 occupanda
353 899 519 929 censerent
535 922 543 936 ‚
562 897 670 937 plures
695 898 820 927 tantum
845 897 1011 928 sententiis
1026 897 1161 928 aliorum
1178 898 1455 938 contradicerent,

132 946 230 984 utque
254 945 360 976 evenit
387 945 420 975 in
445 944 586 975 consiliis
607 944 811 981 infelicibus,
828 944 950 983 optima
967 943 1150 975 viderentur
1165 954 1304 984 quorum
1330 948 1458 986 tempus

131 990 298 1031 effugerat.
325 991 461 1031 agitasse
477 995 560 1022 Laco
578 990 690 1031 ignaro
713 991 809 1022 Galba
824 990 862 1022 de
878 990 1053 1022 occidendo
1075 994 1110 1021 T.
1128 991 1222 1022 Vinio
1241 990 1373 1030 dicitur,
1389 994 1457 1024 sive

131 1037 166 1068 ut
180 1046 274 1078 poena
291 1038 359 1076 ejus
374 1038 497 1069 animos
512 1038 652 1069 militum
679 1038 852 1076 mulceret,
870 1046 924 1068 seu
943 1037 1109 1068 conscium
1127 1038 1263 1070 Othonis
1282 1039 1458 1079 credebat,

131 1083 171 1115 ad
197 1086 396 1124 postremum
424 1080 474 1116 ve'l
492 1085 576 1115 odio.
602 1084 836 1115 haesitationem
853 1084 959 1116 attulit
976 1086 1102 1124 tempus
1118 1093 1154 1115 ac
1174 1084 1263 1115 locus
1275 1109 1283 1124 ‚
1307 1086 1383 1125 quia
1398 1087 1459 1118 ini·

130 1129 176 1162 ito
196 1131 295 1162 caedis
320 1134 393 1162 orto
408 1131 547 1162 difficilis
574 1131 698 1161 modus
724 1133 756 1162 et
778 1130 949 1162 turbavere
964 1130 1130 1161 consilium
1153 1131 1270 1171 trepidi
1294 1132 1400 1163 nuntii
1421 1141 1459 1164 ac

132 1177 355 1218 proximorum
379 1178 532 1218 diffugia,
550 1177 776 1217 languentibus
801 1177 946 1209 omnium
975 1176 1113 1218 studiis,
1132 1178 1186 1219 qui
1209 1178 1315 1219 primo
1340 1179 1458 1212 alacres

132 1224 229 1255 sidem
245 1227 342 1264 atque
362 1225 507 1266 animum
525 1219 775 1256 ostentaverant.

171 1275 230 1302 XL.
247 1272 407 1311 Agebatur
425 1272 487 1303 huc
504 1272 578 1303 illuc
599 1271 695 1303 Galba
708 1296 716 1310 ,
733 1271 822 1302 vario
841 1271 945 1303 turbae
969 1271 1154 1303 fluctuantis
1179 1271 1319 1312 impulsu
1334 1296 1343 1312 ,
1366 1281 1455 1304 com·

131 1318 224 1359 pletis
249 1319 392 1358 undique
412 1318 553 1350 basilicis
571 1319 577 1336 ¹
598 1327 636 1350 ac
649 1318 790 1359 templis,
807 1318 933 1358 lugubri
951 1320 1132 1359 prospectu.
1150 1327 1254 1359 neque
1273 1320 1384 1360 populi
1401 1320 1458 1352 aut

130 1364 233 1404 plebis
253 1366 315 1397 ulla
335 1375 393 1397 vox
408 1391 416 1405 ‚
431 1366 488 1397 sed
509 1365 636 1397 attoniti
652 1365 762 1396 vultus
782 1368 812 1396 et
836 1373 1001 1397 conversae
1022 1365 1060 1396 ad
1078 1365 1186 1396 omnia
1202 1375 1305 1397 aures.
1323 1375 1386 1397 non
1404 1369 1458 1398 tu-

131 1411 272 1450 multus,
297 1421 360 1443 uon
383 1413 495 1452 quies,
514 1413 608 1453 quale
634 1412 738 1453 magni
764 1413 869 1443 metus
894 1414 925 1443 et
946 1420 1070 1451 maguae
1095 1411 1151 1443 irae
1175 1412 1341 1444 silentium
1368 1412 1456 1445 est2.

129 1458 246 1490 Othoni
263 1460 369 1490 tamen
388 1462 523 1491 armari
542 1460 677 1500 plebem
702 1459 924 1491 nuntiabatur.
943 1461 993 1491 ire
1015 1460 1209 1499 proecipites
1231 1461 1263 1490 et
1293 1467 1460 1499 occupare

128 1506 286 1545 pericula
309 1505 411 1544 jubet.
442 1506 538 1546 igitur
566 1507 683 1538 milites
707 1506 862 1546 Romani,
890 1506 982 1546 quasi
1007 1507 1185 1545 Vologesen
1214 1507 1271 1537 aut
1297 1510 1457 1539 Pacorum

128 1551 216 1583 avito
245 1553 469 1584 Arsacidarum
495 1554 575 1585 solio
592 1553 756 1593 depulsuri
778 1562 814 1584 ac
843 1562 906 1584 non
928 1555 1156 1593 Imperatorem
1179 1561 1272 1584 suum
1303 1553 1458 1586 inermem

130 1599 161 1629 et
177 1607 285 1630 senem
303 1601 462 1632 trucidare
491 1602 657 1641 pergerent
673 1623 681 1639 ,
697 1600 828 1639 disjecta
852 1600 943 1639 plebe
955 1624 962 1638 ,
982 1600 1165 1639 proculcato
1193 1602 1305 1630 senatu
1320 1624 1327 1638 ‚
1351 1601 1458 1632 truces

130 1646 226 1676 armis
238 1670 246 1685 ‚
263 1647 364 1685 rapidi
387 1647 477 1687 equis
491 1670 498 1684 ,
514 1647 617 1677 forum
633 1647 836 1686 irrumpunt,
849 1655 908 1677 nec
927 1646 998 1677 illos
1014 1646 1162 1686 Capitolii
1190 1648 1338 1686 aspectus
1352 1649 1384 1679 et
1401 1648 1458 1680 im·

128 1691 320 1723 minentium
349 1693 542 1733 templorum
568 1692 676 1732 religio
698 1695 730 1724 et
759 1693 880 1733 priores
909 1694 940 1724 et
973 1692 1073 1723 futuri
1099 1691 1266 1732 Principes
1295 1696 1456 1733 terruere,

129 1738 301 1779 quominus
320 1739 458 1770 facerent
471 1740 575 1771 scelus
590 1763 598 1777 ‚
613 1740 704 1779 cujus
721 1739 806 1770 ultor
822 1740 870 1770 est
885 1739 1029 1779 quisquis
1040 1738 1202 1770 successit.

170 1789 246 1817 XLI.
271 1786 345 1816 Viso
371 1786 517 1817 cominus
532 1789 729 1816 armatorum
754 1785 896 1825 agmine,
921 1786 1108 1817 vexillarius
1142 1786 1303 1818 comitatae
1320 1788 1451 1821 Galbae¹

128 1831 269 1863 cohortis
294 1833 443 1869 (Atilium
459 1833 671 1873 Vergilionem
692 1833 790 1864 fuisse
805 1832 1135 1873 tradunt)dereptam
1152 1832 1260 1864 Galbae
1278 1834 1454 1875 imaginem

128 1878 196 1910 solo
222 1879 348 1910 afflixit.
366 1889 403 1911 eo
430 1880 521 1920 signo
545 1879 714 1911 manifesta
742 1880 773 1910 in
795 1880 956 1911 Othonem
987 1880 1130 1910 omnium
1157 1880 1297 1911 militum
1324 1883 1455 1924 studia,

127 1924 289 1957 desertum
317 1927 389 1967 fuga
415 1927 524 1968 populi
549 1927 655 1957 forum
671 1950 679 1965 ,
694 1926 846 1958 destricta
869 1926 1023 1958 adversus
1048 1926 1233 1958 dubitantes
1259 1927 1334 1959 tela.
1362 1928 1456 1968 juxta

126 1973 225 2005 Curtii
244 1974 348 2005 lacum
366 1973 376 1991 ²
397 1974 612 2014 trepidatione
631 1972 799 2004 ferentium
825 1974 921 2005 Galba
937 1974 1097 2014 projectus
1112 1982 1129 2005 e
1146 1974 1224 2005 sella
1241 1983 1278 2005 ac
1303 1976 1455 2015 provolu-

126 2019 180 2051 tus
205 2023 262 2052 est.
288 2024 467 2052 extremam
496 2021 564 2061 ejus
592 2029 723 2060 vocem,
746 2022 782 2052 ut
811 2021 929 2061 cuique
957 2021 1069 2052 odium
1097 2023 1153 2052 aut
1180 2021 1348 2052 admiratio
1375 2022 1453 2063 fuit,

126 2068 216 2098 varie
233 2068 414 2108 prodidere.
432 2068 486 2099 alii
500 2068 685 2109 suppliciter
707 2067 917 2107 interrogasse
934 2067 1017 2108 quid
1039 2068 1124 2098 mali
1138 2069 1318 2099 meruisset
1330 2071 1349 2098 :²
1359 2077 1447 2108 pau-

156 2148 299 2172 xxxvnl.
316 2154 335 2172 ι.
350 2149 452 2173 Cohors
465 2150 590 2178 praetoria
603 2155 661 2179 quae
673 2151 736 2174 ante
751 2149 880 2173 Palatium
894 2149 921 2172 in
941 2148 1011 2173 Urbe
1021 2148 1181 2175 excubabat,
1204 2149 1300 2178 togam
1317 2154 1366 2178 pro
1388 2156 1453 2180 sago

127 2183 262 2209 sumebat.
280 2184 371 2213 galeas
394 2186 421 2208 et
435 2185 538 2215 clipeos
559 2186 586 2209 in
604 2186 699 2210 eastris
722 2185 956 2214 relinquebat—2.
971 2183 1034 2213 Quis
1059 2184 1208 2206 maximum
1235 2183 1357 2208 debitum
1385 2191 1451 2211 meae

128 2225 324 2253 computationi
343 2225 459 2249 inferat:
475 2226 491 2249 i
508 2232 530 2250 e.
547 2226 661 2250 maxima
680 2227 706 2250 in
724 2232 767 2250 me
789 2225 922 2251 beneficia
946 2224 1069 2248 conterat
1087 2229 1145 2253 quae
1170 2224 1194 2248 ei
1209 2224 1312 2248 reterre
1327 2225 1449 2252 debeam.

129 2265 181 2282 —5.
196 2260 237 2284 Sc
252 2262 297 2289 qui
314 2267 370 2284 mos
385 2261 561 2290 praecipiebat
572 2263 606 2286 ut
619 2263 674 2285 etc.

156 2294 327 2324 1L.¹.Quae
346 2295 431 2319 forum
457 2296 610 2326 cingebant
626 2295 723 2326 amplis
746 2295 880 2325 pleraeque
894 2294 1045 2334 porticibus
1060 2294 1279 2319 circumdatae-
1252 2301 1313 2319 —.2
1327 2296 1450 2320 Imitatur

128 2328 185 2354 haec
202 2330 401 2359 xenophontis
416 2332 495 2360 Aqes.
511 2337 534 2355 c.
546 2337 579 2355 2·-
598 2328 659 2358 Καὶ
672 2328 790 2367 κραυγὴ
811 2327 864 2365 μὲν
878 2325 1005 2364 οὐδεμία
1012 2328 1133 2373 παρῆν,
1149 2325 1184 2356 οὐ
1199 2326 1258 2365 μὴν
1275 2326 1345 2357 οὐδὲ
1361 2326 1447 2366 σιγή·

126 2366 211 2405 φωνὴ
230 2366 262 2397 δέ
278 2377 322 2402 τις
338 2365 374 2404 ἦν
388 2368 526 2406 τοιαύτη,
544 2367 612 2398 οίαν
627 2368 701 2409 ὀργή
717 2379 750 2398 τε
769 2368 821 2398 καὶ
841 2366 924 2407 μάχη
940 2365 1125 2407 παράσχοιτ’
1142 2366 1189 2396 ἄν.
1207 2371 1351 2401 Bur-nous

156 2411 219 2436 XLI
239 2417 257 2436 ι
274 2411 569 2436 nativusacomttatae
581 2413 711 2442 pendens.
723 2418 790 2436 —2
807 2413 929 2438 loeusin
946 2412 1036 2436 medio
1048 2412 1122 2439 toro;
1136 2417 1162 2436 v
1178 2413 1232 2437 Liv.
1249 2412 1269 2441 1,
1287 2417 1331 2436 ιε’,-
1348 2412 1406 2442 Vll,
1417 2417 1442 2436 ε.
