1539 2668
504 137 541 165 A.
565 137 604 165 U.
628 137 662 165 C.
688 137 759 166 775.
783 137 818 166 A.
842 137 876 168 G.
900 138 951 167 22.
1348 137 1388 167 91

69 221 178 245 unum
193 213 288 243 intra
301 210 486 243 damnum‘
497 212 657 242 stetisset.
673 213 706 242 et
718 219 869 243 censuere
882 212 992 243 Patres
1006 210 1154 251 efficient
1163 212 1297 251 SeJ'ano,
1311 219 1391 252 qnoe

67 259 164 300 apud
188 259 261 290 theu
269 260 365 290 trum
379 259 531 298 Pompeii
555 258 741 289 locaretur.
760 268 863 299 neque
883 259 983 290 multo
999 260 1071 298 post
1082 262 1201 297 Caesar,
1216 267 1318 298 quum
1333 262 1348 289 J
1353 267 1390 289 u-

68 307 160 338 nium
179 307 333 344 Blaesum,
352 305 575 345 proconsulem
590 305 724 345 Africae,
750 307 906 347 triumphi
924 306 1101 346 insignibus
1118 306 1291 345 attolleret,
1304 305 1392 339 dare

66 353 103 386 id
114 363 149 386 se
162 354 246 385 dixit
261 354 381 385 honori
393 353 507 392 SeJ'am'
519 376 529 391 ,
548 352 641 392 cujus
657 353 710 384 ille
730 355 907 386 avunculus
925 355 1004 385 erat.

109 403 243 432 LXXHI.
269 402 308 432 At
333 403 438 430 tamen
464 408 515 430 res
541 400 633 431 Blaesi
652 399 756 439 dignae
772 401 887 433 decore
906 401 963 433 tali
981 401 1080 432 suere.
1100 409 1174 431 narn
1188 398 1391 438 Tacfarinas,

66 457 263 489 quamquam
281 447 399 487 saepius
416 446 578 486 depulsuS,
597 448 749 488 reparatis
766 458 821 488 per
837 448 1073 480 intiinaAt‘ricae
1089 448 1216 479 auxiliis
1230 448 1292 478 hnc
1305 456 1392 477 arro·

66 495 184 535 gantiae
196 497 338 533 venerat,
355 496 391 525 ut
401 495 522 534 legatos
539 494 579 525 ad
587 495 749 526 Tiberium
761 496 904 527 mitteret
916 496 1095 536 sedemque
1110 496 1192 526 ultro
1206 495 1269 525 sibi
1286 496 1392 534 atque

66 544 231 573 exercitui
253 550 315 572 suo
337 542 533 581 postularet,
559 543 617 573 aut
643 542 773 573 bellum
797 542 1037 583 inexplicabile
1054 543 1061 560 ¹
1079 542 1307 582 minitaretur.
1326 550 1392 572 non

65 589 127 620 alia
143 588 245 629 magis
258 597 314 619 sua
329 589 503 628 populique
520 589 656 619 Romani
668 591 864 621 contumelia
883 590 1063 622 indoluisse
1087 594 1243 622 Caesarem
1262 589 1390 626 serunt,

65 644 163 675 quam
181 648 198 663 ι
211 636 297 675 quod
313 636 458 667 desertor
473 638 504 667 et
517 637 626 676 praedo
640 637 782 668 hostium
795 646 882 669 more
894 641 1011 677 ageret.
1028 646 1067 669 ne
1080 640 1231 678 Spartaco
1245 634 1392 676 quidem,

67 693 84 709 κ
98 684 171 722 post
185 684 234 714 tot
247 683 465 714 consularium
479 684 681 715 exercituum
698 683 805 715 clades
828 685 964 716 inultam
989 685 1113 716 Italiam
1136 684 1262 723 urenti,
1280 692 1391 723 quam-

68 741 84 756 «
101 738 199 770 quam
213 731 343 762 Sertorii
363 732 459 771 atque
475 730 669 762 Mithridatis
684 732 869 771 ingentibus
883 732 974 764 bellis
988 732 1110 764 labaret
1125 731 1319 772 respublica,
1337 730 1392 761 da·

68 789 85 804 ιι
99 779 170 808 tum
186 779 223 809 ut
239 780 333 817 pacto
350 778 383 809 in
400 778 496 809 fidem
513 778 712 818 acciperetur
729 789 735 809 :
752 779 871 811 nedum
895 779 1101 820 pucherrimo
1120 779 1230 820 populi
1254 777 1391 810 Romani

68 837 84 852 α
102 823 225 864 fastigio
238 825 322 856 latro
340 825 521 857 Tacfarinas
535 835 613 866 pace
629 827 661 857 et
679 827 886 859 concessione
903 835 1053 866 agrorum
1069 827 1312 858 redimeretur.»
1329 827 1391 856 Dat

65 872 229 911 negotium
259 873 375 912 Blaeso,
404 875 553 904 «ceteros
582 873 712 913 quidem
730 874 771 905 ad
797 883 888 915 spem
920 874 1090 914 proliceret
1111 883 1199 905 arma
1215 874 1284 905 sine
1306 880 1392 904 noxa

67 931 83 946 «
96 919 247 959 ponendi,
266 919 366 959 ipsius
383 922 489 951 autem
503 921 594 952 ducis
608 930 742 961 quoquo
755 922 852 953 modo
868 923 1044 962 poteretur.
1066 935 1081 949 »

106 969 236 998 LXXIV.
259 969 296 998 Et
314 969 432 1008 recepti
449 976 486 999 ea
501 968 594 999 venia
610 968 764 1008 plerique.
790 978 865 1000 mox
889 969 1062 1000 adversum
1080 971 1164 1000 artes
1177 967 1390 999 Tacfarinatis

63 1012 151 1044 haud
172 1014 322 1045 dissimili
337 1015 434 1046 modo
455 1015 686 1055 belligeratum.
714 1025 786 1047 nam
804 1016 880 1056 quia
893 1016 957 1055 ille,
973 1016 1086 1047 robore
1100 1016 1260 1048 exercitus
1273 1014 1390 1055 impar,

64 1060 192 1092 furandi
210 1061 217 1079 ¹
242 1063 367 1102 melior,
396 1063 502 1103 plures
527 1072 582 1103 per
605 1063 717 1104 globos
743 1064 922 1095 incursaret
949 1063 1158 1104 eluderetque
1169 1087 1177 1101 ‚
1205 1064 1237 1094 et
1258 1062 1392 1094 insidias

63 1106 158 1138 simul
172 1109 327 1147 tentaret,
350 1111 412 1141 tres
425 1110 570 1141 incessus
581 1134 589 1148 ‚
608 1110 742 1141 totidem
760 1111 888 1150 agmina
902 1112 1065 1151 parantur.
1081 1120 1118 1142 ex
1134 1111 1206 1150 quis
1223 1109 1391 1141 Cornelius

62 1154 169 1194 Scipio
182 1155 302 1195 legatus
316 1156 446 1196 praet'uit
459 1166 522 1196 qua
534 1156 689 1197 praedatio
701 1157 732 1188 in
748 1158 933 1198 Leptitanos
944 1159 976 1189 et
989 1158 1127 1197 suffugia
1138 1158 1366 1189 Garamantum
1380 1166 1388 1187 ε

64 1201 126 1233 alio
149 1201 264 1242 latere,
289 1212 329 1234 ne
354 1204 547 1235 Cirtensium
573 1204 645 1244 pagi
672 1204 805 1244 impune
830 1205 1049 1244 traherentur,
1076 1206 1237 1245 propriam
1255 1212 1389 1236 manum

64 1249 181 1281 Blaesus
193 1249 275 1281 tilius
286 1250 400 1281 duxit:
416 1250 522 1282 medio
535 1259 611 1281 cuni
624 1250 767 1289 delectis,
780 1251 908 1283 castella
920 1253 953 1283 et
965 1252 1160 1283 munitiones
1172 1252 1295 1284 idoneis
1311 1251 1390 1282 locis

64 1297 251 1336 imponens,
265 1297 329 1328 dux
347 1298 411 1338 ipse
428 1301 495 1329 arta
509 1299 541 1329 et
557 1297 681 1329 infensa
697 1298 842 1330 hostibus
859 1300 976 1330 cuncta
996 1300 1131 1338 fecerat,
1145 1299 1234 1339 quia,
1259 1307 1389 1339 quoquo

64 1343 273 1381 inclinarent,
291 1353 364 1384 pars
378 1345 487 1385 aliqua
505 1344 616 1376 militis
632 1345 767 1376 Romani
790 1345 823 1376 in
847 1355 921 1386 ore,
941 1346 974 1377 in
989 1345 1088 1377 latere
1110 1349 1140 1377 et
1162 1355 1247 1386 saepe
1263 1354 1282 1377 a
1298 1348 1389 1384 tergo

63 1392 150 1429 erat;
173 1391 329 1431 multique
343 1400 381 1423 eo
396 1392 493 1423 modo
506 1391 583 1423 caesi
600 1392 658 1422 aut
671 1392 894 1423 circumventi.
909 1395 987 1423 tunc
1000 1393 1196 1432 tripertitum
1211 1393 1388 1424 exercitum

65 1437 173 1477 plures
200 1437 241 1469 in
253 1447 368 1470 manus
391 1438 570 1479 dispergit,
599 1439 823 1479 praeponitque
841 1439 1046 1472 centuriones
1070 1439 1199 1471 virtutis
1224 1442 1387 1480 expertae:

65 1491 145 1523 nec,
160 1486 197 1516 ut
212 1494 282 1516 mos
299 1486 420 1525 fuerat,
444 1488 515 1518 acta
530 1486 644 1517 aestate
667 1486 801 1518 retrahit
824 1486 933 1526 copias
944 1511 953 1525 ,
973 1491 1028 1517 aut
1052 1487 1084 1517 in
1101 1487 1316 1518 hibernaculis
1332 1496 1390 1520 ve-

63 1531 142 1563 teris
160 1532 333 1572 provinciae
349 1533 537 1574 componit,
555 1533 610 1564 sed
635 1536 672 1564 ut
698 1534 732 1564 in
755 1533 866 1565 limine
881 1533 893 1551 ³
917 1533 1012 1573 belli,
1038 1533 1204 1574 dispositis
1228 1534 1389 1576 castellis,

64 1588 121 1619 per
137 1579 305 1620 expeditos
320 1582 351 1611 et
367 1581 577 1612 solitudinum
593 1589 709 1620 gnaros
727 1583 905 1613 mutantem
919 1581 1055 1622 mapalia
1071 1581 1305 1613 Tacfarinatem
1322 1591 1391 1622 pro-

63 1626 193 1667 turbat,
215 1626 318 1658 donec
334 1628 430 1660 fratre
443 1629 513 1668 ejus
530 1630 623 1668 capto
640 1636 800 1667 regressus
824 1629 893 1668 est,
913 1628 1136 1669 properantius
1161 1630 1269 1660 tamen
1291 1637 1389 1669 quam

63 1682 105 1705 ex
123 1673 261 1706 utilitate
283 1675 444 1707 sociorum
457 1700 466 1715 ,
484 1675 603 1707 relictis
624 1683 680 1715 per
693 1683 775 1715 quos
802 1679 981 1716 resurgeret
997 1675 1127 1707 bellum.
1157 1676 1217 1707 Sed
1243 1675 1390 1707 Tiberius

64 1729 122 1760 pro
137 1721 288 1753 consecto
303 1722 531 1763 interpretatus
547 1722 579 1753 id
594 1731 722 1762 quoque
739 1723 837 1754 Blaeso
854 1723 987 1763 tribuit,
1006 1725 1042 1754 ut
1057 1725 1251 1764 imperator
1263 1732 1280 1754 a
1296 1723 1390 1763 legio-

64 1768 158 1799 nibus
184 1769 386 1808 salutaretur,
405 1770 512 1810 prisco
537 1778 610 1809 erga
638 1769 735 1801 duces
760 1769 882 1801 honore
893 1793 902 1808 ‚
932 1770 987 1810 qui
1012 1769 1093 1802 bene
1118 1772 1207 1810 gesta
1224 1770 1389 1811 republica

64 1816 180 1856 gaudio
207 1818 238 1846 et
264 1816 385 1855 impetu
417 1816 547 1847 victoris
572 1816 732 1847 exercitus
761 1817 1047 1848 conclamabantur
1069 1825 1076 1847 :
1100 1819 1256 1857 erantque
1281 1818 1390 1858 plures

66 1863 163 1895 simul
181 1862 388 1902 imperatores
406 1872 463 1894 nec
480 1872 576 1903 super
592 1865 772 1894 ceterorum
788 1864 1007 1903 {equalitatem
1025 1863 1050 1895 ⁴.
1079 1865 1235 1896 concessit
1256 1864 1388 1904 quibus-

64 1908 139 1941 dam
155 1910 187 1941 et
203 1911 362 1948 Augustus
378 1909 409 1940 id
428 1909 638 1948 vocabulum,
657 1919 694 1940 ac
709 1911 787 1941 tunc
799 1910 947 1941 Tiberius
959 1911 1060 1942 Blaeso
1074 1913 1281 1951 postremum.

107 1959 222 1988 LXXV.
248 1955 363 1986 Obiere
382 1964 420 1986 eo
437 1965 520 1988 anno
537 1956 598 1987 viri
612 1956 755 1988 illustres
767 1980 777 1996 ‚
794 1957 921 1988 Asinius
937 1957 1120 1996 Saloninus,
1141 1962 1182 1989 M.
1201 1959 1338 1999 Agrippa
1357 1962 1388 1991 et

64 2004 208 2037 Pollione
223 2002 332 2034 Asinio
343 2003 425 2042 avis,
441 2004 537 2035 fratre
549 2008 651 2035 Druso
665 2004 672 2021 ¹
692 2003 837 2043 insignis,
854 2004 1038 2044 Caesarique
1054 2013 1210 2044 progener
1225 2004 1236 2022 ²
1251 2005 1390 2037 destina-

64 2053 135 2090 tus,
155 2053 185 2081 et
211 2050 323 2090 Capito
340 2049 468 2090 Ateius,
495 2050 534 2082 de
561 2060 624 2091 quo
640 2050 818 2081 memoravi
832 2050 858 2089 ³,
884 2051 1060 2091 principem
1084 2052 1117 2082 in
1134 2052 1265 2084 civitate
1281 2053 1388 2085 locum

62 2097 181 2129 studiis
198 2096 345 2128 civilibus
361 2098 541 2135 assecutus,
565 2097 620 2129 sed
638 2106 699 2129 avo
725 2098 912 2129 centurione
927 2097 1077 2138 Sullano,
1107 2100 1198 2139 patre
1223 2101 1388 2141 praetorio.

65 2186 173 2212 Tiberio
188 2185 216 2208 et
228 2183 339 2208 Claudio
353 2183 459 2212 refecti,
471 2189 486 2207 a
498 2183 607 2208 Nerone
619 2184 753 2208 exornati.
767 2197 795 2201 -
805 2188 830 2209 a.
844 2184 890 2208 Vis
900 2184 1021 2212 incendii
1039 2185 1111 2210 intra
1124 2184 1252 2211 damnum
1274 2188 1331 2212 stve
1344 2188 1391 2211 de-

65 2222 223 2249 trimentum
236 2219 315 2243 unius
331 2218 445 2242 aedificii.

96 2257 218 2284 LXXIII.
233 2261 253 2280 ι.
265 2256 345 2285 Quasi
359 2254 511 2278 insolubile.
522 2254 680 2284 Metaphora
693 2261 708 2279 a
725 2254 839 2279 vinculis
852 2257 899 2279 aut
908 2255 1021 2286 laqueis-

97 2292 217 2319 LXXIV.
231 2296 252 2315 ι.
268 2291 371 2315 Furtim
385 2291 484 2314 etcum
498 2290 639 2314 fraudibus
660 2291 766 2320 agendi.
782 2303 809 2307 —
822 2295 843 2314 2.
855 2291 937 2320 Quasi
958 2291 1033 2315 dicas
1055 2291 1241 2322 proximitate.
1257 2307 1286 2312 —
1298 2300 1320 2318 s.
1336 2295 1390 2319 Re-

68 2327 191 2361 spiritati
205 2332 301 2350 novam
315 2325 537 2355 significationem
552 2326 627 2349 vocis
641 2326 809 2355 imperator,
822 2326 855 2350 de
870 2327 1005 2356 Principe.

99 2363 203 2389 LXXV.
222 2367 242 2385 ι.
260 2361 340 2385 Filius
354 2361 438 2384 Asinii
448 2361 514 2385 Galli
527 2362 554 2385 et
566 2362 697 2391 vipsaniae
714 2362 872 2392 Agrippinae,
887 2363 982 2388 matris
998 2363 1079 2387 Drusi
1093 2368 1127 2388 ex
1139 2363 1262 2389 Tiberio.
1276 2378 1302 2382 -
1316 2370 1339 2389 2.
1351 2365 1390 2389 Ex

69 2399 175 2425 filiabus
185 2397 336 2422 Germanici
349 2402 428 2420 unam
441 2396 582 2421 ducturus.
594 2409 623 2415 —
633 2403 657 2421 s.
676 2398 742 2427 Cap.
753 2402 792 2422 ⁷0.
