1539 2668
136 199 195 229 398
494 200 628 230 TAc1T1
650 201 924 232 HISTORIARUM
946 204 1018 233 LIB.
1042 205 1098 234 IV.

135 282 150 295 «ι
170 270 308 309 fratres,
326 270 444 302 liberos
461 274 591 304 nostros
612 273 731 304 velitis.
754 275 891 314 vectigal
910 277 940 307 et
957 286 1055 309 onera
1071 279 1338 312 commerciorum
1356 284 1455 316 resol-

135 328 150 342 «
169 317 287 348 vimus.
305 318 369 349 sint
385 320 540 351 transitus
554 320 764 360 incustoditi,
783 321 837 352 sed
854 322 963 354 diurni
981 327 1012 355 et
1029 325 1186 365 inermes,
1205 327 1307 358 donec
1323 337 1406 360 nova
1422 331 1455 362 et

134 375 149 388 «
170 364 309 394 recentia
330 364 403 403 jura
427 366 458 396 in
474 369 671 398 vetustatem
695 369 931 402 cousuetudine
944 370 956 388 ²
981 373 1164 403 vertantur.
1181 373 1339 406 arbitrum
1356 376 1453 408 liabe-

134 421 149 434 κ
168 409 274 442 bimus
291 412 423 443 Civilem
448 416 480 443 et
496 414 670 454 Veledam,
699 416 787 455 apud
806 426 888 456 quos
906 419 1002 458 pacta
1027 419 1222 451 saucientur.
1238 434 1253 448 υ
1281 423 1327 453 sic
1348 423 1453 455 lenitis

130 458 306 497 Tencteris,
326 458 420 497 legati
434 459 475 490 ad
491 460 624 491 Civilem
640 464 670 492 et
684 462 836 494 Veledam
851 464 940 495 missi
957 474 1032 496 cum
1047 465 1140 497 donis
1156 470 1273 499 cuncta
1287 477 1324 499 ex
1341 469 1454 500 volun-

130 504 201 533 tate
219 505 500 544 Agrippinensium
524 511 759 547 perpetravere.
780 510 837 541 sed
861 520 969 542 coram
992 512 1080 543 adire
1099 513 1283 554 alloquique
1300 516 1450 547 Veledam

129 553 293 589 negatum.
310 553 503 585 arcebantur
518 558 670 595 aspectu,
687 566 751 596 quo
764 559 983 590 venerationis
998 560 1069 599 plus
1086 561 1218 592 inesset.
1237 562 1306 602 ipsa
1319 562 1406 594 edita
1420 563 1452 594 in

129 598 218 629 turre
238 609 245 629 :
268 599 411 632 delectus
434 610 451 632 e
471 603 662 643 propinquis
681 605 827 636 consulta
843 614 1080 648 responsaque,
1095 609 1132 639 ut
1149 609 1369 641 internuntius
1393 619 1451 641 nu-

128 646 226 677 minis
240 672 248 685 ‚
264 649 423 687 portabat.

169 697 273 725 LXVI.
299 696 413 727 Civilis
428 697 583 729 societate
599 698 878 738 Agrippinensium
894 704 1010 732 auctus
1023 703 1187 741 proximas
1201 703 1349 734 civitates
1370 703 1449 734 affe-

127 743 215 772 ctare
233 745 289 772 aut
305 741 552 776 adversantibus
573 745 693 776 belluni
710 746 827 777 inferre
858 748 983 778 statuit.
1001 748 1231 788 occupatisque
1251 750 1374 781 sunicis
1387 774 1395 788 ‚
1418 752 1449 780 et

124 787 297 826 juventute
311 798 422 821 eorum
436 800 493 830 per
506 792 656 824 cohortes
672 794 853 833 composita
867 818 874 832 ‚
889 795 1065 834 quominus
1081 795 1164 826 ultra
1180 799 1345 836 pergeret,
1361 797 1448 828 clau-

126 834 199 865 dius
220 836 326 867 Labeo
346 839 547 870 Betasiorum
565 844 835 881 Tungrorumque
856 843 888 873 et
906 843 1098 873 Nerviorum
1114 843 1333 874 tumultuaria
1351 852 1450 874 manu

125 882 266 921 restitit;
290 884 391 915 fretus
412 885 482 917 loco
495 910 504 926 ,
523 887 601 926 quia
621 891 751 927 pontem
769 892 867 919 Mosae
885 888 1027 919 ssumiuis
1044 892 1258 929 auteceperat.
1284 889 1448 930 pugnaba-

124 930 243 969 turque
263 931 292 961 in
311 933 467 971 angustiis
488 933 657 973 ambigue,
678 934 783 965 donec
803 936 953 966 Germani
975 937 1177 967 trauatantes
1195 939 1282 975 terga
1295 937 1450 968 Labeonis

124 976 283 1008 invasere.
310 979 409 1009 simul
435 980 562 1019 Civilis,
580 990 678 1012 ausus
692 991 732 1012 an
750 991 789 1013 ex
814 982 995 1022 composito
1008 1007 1017 1021 ‚
1040 983 1148 1013 intulit
1165 992 1198 1014 se
1223 983 1343 1023 agmini
1361 987 1448 1014 Tun-

124 1031 255 1062 grorum
270 1048 279 1055 .
294 1027 327 1055 et
348 1026 432 1057 clara
446 1035 539 1066 voce,
565 1042 581 1054 «
596 1032 666 1060 Non
690 1029 762 1059 ideo
778 1042 791 1055 n
809 1053 817 1067 ‚
842 1029 950 1068 inquit
963 1053 972 1068 ,
990 1042 1005 1056 κ
1021 1030 1141 1061 bellum
1166 1030 1367 1070 sumpsimus
1381 1053 1390 1068 ,
1413 1031 1448 1060 ut

126 1082 142 1096 ιι
160 1073 270 1100 Bataw
286 1073 318 1102 et
334 1073 464 1104 Treveri
480 1074 630 1112 gentibus
645 1075 816 1114 imperent.
832 1076 945 1115 procul
961 1076 1030 1106 liaec
1047 1085 1065 1107 a
1082 1077 1174 1107 nobis
1190 1077 1382 1113 arrogantia.
1400 1084 1449 1107 ac·

127 1128 143 1142 α
162 1117 233 1156 cipe
252 1119 451 1151 societatem.
479 1122 697 1158 transgredior
720 1122 758 1152 ad
781 1131 857 1160 vos,
873 1130 930 1152 seu
947 1131 998 1153 nie
1012 1122 1127 1153 ducem
1145 1132 1202 1154 seu
1222 1123 1356 1154 militem
1379 1131 1448 1153 ma-

126 1175 143 1189 «
161 1164 271 1195 vultis.
289 1178 304 1192 »
322 1166 514 1197 movebatur
530 1168 646 1207 vulgus
668 1168 915 1209 condebantque
935 1169 1075 1209 gladios,
1092 1179 1193 1209 quum
1214 1173 1395 1209 Campanus
1411 1177 1448 1200 ac

123 1212 289 1243 :iuvenalis
304 1238 311 1251 ‚
336 1223 375 1244 ex
398 1215 596 1254 primoribus
622 1220 845 1255 Tungrorum,
872 1217 1056 1248 universam
1081 1217 1110 1248 ei
1138 1218 1265 1256 gentem
1285 1215 1446 1248 dedidere.

122 1257 229 1290 Labeo
252 1264 423 1300 antequam
441 1262 754 1301 circuimeniretur,
776 1264 931 1303 profugit.
958 1264 1068 1295 Civilis
1091 1263 1232 1295 Betasios
1257 1271 1388 1303 quoque
1411 1272 1448 1294 ac

123 1306 258 1338 Nervios
279 1308 312 1338 in
329 1308 425 1339 tidem
442 1312 593 1349 acceptos
609 1310 710 1350 copiis
726 1310 792 1341 suis
810 1310 979 1351 adjunxit,
997 1311 1112 1350 iugens
1126 1320 1235 1343 rerum
1248 1311 1272 1351 ¹,
1292 1309 1448 1351 perculsis

123 1353 311 1386 civitatium
329 1356 445 1387 animis
463 1358 512 1388 vel
531 1359 647 1396 sponte
663 1358 908 1389 inclinantibus.

121 1426 123 1437 r
167 1405 287 1436 LXVII.
310 1406 435 1435 Interea
456 1404 559 1435 Julius
583 1405 720 1436 Sabinus
744 1405 894 1445 projectis
910 1405 1040 1436 foederis
1056 1405 1193 1436 Romani
1217 1403 1443 1436 monimentis¹

127 1451 301 1481 Caesarem
318 1459 352 1481 se
369 1451 502 1482 salutari
517 1451 630 1492 jubet,
654 1461 869 1492 magnamque
885 1455 918 1483 et
940 1452 1137 1483 inconditam
1156 1451 1359 1492 popularium
1381 1452 1449 1481 tur-

124 1495 200 1526 bam
218 1496 250 1526 in
265 1500 430 1536 Sequanos
448 1498 551 1539 rapit,
573 1500 810 1530 conterminam
833 1500 999 1530 civitatem
1020 1501 1053 1530 et
1074 1499 1166 1530 uobis
1182 1499 1288 1529 fidam.
1311 1505 1370 1528 nec
1391 1500 1446 1528 Se·

124 1545 223 1584 quani
242 1544 460 1576 detrectavere
478 1548 653 1577 certamen.
679 1546 808 1577 fortuna
832 1545 1023 1577 melioribus
1046 1547 1139 1578 assuit
1163 1556 1171 1577 :
1192 1545 1254 1577 susi
1275 1545 1445 1583 Lingones.

123 1592 261 1623 Sabinus
275 1593 464 1624 festinatum
477 1594 599 1624 temere
611 1593 760 1633 proelium
775 1594 843 1633 pari
859 1593 1032 1624 formidine
1045 1593 1198 1624 deseruit.
1215 1594 1314 1632 utque
1328 1591 1446 1642 saman]

124 1639 215 1670 exitii
232 1640 282 1670 sui
302 1639 441 1678 faceret,
457 1640 579 1679 villam,
596 1640 630 1671 in
651 1649 749 1680 quam
771 1641 968 1680 perfugerat,
986 1640 1155 1679 cremavit,
1176 1639 1241 1670 illic
1263 1638 1447 1669 voluntaria

123 1690 229 1717 morte
241 1687 391 1717 interisse
411 1686 563 1718 creditus.
583 1687 638 1718 sed
654 1687 773 1727 quibus
787 1687 912 1718 artibus
925 1687 1123 1727 latebrisque
1139 1687 1240 1718 vitam
1258 1694 1313 1726 per
1327 1692 1445 1715 novem

123 1741 198 1764 mox
217 1742 317 1764 annos
337 1734 540 1773 traduxerit,
557 1734 656 1766 simul
673 1734 854 1765 amicorum
872 1734 942 1773 ejus
956 1736 1170 1765 constantiam
1192 1735 1225 1764 et
1245 1732 1368 1771 insigne
1385 1734 1445 1770 Ep·

122 1781 255 1820 poninae
280 1781 392 1812 uxoris
412 1782 619 1821 exemplum,
642 1790 702 1812 suo
727 1781 797 1812 loco
822 1781 994 1811 reddemus
1008 1780 1033 1812 ².
1055 1784 1276 1820 Sequanorum
1295 1783 1447 1818 prospera

123 1827 192 1859 acie
210 1828 285 1859 belli
299 1829 439 1868 impetus
455 1829 545 1860 stetit
558 1828 582 1859 ³.
599 1829 784 1868 resipiscere
798 1828 956 1868 paulatim
973 1828 1122 1859 civitates
1133 1852 1141 1867 ‚
1156 1826 1315 1867 fasque'et
1329 1823 1447 1875 soedera

123 1876 283 1915 respicere
294 1901 304 1916 ,
318 1876 524 1916 principibus
537 1876 547 1893 ⁴
566 1876 692 1914 Remis,
708 1875 764 1916 qui
782 1885 839 1916 per
854 1876 973 1907 Gallias
991 1875 1124 1907 edixere
1139 1875 1180 1906 ut
1195 1873 1307 1905 missis
1324 1871 1445 1910 leqatzs

124 1924 163 1954 in
179 1931 357 1954 commune
375 1923 634 1963 consultarent,
657 1923 800 1954 libertas
817 1931 864 1953 αη
879 1931 954 1963 pax
966 1923 1133 1962 placeret.

165 1973 302 2002 LXVIII.
320 1972 360 2001 At
379 1972 490 2001 Romae
510 1970 628 2001 cuncta
646 1970 681 2001 in
701 1969 848 2001 deterius
868 1969 980 2000 audita
998 1969 1184 2000 Mucianum
1207 1966 1387 2006 angebant,
1406 1973 1446 1996 ne

124 2027 322 2057 quamquam
341 2018 458 2057 egregii
472 2018 570 2048 duces
586 2017 669 2057 (Jam
683 2016 770 2048 enim
788 2017 910 2048 Gallum
925 2016 1067 2048 Annium
1081 2017 1112 2047 et
1124 2014 1276 2046 Petilium
1291 2011 1446 2064 Cerialem

124 2064 303 2104 delegerat)
327 2073 487 2095 summam
511 2064 589 2095 belli
614 2073 727 2104 parum
752 2063 941 2095 tolerarent.
966 2071 1025 2094 nec
1050 2061 1260 2102 relinquenda
1278 2059 1360 2110 Urbs
1376 2065 1447 2110 sine

124 2114 259 2144 rectore.
276 2115 308 2142 et
323 2111 497 2143 Domitiani
512 2111 680 2143 indomitae
696 2110 848 2142 libidines
866 2109 1079 2149 timebantur,
1097 2108 1278 2149 suspectis,
1295 2107 1344 2138 uti
1361 2104 1445 2135 dixi—

125 2223 145 2241 2-
162 2218 218 2240 Hoc
233 2216 390 2245 exquisitius
401 2221 498 2245 quam:
512 2216 540 2240 ln
553 2216 778 2241 consuetudinem
793 2215 938 2239 vetustate.
1267 2245 1272 2250 ῃ

156 2253 242 2276 LXVl.
262 2257 280 2274 ι,
302 2252 408 2274 Dictum
423 2253 451 2274 ut
473 2253 545 2275 Ann.
561 2252 570 2274 1
584 2269 589 2279 ,
603 2251 770 2280 es,femina
788 2251 885 2279 inqens
899 2247 990 2272 animi
1003 2255 1012 2270 :
1025 2248 1121 2277 ingens
1134 2245 1215 2286 rebus
1234 2251 1288 2285 suis
1307 2245 1335 2269 et
1355 2249 1447 2267 earum

124 2292 254 2317 prospero
270 2292 358 2309 cursu.
377 2287 501 2310 Heinsius
515 2287 667 2316 scripserat,
685 2287 782 2316 timens
797 2291 896 2309 rernm
910 2282 1052 2321 mumulus,
1067 2282 1099 2305 de
1112 2287 1192 2323 sociis
1204 2281 1312 2304 addim.

156 2321 258 2345 van.
279 2326 298 2344 t.
311 2321 419 2344 Tabulis
434 2322 475 2345 vel
486 2317 610 2353 στήλαις
625 2322 720 2351 quibus
734 2321 800 2344 illud
817 2320 901 2343 foedus
914 2319 1081 2347 inscriptum.
1092 2318 1134 2356 ⁴De
1148 2317 1247 2341 Sabino
1263 2322 1285 2339 v.
1298 2321 1320 2355 c.
1335 2320 1373 2338 155.
1383 2318 1446 2337 —2.

125 2358 251 2381 Extremo
263 2362 333 2379 anno
347 2357 422 2386 regni
436 2358 588 2386 Vespasiani
604 2365 610 2381 :
624 2357 671 2380 sed
684 2357 710 2380 iu
727 2357 778 2379 hoc
791 2356 849 2384 ipso
862 2354 949 2384 primo
965 2358 1035 2376 anno
1054 2352 1132 2380 hujus
1146 2352 1323 2381 Imperatoris
1337 2349 1447 2389 abrum-

125 2393 226 2422 puntur
243 2391 373 2414 Historiae.
397 2392 553 2421 Epponinae
574 2392 733 2422 praeclarum
755 2392 859 2415 facinus
875 2389 960 2419 pinxit
982 2387 1140 2427 lssliitarlcbus
1153 2387 1205 2411 fine
1225 2387 1371 2423 Amatoria
1384 2388 1445 2413 pag.

121 2431 166 2452 3⁴1
179 2432 235 2456 seq.
248 2431 314 2450 mcae
326 2426 460 2457 editioniS,
476 2428 606 2453 indicavit
625 2428 673 2452 Dio
688 2429 760 2452 Cass.
776 2426 863 2453 LXVI,
883 2429 975 2450 iun-5.
989 2422 1175 2448 substitit—⁴.
1191 2418 1392 2447 inchoantibus.
