1539 2668
497 172 593 200 VITA
613 172 713 200 mm
733 171 950 202 AGRICOLAE.
1320 175 1384 208 433

63 256 197 280 numero
209 248 242 279 et
257 247 373 288 peritia
386 247 528 279 locorum
543 247 781 287 circumiretur,
796 248 901 280 diviso
913 248 947 279 et
957 247 1025 289 ipse
1039 247 1072 279 in
1086 248 1151 280 tres
1168 251 1274 291 partes
1288 259 1382 284 exer·

62 296 127 328 citu
143 295 284 326 incessit.

104 346 210 374 xxvi.
223 341 317 380 Quod
332 342 386 373 nbi
399 342 562 381 cognitum
573 342 668 381 hosti,
681 344 806 375 mutato
818 344 949 382 repente
961 343 1095 374 consilio
1109 343 1248 374 universi
1262 353 1384 377 nonam

62 389 220 428 legionem
238 391 273 419 ut
289 390 428 421 maxime
445 389 621 420 invalidam
638 393 732 421 nocte
748 390 907 430 aggressi,
925 390 1008 421 inter
1025 399 1175 422 somnum
1192 398 1228 421 ac
1243 392 1385 432 trepida·

61 436 182 467 tionem
197 437 288 468 caesis
302 437 453 476 vigilibus
466 437 620 476 irrupere.
635 437 766 476 jamque
780 437 811 467 in
827 437 907 476 ipsis
921 437 1032 468 castris
1050 439 1264 478 pugnabatur,
1279 449 1382 480 quum

61 483 227 522 Agricola,
247 484 306 515 iter
323 484 464 514 bostium
482 483 522 514 ab
541 484 797 523 exploratoribus
813 483 948 515 edoctus
964 486 997 515 et
1012 485 1156 524 vestigiis
1170 487 1176 503 ¹
1196 487 1382 527 insecutus,

61 530 279 562 velocissimos
292 531 438 570 equiturn
454 531 662 570 peditumque
675 531 832 562 assultare
845 531 942 570 tergis
956 531 1167 571 pugnantium
1179 533 1290 573 jubet,
1306 543 1383 565 mox

61 575 100 606 ab
118 577 278 608 universis
296 578 390 616 adjici
404 578 588 608 clamorem.
607 581 639 608 et
655 578 835 618 propinqua
853 579 922 609 luce
939 578 1054 609 fulsere
1069 578 1170 618 signa.
1189 580 1233 611 ita
1250 579 1386 621 ancipiti

60 625 145 655 malo
161 626 263 657 territi
280 626 440 665 Britanni3
454 628 487 657 et
503 627 654 657 Romanis
671 627 754 658 redit
770 626 895 657 animus
906 651 915 666 ,
932 636 970 658 ac
982 651 991 666 ,
1008 628 1110 658 securi
1128 637 1184 668 pro
1201 630 1303 662 salute
1315 655 1323 670 ,
1342 630 1384 663 de

60 672 159 711 gloria
171 674 346 704 certabant.
374 674 456 704 ultro
474 675 550 714 quin
565 675 661 705 etiam
676 675 829 715 irrupere,
847 677 879 705 et
894 675 956 706 fuit
969 676 1061 706 atrox
1076 675 1108 706 in
1125 677 1201 717 ipsis
1215 680 1385 717 portarum

60 720 215 758 angustiis
236 721 404 760 proelium,
430 721 532 752 donec
554 721 638 761 pulsi
659 721 786 761 hostes,
810 724 949 761 utroque
968 722 1110 754 exercitu
1133 727 1295 765 certante,
1314 726 1386 765 liis,

62 772 96 799 ut
111 769 221 800 tulisse
237 779 350 809 opem,
369 771 449 809 illis,
469 780 508 802 ne
524 771 648 809 eguisse
664 772 786 802 auxilio
802 772 1000 804 viderentur.
1023 773 1111 813 quod
1133 774 1194 805 nisi
1209 776 1342 815 paludes
1351 778 1386 809 et

59 816 149 848 silvae
166 817 321 856 fugientes
339 818 514 856 texissent,
532 817 726 849 debellatum
743 819 795 849 illa
814 820 949 850 victoria
968 820 1062 851 soret.

100 867 211 895 xxvil
251 864 349 903 Cujus
375 865 556 895 constantia
574 874 610 895 ac
629 866 715 896 sama
738 866 826 896 ferox
845 867 1028 905 exercitus,
1054 867 1144 898 m‘lzil
1166 870 1288 901 virtuli
1309 880 1387 905 suae

58 912 191 941 invium
211 912 243 942 et
264 911 523 951 penetrandam
542 911 789 951 Caledoniam,
813 913 1121 954 inveniendumque
1141 916 1282 948 tandem
1302 921 1384 951 Bri-

61 958 192 989 tannice
221 960 407 989 terminum
434 960 595 989 continuo
615 959 821 998 proeliorum
847 968 972 999 cursa,
998 960 1186 992 fremebant.
1213 965 1310 1004 atque
1337 966 1383 998 illi

60 1003 156 1035 modo
176 1005 263 1036 cauti
279 1014 316 1035 ac
333 1005 503 1045 sapientes,
521 1005 662 1045 prompti
682 1008 753 1045 post
769 1008 919 1037 eventum
935 1015 971 1038 ac
985 1008 1179 1048 magniloqui
1201 1013 1300 1042 erant.
1323 1012 1386 1043 lni-

59 1051 215 1090 quissima
232 1053 300 1083 baec
317 1053 472 1083 bellorum
488 1052 631 1083 conditio
651 1055 698 1084 est
714 1063 721 1083 ε
742 1062 892 1093 prospera
908 1063 1020 1085 omnes
1042 1054 1103 1085 sibi
1122 1056 1307 1097 vindicant,
1325 1059 1386 1090 ad·

60 1106 151 1129 versa
165 1099 220 1129 uni
236 1099 447 1138 imputantur.
463 1101 504 1130 At
516 1099 670 1139 Britanni,
684 1109 749 1130 non
761 1101 914 1131 virtutem
927 1124 936 1139 ,
952 1101 1007 1132 sed
1020 1102 1220 1134 occasionem
1236 1107 1268 1135 et
1281 1107 1386 1138 artem

59 1144 149 1176 ducis
166 1145 243 1184 rati,
260 1146 339 1177 nibil
353 1155 392 1177 ex
406 1146 585 1185 arrogantia
599 1146 780 1186 remittere,
795 1147 968 1187 quominus
981 1148 1184 1187 juventutem
1201 1156 1385 1193 armarent,

60 1192 212 1232 conjuges
224 1201 263 1223 ac
275 1193 392 1224 liberos
409 1194 440 1224 in
460 1193 528 1224 loca
543 1196 612 1224 tuta
626 1194 837 1225 transferrent
851 1219 859 1233 ‚
874 1195 1012 1225 omnbus
1029 1204 1065 1225 ac
1082 1197 1246 1229 sacrificiis
1260 1200 1385 1240 conspi-

60 1240 217 1271 rationem
245 1241 418 1272 civitatum
443 1241 618 1272 sancirent.
644 1244 741 1281 atque
764 1242 809 1272 ita
832 1241 967 1273 irritatis
993 1242 1156 1283 utrimque
1179 1245 1297 1277 animis
1320 1247 1385 1278 dis-

59 1294 196 1318 cessum.

100 1337 237 1365 XXVIII.
263 1334 380 1365 Eadem
398 1336 507 1366 aestate
523 1336 638 1366 cohors
654 1335 838 1375 Usipiorum
855 1336 861 1352 ¹
885 1344 941 1375 per
957 1337 1140 1368 Germanias
1156 1340 1336 1381 conscripta
1351 1342 1387 1375 et

59 1379 91 1410 in
104 1380 300 1412 Britanniam
313 1382 517 1422 transmissa,
533 1392 685 1422 magnum
699 1391 736 1413 ac
749 1383 957 1414 memorabile
972 1384 1097 1415 lacinus
1111 1393 1189 1416 ausa
1202 1390 1259 1417 est.
1275 1390 1385 1421 occiso

58 1428 246 1459 centurione
262 1437 299 1458 ac
316 1429 492 1469 militibus,
511 1430 566 1470 qui
584 1430 622 1461 ad
638 1429 825 1461 tradendam
840 1430 1041 1470 disciplinam
1055 1431 1195 1464 immixti
1210 1435 1384 1475 manipulis

58 1475 243 1514 exemplum
271 1479 303 1506 et
319 1478 461 1507 rectores
479 1477 699 1515 habebantur,
725 1480 790 1508 tres
808 1477 1010 1516 Liburnicas,
1031 1477 1152 1510 adactis
1170 1489 1226 1519 per
1243 1482 1308 1513 vim
1326 1492 1385 1523 gu-

57 1520 299 1562 bernatoribus,
318 1523 512 1554 adscendere
531 1533 538 1554 :
563 1526 595 1554 et
620 1533 684 1554 uno
710 1524 884 1563 remigante
898 1523 908 1541 ²
921 1549 929 1563 ,
956 1526 1115 1564 suspectis
1134 1526 1261 1559 duobus
1279 1538 1386 1570 eoque

56 1567 233 1600 intersectis
245 1593 254 1608 ‚
278 1570 421 1611 nondum
445 1570 576 1609 vulgato
595 1580 724 1602 rumore
740 1574 776 1602 ut
793 1571 986 1602 miraculum
1003 1573 1282 1611 praevehebantur.
1306 1586 1385 1610 mox

58 1616 118 1647 hac
132 1618 229 1656 atque
241 1616 295 1648 illa
309 1618 391 1657 rapti
404 1619 436 1649 et
449 1627 524 1649 cum
537 1618 700 1658 plerisque
714 1619 938 1650 Britannorum
951 1628 1008 1650 sua
1022 1619 1257 1652 defensantium
1271 1624 1383 1663 proelio

57 1664 238 1703 congressi,
265 1673 302 1695 ac
327 1673 412 1704 saepe
439 1665 597 1704 victores,
624 1665 799 1706 aliquando
822 1666 904 1705 pulsi
920 1690 929 1705 ,
947 1675 984 1697 eo
1008 1666 1248 1700 adextremum
1264 1670 1385 1710 inopiae

56 1717 194 1749 venere,
218 1713 255 1741 ut
278 1711 513 1743 infirmissimos
527 1722 680 1752 suorum,
703 1722 779 1744 mox
802 1716 888 1744 sorte
904 1713 1020 1745 ductos
1042 1717 1260 1748 vescerentur.
1285 1719 1385 1758 atque

57 1755 267 1788 circumvecti
281 1757 476 1789 Britanniam
489 1782 498 1798 ,
515 1759 643 1789 amissis
657 1769 713 1799 per
726 1759 889 1790 inscitiam
904 1760 1033 1799 regendi
1051 1761 1187 1793 navibus
1199 1787 1207 1801 ,
1226 1772 1284 1803 pro
1299 1774 1382 1804 prae-

57 1802 196 1834 donibus
214 1803 314 1835 babiti
329 1829 338 1844 ,
357 1805 497 1845 primum
515 1814 534 1836 a
550 1806 683 1845 suevis,
703 1815 777 1837 mox
795 1815 813 1836 a
829 1807 937 1837 Frisiis
951 1808 1122 1846 intercepti
1139 1812 1224 1839 sunt.
1241 1819 1278 1841 ac
1292 1812 1382 1845 fuere

55 1859 137 1890 quos
155 1859 213 1890 per
230 1852 426 1883 commercia
440 1853 654 1884 venumdatos
666 1877 674 1891 ,
689 1855 721 1884 et
736 1853 769 1883 in
783 1854 925 1883 nostram
941 1862 1041 1894 usque
1056 1856 1158 1894 ripam
1171 1856 1182 1872 ³
1201 1858 1383 1890 mutatione

56 1897 232 1928 ementium
248 1898 423 1938 adductos,
442 1899 596 1930 indicium
612 1901 694 1931 tanti
710 1908 804 1931 casus
821 1900 1004 1931 illustravit.

97 1948 202 1975 XXIX.
225 1946 319 1976 Initio
334 1946 455 1977 aestatis
468 1946 610 1985 Agricola
629 1947 809 1978 domestico
828 1947 960 1977 vulnere
977 1947 1060 1979 ictus
1074 1957 1160 1979 anno
1176 1954 1249 1981 ante
1266 1952 1381 1984 natum

55 1991 156 2023 filium
178 1993 295 2023 amisit.
321 2002 416 2033 quem
440 2002 552 2024 casum
574 2002 696 2034 neque,
714 1996 749 2024 ut
770 1993 912 2034 plerique
934 1994 1064 2025 sortium
1081 1995 1225 2028 virorum
1242 1999 1265 2037 ¹,
1283 1999 1384 2031 ambi*

55 2039 155 2079 tiose,
173 2049 275 2079 neque
290 2049 345 2080 per
361 2041 501 2071 lamenta
515 2049 626 2072 rursus
639 2050 676 2071 ac
690 2050 859 2072 moerorem
877 2040 1076 2073 muliebriter
1087 2042 1173 2074 tulit.
1190 2045 1223 2075 et
1239 2044 1272 2075 in
1288 2045 1382 2078 luctu

55 2087 173 2118 bellum
190 2087 275 2117 inter
289 2087 428 2118 remedia
441 2090 519 2119 erat.
537 2091 636 2127 igitur
650 2088 815 2127 praemissa
828 2088 946 2127 classe,
963 2097 1036 2128 quae
1049 2089 1194 2128 pluribus
1206 2091 1285 2122 locis
1299 2101 1380 2133 prae-

54 2133 127 2164 data
150 2142 302 2173 magnum
328 2136 360 2166 et
385 2135 545 2166 incertum
568 2138 724 2166 terrorem
747 2135 882 2175 faceret,
909 2134 1059 2176 expedito
1082 2138 1247 2177 exercitu,
1265 2139 1318 2170 cui
1337 2148 1380 2172 ex

84 2237 177 2278 Χῖςνῐ.
194 2243 213 2262 i.
227 2239 277 2262 Per
291 2240 419 2269 vestigia,
433 2240 555 2269 vestigiis
568 2245 662 2264 eorum
679 2240 818 2264 insistens.
834 2240 877 2264 Sic
894 2240 980 2265 Livius
993 2241 1027 2265 lx
1038 2259 1044 2270 ,
1064 2245 1107 2269 ⁴5,
1130 2240 1236 2265 hostem
1249 2243 1377 2274 vestiqiis

51 2278 201 2332 “⁴35²an
222 2314 241 2332 ι.
256 2309 329 2333 conf.
350 2310 442 2334 Germ.
457 2317 482 2334 c.
499 2316 537 2334 52.
552 2324 579 2327 -
590 2316 612 2334 ε.
628 2311 751 2341 nemigcs
766 2312 938 2340 moderante;
953 2318 1033 2343 quam
1047 2312 1125 2337 verbi
1140 2313 1279 2337 notionem
1292 2319 1378 2338 voca-

53 2343 146 2384 bulum
164 2344 404 2404 ziggqrnatoribus
423 2348 558 2376 praecipit;
573 2349 602 2371 ut
621 2348 772 2372 sexcenties
781 2347 856 2377 secet
872 2350 913 2372 est.
929 2353 977 2377 pro
991 2348 1050 2372 sieri
1066 2348 1154 2378 jussit.
1166 2354 1228 2372 -z.
1246 2348 1377 2375 Gallicam

53 2380 177 2440 lagga}-
194 2421 214 2440 ι.
228 2393 306 2442 velut
321 2417 403 2441 Stoici
417 2417 508 2448 multi,
525 2419 553 2442 in
566 2419 784 2446 ostentationem.

1193 2465 1237 2498 19
