1539 2668
165 157 207 188 96
550 160 681 188 TACITi
703 160 910 190 ANNALIUM
933 162 1005 190 LIB.
1030 162 1082 190 iv.

167 230 227 261 bus
243 231 365 271 species
383 230 406 270 ¹;
424 232 586 263 minorum
600 241 728 272 quoque
741 233 986 273 magistratuum
998 235 1138 266 exercita
1155 235 1482 277 potestas;legesque,

165 277 193 308 si
206 278 383 318 majestatis
400 279 537 319 quaestio
550 280 744 311 eximeretur
755 304 765 320 ‚
783 280 867 312 bono
883 281 917 312 in
938 291 1010 313 usu.
1032 283 1063 313 at
1083 282 1243 313 frumenta
1259 281 1270 299 ²
1289 283 1320 313 et
1336 285 1481 322 pecuniae

167 324 358 365 vectigales,
373 327 477 357 cetera
494 325 697 366 publicorum
715 327 877 359 fructuum
890 352 898 367 ‚
922 329 1133 360 societatibus
1153 329 1305 368 Equitum
1327 333 1483 362 Romano·

166 380 239 403 rum
252 372 465 411 agitabantur.
484 381 532 404 res
549 381 622 404 suas
638 377 745 405 Caesar
759 376 996 414 spectatissimo
1009 376 1125 415 cuique
1137 400 1146 415 ,
1160 376 1353 415 quibusdam
1368 376 1485 415 ignotis

165 424 205 449 ex
220 419 305 450 fama
323 419 520 459 mandabat,
537 420 700 460 semelque
725 423 882 462 assumpti
903 422 1092 455 tenebantur
1117 431 1248 462 prorsus
1276 422 1344 454 sine
1359 422 1457 454 modo
1470 447 1481 462 ‚

163 474 266 505 quum
283 466 427 506 plerique
443 466 557 497 iisdem
572 467 709 507 negotiis
725 467 973 501 insenescerent.
991 469 1100 510 plebes
1124 469 1187 500 acri
1210 469 1341 509 quidem
1356 477 1484 500 annona

163 511 368 554 fatigabatur,
382 513 438 545 sed
456 514 542 544 nulla
556 515 588 544 in
602 524 639 546 eo
654 515 747 555 culpa
763 524 802 547 ex
817 517 961 557 Principe
976 517 1071 556 :quin
1089 516 1309 548 infecunditati
1325 519 1483 547 terrarum

163 562 219 592 aut
234 561 354 601 asperis
370 561 468 592 maris
484 561 614 592 obviarn
635 562 683 601 iit,
703 565 861 603 quantum
877 563 1040 604 impendio
1056 564 1281 603 diligentiaque
1298 565 1432 604 poterat.
1452 565 1485 594 et

163 616 203 639 ne
221 607 396 647 provinciae
415 608 507 639 novis
535 609 687 640 oneribus
704 609 927 648 turbarentur,
945 611 1046 650 utque
1062 613 1171 642 vetera
1192 612 1259 641 sine
1277 610 1410 641 avaritia
1429 612 1485 640 aut

162 654 350 686 crudelitate
378 655 626 694 magistratuum
655 656 829 689 tolerarent
845 681 855 698 ‚
889 657 1088 697 providebat.
1130 666 1301 697 corporum
1325 656 1458 688 verbera
1474 678 1482 693 ,

161 699 382 740 ademptiones
401 701 560 733 bonorum
577 702 721 735 aberant.

203 750 271 779 Vll.
297 749 371 779 Rari
385 758 441 789 per
456 749 581 780 Italiam
598 750 731 781 Caesaris
756 750 843 791 agri,
870 751 1016 782 modesta
1038 751 1187 790 servitia,
1207 751 1290 781 intra
1310 749 1483 790 [131100511-

163 794 268 825 berios
283 794 399 826 domus
414 805 421 825 τ
440 804 477 826 ac
496 797 523 827 si
543 796 672 836 quando
689 806 762 828 cum
780 797 913 837 privatis
932 798 1143 838 disceptaret,
1161 798 1265 828 sorum
1281 799 1314 828 et
1325 796 1388 835 jis.
1402 799 1484 835 Quae

162 844 297 879 cuncta,
315 851 379 872 non
397 842 527 882 quidem
541 844 627 874 comi
652 844 722 883 via,
743 844 799 875 sed
825 844 974 876 horridus
994 854 1030 875 ac
1053 845 1243 885 plerumque
1266 842 1458 874 iormidatus
1474 866 1483 881 ‚

161 888 319 919 retinebat
334 891 442 920 tamen
455 913 464 929 ‚
487 889 590 922 donec
610 892 713 922 morte
731 892 827 922 Drusi
844 894 1048 923 verterentur
1073 902 1080 922 :
1105 900 1178 922 nam
1202 891 1278 922 dum
1305 889 1484 930 superfuit,

162 943 320 974 mansere,
338 935 414 974 quia
429 936 573 976 Sejanus,
588 937 762 977 incipiente
776 938 879 969 adhuc
893 938 1048 978 potentia,
1063 938 1156 969 bonis
1167 937 1309 969 consiliis
1322 938 1486 967 notescere

161 981 305 1020 volebat,
322 984 354 1013 et
371 982 456 1013 ultor
474 983 480 1000 ¹
500 984 703 1015 metuebatur
721 994 786 1015 non
809 986 956 1016 occultus
972 985 1048 1025 odii,
1064 987 1096 1015 et
1113 985 1224 1015 crebro
1240 992 1390 1024 querens,
1408 994 1424 1009 α
1439 982 1486 1012 in-

165 1040 179 1054 «
194 1028 310 1059 columi
325 1028 409 1068 tilio,
430 1029 608 1069 adjutorem
623 1031 749 1071 imperii
767 1032 864 1063 alium
879 1032 987 1063 vocari
1014 1044 1022 1064 :
1040 1035 1071 1063 et
1096 1034 1251 1071 quantum
1269 1037 1434 1070 superesse
1450 1030 1485 1058 ut

162 1089 176 1098 n
193 1075 313 1114 collega
331 1075 480 1108 dicatur?
498 1078 621 1108 primas
641 1078 829 1109 dominandi
853 1088 924 1118 spes
949 1080 982 1110 in
998 1080 1098 1110 arduo
1115 1091 1122 1107 ε
1141 1079 1199 1109 ubi
1226 1078 1271 1109 sis
1300 1078 1461 1116 ingressus
1476 1099 1483 1113 ,

163 1133 179 1147 «
194 1121 303 1154 adesse
318 1123 425 1154 studia
441 1125 473 1154 et
488 1125 666 1155 ministros.
685 1126 851 1156 exstructa
864 1126 931 1164 jam
948 1127 1060 1165 sponte
1084 1125 1228 1165 praefecti
1252 1126 1373 1161 castra,
1393 1122 1486 1153 datos

164 1169 224 1199 «in
241 1177 372 1200 manum
398 1171 537 1210 milites3
561 1171 649 1202 cerni
669 1172 807 1211 effigiem
830 1173 899 1211 ejus
917 1173 949 1202 in
975 1172 1193 1203 monumentis
1218 1174 1276 1202 Cn.
1294 1169 1438 1209 Pompeii
1453 1167 1485 1206 2;

165 1228 180 1241 τι
194 1224 384 1247 00111111111105
405 1217 450 1247 illi
469 1226 542 1247 cum
567 1217 686 1248 (anillia
712 1221 888 1248 Drusorum
906 1218 973 1249 l'ore
998 1220 1131 1257 nepotes
1148 1218 1173 1249 ³.
1200 1217 1391 1258 precandam
1413 1214 1486 1255 post

164 1273 179 1287 a
194 1261 265 1293 haec
279 1263 472 1294 modestiam
490 1263 516 1303 ⁵,
535 1264 572 1294 ut
585 1264 756 1295 contentus
772 1265 867 1295 esset.
885 1278 899 1291 υ
919 1274 1022 1305 neque
1043 1274 1114 1296 raro
1137 1273 1239 1304 neque
1255 1263 1339 1303 apud
1364 1269 1485 1302 paucos

161 1308 235 1339 talia
247 1309 386 1347 jaciebat
401 1320 408 1340 z
424 1312 457 1341 et
473 1312 595 1341 secreta
613 1319 742 1351 quoque
759 1312 827 1350 ejus
841 1335 850 1350 ,
869 1313 1020 1351 corrupta
1038 1321 1154 1351 uxore,
1172 1310 1400 1351 prodebantur.

203 1358 288 1388 VIII.
313 1357 415 1396 Igitur
432 1358 583 1396 sejanus,
607 1358 835 1388 maturandum
856 1359 945 1388 ratus
958 1381 966 1396 ‚
984 1358 1094 1397 deligit
1117 1366 1296 1395 venenum,
1314 1364 1378 1395 quo
1395 1353 1484 1394 paul-

159 1402 252 1433 latim
279 1403 436 1443 irrepente
463 1404 614 1435 fortuitus
649 1404 782 1435 morbus
810 1405 1062 1435 assimularetur.
1089 1405 1123 1436 id
1152 1410 1256 1436 Druso
1291 1403 1402 1434 datum
1430 1409 1485 1441 per

161 1450 304 1489 Lygdum
322 1451 517 1489 spadonem,
534 1453 569 1482 ut
585 1454 658 1482 octo
675 1453 746 1490 post
772 1461 873 1482 anuos
893 1452 1059 1491 cognitum
1082 1454 1140 1483 est.
1173 1454 1316 1482 ceterum
1339 1449 1484 1480 Tiberius

161 1506 218 1537 per
235 1506 346 1527 omnes
364 1497 558 1528 valetudinis
576 1498 582 1515 ¹
603 1498 671 1537 ejus
688 1498 757 1529 dies
773 1523 781 1537 ,
800 1499 889 1529 nullo
907 1501 1012 1537 metu,
1032 1508 1072 1529 an
1089 1501 1125 1530 ut
1142 1498 1369 1529 firmitudinem
1385 1493 1485 1526 animi

162 1546 350 1581 ostentaret,
369 1544 466 1574 etiam
484 1543 635 1575 defuncto
653 1545 790 1575 necdum
809 1546 952 1584 sepulto,
971 1546 1093 1576 curiam
1108 1546 1270 1585 ingressus
1287 1545 1346 1575 est.
1367 1549 1484 1572 consu·
1535 1543 1538 1547 ⁴

160 1591 282 1630 lesque,
298 1591 373 1622 sede
389 1591 512 1630 vulgari
529 1590 539 1607 ²
559 1600 614 1631 per
629 1592 766 1631 speciem
787 1592 950 1622 11110511ῐίεο
967 1593 1123 1630 sedentes,
1140 1592 1272 1623 honoris
1296 1590 1420 1628 locique
1432 1586 1484 1618 ad-

162 1638 307 1676 monuit3
333 1638 364 1668 et
392 1638 533 1668 effusum
560 1638 593 1667 in
620 1637 770 1669 lacrimas
788 1642 935 1669 senatum
954 1639 1039 1669 victo
1057 1639 1198 1678 gemitu,
1221 1637 1317 1669 simul
1340 1635 1485 1667 oratione
1531 1670 1533 1673 f

162 1685 314 1715 contmua
329 1684 431 1715 erexit
447 1693 454 1713 ε
476 1698 490 1711 ι(
504 1694 568 1715 11011
586 1684 717 1724 quidem
735 1684 795 1715 sibi
817 1686 963 1725 ignarum
980 1694 1073 1725 posse
1095 1686 1185 1724 argui
1201 1685 1211 1702 ³
1225 1707 1235 1723 ,
1254 1684 1341 1724 quod
1359 1684 1424 1714 tam
1437 1689 1484 1711 re-

165 1744 180 1757 «
195 1731 277 1762 001111
293 1730 402 1761 dolore
426 1730 558 1761 subierit
575 1731 684 1761 oculos
702 1733 833 1762 senatus
851 1742 857 1762 ε
878 1732 932 1762 vix
960 1732 1216 1772 propinquorum
1242 1730 1382 1769 alloquia
1406 1728 1483 1759 tole·
1530 1732 1533 1748 ’-

164 1790 179 1803 «
194 1778 270 1815 rari,
295 1777 350 1807 vix
366 1777 451 1808 diem
472 1777 568 1817 asplei
589 1787 607 1808 a
629 1778 788 1817 plerisque
813 1779 1001 1817 lugentium.
1030 1788 1134 1818 neque
1154 1778 1226 1808 illos
1250 1774 1482 1807 imbecillitatis
1530 1777 1539 1806 ἲ.

164 1838 180 1852 «1
194 1823 393 1855 damnandos
408 1833 415 1853 ε
433 1833 466 1854 se
481 1827 585 1855 tamen
606 1824 737 1855 fortiora
754 1825 866 1855 solatia
880 1834 896 1856 e
912 1826 1082 1865 complexu
1099 1824 1284 1864 reipublicae
1298 1822 1481 1863 petivisse.»
1528 1826 1539 1861 j*

160 1871 395 1910 miseratusque
424 1874 575 1910 Augustae
600 1873 777 1902 extremam
803 1874 962 1902 senectam
978 1896 986 1910 ,
1008 1871 1120 1901 rudem
1146 1871 1250 1902 adhuc
1274 1871 1424 1909 nepotem
1451 1869 1483 1898 et

161 1920 344 1957 vergentem
358 1918 485 1948 aetatem
503 1926 606 1956 suam,
623 1920 663 1948 ut
680 1920 873 1949 Germanice·
891 1918 1002 1957 liberi,
1016 1920 1122 1949 unica
1131 1918 1359 1957 prcesentium
1371 1914 1482 1945 malo-

161 1973 241 1996 rum
257 1965 464 2002 levamenta,
480 1964 740 2004 inducerentur,
756 1964 880 2004 petivit.
896 1965 1012 2004 egressi
1024 1965 1170 1995 consules
1186 1964 1327 1995 firmatos
1342 1959 1482 2000 alloquio
1527 1959 1529 1970 ⁴

161 2011 416 2043 adolescentulos
443 2012 664 2051 deductosque
689 2013 764 2042 ante
787 2016 945 2042 Caesarem
969 2013 1127 2042 statuunt.
1152 2010 1267 2050 quibus
1294 2006 1479 2049 appi-ensiS,
1525 2005 1536 2043 ζ,

163 2071 177 2083 u
193 2061 301 2089 Patres
319 2058 504 2098 conscripti,
525 2059 596 2097 hos,
610 2071 625 2085 n
645 2058 763 2097 inquit,
786 2071 801 2085 α
820 2058 949 2089 orbatos
976 2060 1107 2097 parente
1123 2056 1240 2088 tradidi
1265 2058 1380 2095 patruo
1397 2054 1480 2094 ipso·
1531 2070 1535 2077 ·

163 2117 178 2130 α
193 2114 282 2143 rum,
300 2108 509 2145 precatusque
530 2114 621 2143 sum,
642 2114 838 2145 quamquam
856 2107 940 2136 esset
957 2104 1003 2135 illi
1020 2104 1149 2144 propria
1165 2103 1312 2141 suboles,
1332 2110 1372 2132 ne
1387 2108 1479 2132 secus
1524 2131 1526 2142 ,

162 2163 178 2178 «
195 2160 292 2191 quam
307 2160 403 2182 suum
420 2152 608 2191 sanguinem
626 2152 750 2183 foveret
766 2161 804 2183 ac
820 2151 945 2183 tolleret
960 2151 969 2169 ²·
983 2174 993 2190 ‚
1011 2150 1138 2190 sibique
1153 2152 1185 2181 et
1199 2149 1336 2189 posteris
1350 2147 1479 2179 consor-
1522 2160 1533 2190 ⁸·

190 2237 234 2259 Vl.
250 2241 270 2258 1.
286 2235 427 2263 Splendor,
441 2235 564 2263 dignitas⁴
576 2248 604 2252 —
620 2241 641 2259 2.
655 2236 699 2259 Sc.
712 2235 867 2265 vectigalia.

191 2271 243 2294 Vll.
261 2276 282 2293 1.
299 2272 405 2294 Drusus.
417 2275 481 2293 -2.
501 2271 531 2293 V.
547 2271 591 2297 lli,
609 2275 647 2294 ⁷2.
660 2276 722 2294 —3.
739 2271 841 2295 Claudii
858 2270 925 2294 filius
942 2270 1079 2299 parvulus,
1099 2270 1211 2297 DrusuS,
1234 2268 1323 2297 sejani
1344 2266 1405 2291 fillae
1427 2265 1478 2290 de·
1528 2273 1533 2303 ξ

158 2307 301 2335 sponsatus
318 2305 414 2329 fuerat-
429 2310 488 2328 -4,
507 2306 587 2334 Quasi
601 2306 685 2329 dcam.

192 2341 256 2364 viti.
274 2346 292 2364 1.
305 2342 345 2364 Se.
362 2339 486 2366 labentis,
502 2340 595 2363 morbi.
610 2346 669 2363 —2.
686 2341 744 2365 Non
762 2342 788 2365 in
806 2341 871 2364 sella
886 2340 980 2363 curuli.
993 2353 1019 2356 —
1031 2345 1055 2362 τ».
1072 2339 1248 2368 Reprehendi.
1263 2351 1292 2356 —-
1303 2343 1323 2362 4.
1334 2339 1371 2361 Ex
1383 2337 1476 2360 Roma-
1527 2330 1530 2352 ἶ

162 2382 257 2401 norum
274 2382 357 2405 more,
370 2382 422 2404 quo
434 2378 511 2405 pater
524 2376 606 2398 filinm
620 2382 715 2399 recens
729 2378 822 2401 natum
837 2375 960 2403 tollebat,
979 2375 1059 2399 humo
1072 2375 1187 2399 letabat.
1202 2380 1287 2399 eoque
1301 2372 1380 2398 modo
1395 2377 1476 2401 agno·
1526 2382 1529 2388 ¹

160 2411 255 2435 scebat
268 2416 344 2434 snum
357 2416 436 2440 quem
449 2411 535 2435 aleret
549 2410 740 2440 educaretque.
