1539 2668
528 151 795 181 ELOCUTIONIS
817 152 1001 180 TACITEAE.
1369 153 1423 194 xiij

97 233 152 263 ter
184 225 407 263 observanda
426 230 524 268 sunt,
545 225 595 260 ita
618 223 715 270 apud
735 225 900 260 Tacitum
931 224 1096 271 inprimis
1111 252 1120 268 ,
1147 226 1208 271 qui
1234 237 1310 262 non
1341 237 1425 274 pro·

96 280 216 327 prium
236 280 382 327 quidem
405 278 473 313 sibi
499 278 609 313 habet
628 288 735 312 usum
757 278 990 323 subjunctivi,
1012 278 1072 313 sed
1094 278 1132 313 in
1155 278 1330 316 brevitate
1349 290 1425 316 ser-

96 334 217 369 monis
234 333 311 379 eJus
334 342 446 378 quum
465 337 665 367 ceterarum
687 332 842 377 partium
863 331 1050 374 orationis,
1075 337 1153 366 tum
1181 342 1264 367 vero
1281 333 1427 379 subjun-

97 387 182 422 ctivi
198 385 413 432 significatio
427 384 639 431 diligentius
652 384 847 430 spectanda
861 391 896 420 et
909 385 1069 420 exactius
1082 384 1240 420 tenenda
1251 391 1305 420 est
1318 397 1424 432 quam

97 439 135 476 in
153 439 233 476 aliis
259 438 510 485 scriptoribus
541 440 635 475 Nam
661 449 742 485 qua:
775 444 948 484 tanquam
981 438 1125 484 propria
1158 439 1284 474 Tacito
1316 450 1426 475 anno-

97 498 221 529 tantur
246 492 291 528 ab
324 492 511 527 nonnullis
529 519 537 534 ,
572 502 603 525 ν.
636 501 668 526 c.
702 492 879 538 particula
899 493 1069 538 quamvis
1098 502 1180 526 cum
1205 491 1423 534 indicativo⁷

95 556 317 592 quanquam
337 556 419 581 cum
448 544 681 591 subjunctivo
707 545 835 591 juncta
851 572 861 589 ‚
890 555 979 592 quas
1007 543 1151 580 diverso
1173 543 1282 580 modo
1301 545 1426 581 Cicero

96 599 279 642 struxerit,
300 599 378 634 haec
397 598 505 634 etiam
526 598 561 633 in
578 608 723 644 quoque
742 598 821 633 loco
847 608 887 634 ex
917 598 994 644 ipsa
1015 597 1191 633 sententia
1220 604 1255 634 et
1279 597 1425 644 propria

95 652 247 688 notione
268 651 489 698 subjunctivi
504 651 676 698 pendent.

140 729 324 775 Infinitive·
345 738 432 763 usus
452 730 572 775 speeie
593 728 781 774 multiplex
795 734 850 763 est
869 727 965 773 apud
986 727 1168 768 Tacitum,
1189 738 1227 763 re
1244 728 1319 774 ipsa
1340 728 1425 763 sim-

96 782 192 830 plex,
212 781 280 817 hoc
298 781 326 816 si
345 786 469 817 teneas
489 792 498 816 z
516 781 737 817 infinitivum
756 791 834 817 esse
861 781 974 816 instar
1000 780 1240 824 substantivi,
1273 781 1424 816 latinam

94 840 215 871 autem
234 834 399 881 linguam
419 844 540 870 carere
560 834 714 870 articulo
728 862 737 874 ,
757 845 830 881 quo
848 833 1066 877 infinitivus,
1088 839 1212 880 utpote
1233 833 1427 869 indeclina-

93 887 165 924 bile
186 887 470 930 substantivum‚
495 888 625 923 ceteris
646 887 764 923 verbis
783 890 1005 928 γραμματικῶς
1022 886 1138 933 possit
1155 885 1314 932 adaptari
1331 898 1339 922 :
1363 887 1426 922 sed

92 940 241 977 Tacitus
261 941 341 987 ipso
356 941 450 980 loco,
473 951 581 987 quem
602 941 762 987 assignat
778 940 971 981 infinitivo,
987 939 1123 975 indicat
1142 939 1229 986 quid
1249 939 1347 975 velit.
1369 940 1427 976 Sic

92 993 306 1039 infinitivus
318 1005 394 1040 pro
411 994 577 1040 subJecto
596 999 651 1029 est
672 1006 678 1028 ;
702 993 812 1040 culpa
841 1004 955 1039 quam
983 1004 1097 1039 poena
1129 996 1299 1039 tempore
1314 995 1427 1039 prior

93 1050 173 1093 est;
189 1048 391 1083 emendari
404 1058 518 1093 quam
536 1058 696 1093 peccare
710 1050 904 1093 posterius
919 1050 986 1082 est.
1008 1048 1073 1082 Est
1086 1057 1161 1093 pro
1175 1047 1320 1090 objecto
1335 1057 1348 1080 .·
1364 1048 1426 1082 im-

91 1103 225 1147 petrat
243 1103 440 1136 veteranos
460 1101 613 1143 deduci,
636 1100 893 1136 deductionem
912 1105 1187 1141 veteranorumg
1214 1099 1424 1134 illacrima-

93 1154 187 1189 banc
226 1164 311 1188 eum
348 1154 528 1189 cecidisse
543 1182 552 1196 ,
587 1154 665 1199 ejus
710 1154 831 1195 casui3
869 1153 1047 1199 abrumpi
1078 1153 1425 1188 dissimulationem

93 1208 212 1241 eiiam
231 1206 347 1241 Silius
362 1206 537 1252 urqebat,
559 1206 658 1252 quasi
684 1205 783 1241 dicas
798 1234 807 1249 ,
827 1206 1080 1251 abruptionem
1098 1205 1423 1249 dissimulationis3

93 1258 274 1294 hortatur
289 1258 428 1305 qentile
445 1259 559 1294 decus
573 1269 783 1304 capessere,
802 1259 1089 1304 assumptionem
1110 1259 1248 1294 decoris
1264 1258 1421 1304 gentilis,

93 1316 134 1347 ut
152 1310 298 1355 dieitur,
317 1311 481 1346 «hortari
499 1311 670 1346 bellum.»
690 1314 733 1346 In
753 1311 831 1346 aliis
849 1311 938 1346 locis
959 1310 1111 1346 dubium
1121 1322 1200 1347 esse
1211 1317 1342 1357 potest,
1359 1322 1424 1358 pro

92 1363 305 1411 subjectone
324 1364 559 1410 accipiendus
579 1364 627 1400 sit
645 1363 846 1399 infinitivus
867 1375 912 1399 an
940 1374 1004 1409 pro
1025 1364 1205 1409 genitivo,
1224 1369 1266 1399 ut
1284 1364 1320 1399 in
1341 1364 1422 1406 boc,

91 1421 194 1453 vetus
222 1419 365 1453 Neroni
384 1429 481 1453 cura
507 1421 592 1452 erat
621 1416 810 1452 curriculo
836 1416 1116 1463 quaclriqarum
1136 1419 1308 1452 insistere
1323 1443 1334 1463 ,
1355 1425 1423 1452 nec

90 1473 217 1507 minus
232 1470 387 1517 soeclum
405 1472 575 1507 studium
595 1470 749 1506 cithara
764 1481 916 1505 canere.
949 1472 1049 1516 Saepe
1080 1476 1135 1505 est
1160 1481 1232 1516 pro
1259 1471 1423 1516 qenitiuo

92 1534 176 1560 cum
199 1522 415 1571 Adjectivis‚
449 1524 510 1559 ubi
535 1523 636 1567 vide3
663 1534 744 1559 cum
775 1524 901 1559 iisdem
927 1534 1004 1569 pro
1031 1524 1162 1559 (latit-o
1180 1535 1194 1558 .·
1214 1526 1337 1558 minus
1365 1522 1423 1557 ob-

91 1579 249 1612 noxium
268 1576 471 1623 offendere
493 1580 696 1623 poetarum
725 1588 836 1623 quam
858 1578 1063 1611 oratorum*
1079 1577 1274 1622 studium,
1303 1574 1422 1611 offen-

90 1629 184 1666 sioni
203 1629 410 1666 studiorum
426 1643 435 1674 3
456 1629 594 1676 factus
608 1631 740 1666 velare
755 1631 903 1673 odium,
925 1629 1078 1666 velando
1099 1629 1184 1665 odio
1220 1628 1324 1665 Adde
1341 1633 1417 1664 not.

91 1682 137 1719 ad
157 1685 257 1719 Hisi.
279 1685 343 1727 lv,
365 1687 422 1719 12.
1278 1720 1285 1723 ,

135 1736 318 1782 Infinitiui
337 1748 414 1783 pro
430 1737 677 1782 subjunctivis
702 1746 967 1783 nonnunquam
986 1742 1175 1782 ponuntur
1191 1738 1281 1782 post
1290 1736 1420 1782 parti-

89 1788 196 1824 culas
211 1789 248 1825 in
268 1790 432 1826 oratione
454 1789 629 1837 obliqua:
649 1790 714 1826 ¹ubi
740 1793 925 1826 Latonam
951 1790 1112 1825 edidisse
1137 1789 1216 1825 lioec
1242 1790 1418 1831 numina,

89 1842 188 1886 quod
209 1843 319 1889 vulgo
334 1843 391 1878 vel
412 1843 532 1889 ibique
548 1843 696 1885 dicitur,
718 1844 772 1879 vel
791 1843 851 1879 ubi
864 1864 908 1868 —
925 1842 1091 1878 ediderit
1097 1853 1112 1888 ,·
1133 1852 1353 1888 quanquam
1371 1852 1419 1877 ne

90 1898 369 1943 impudicitiam
389 1899 539 1944 quidem
562 1899 717 1944 abesse;
737 1902 811 1934 nisi
821 1898 933 1944 sorte
953 1897 1165 1933 clarissimo
1186 1900 1318 1943 cuique
1334 1897 1419 1944 plu-

89 1959 151 1984 res
178 1960 292 1986 curas
317 1961 420 1996 esse,·
448 1962 499 1986 an
519 1954 731 1998 Auqusium
762 1955 803 1987 in
831 1953 1079 1999 Germaniam
1106 1960 1318 1985 commeare
1343 1961 1417 1996 po-

88 2003 229 2038 tuisse?

133 2056 345 2102 Infinitivus
357 2057 418 2103 qui
429 2062 576 2093 vocatur
591 2057 809 2100 historicus,
826 2056 872 2092 de
885 2056 994 2092 rebus
1014 2067 1087 2092 non
1100 2055 1147 2092 ad
1160 2066 1277 2092 unum
1293 2061 1330 2092 et
1342 2065 1417 2092 cer-

87 2115 164 2144 tum
189 2114 334 2156 tempus
353 2110 616 2156 pertinentibus
630 2137 639 2154 ‚
661 2115 698 2146 et
714 2111 792 2158 ipse
810 2110 958 2157 ponitur
977 2114 1061 2156 post
1077 2109 1273 2156 particulas
1285 2119 1413 2155 quum,

83 2163 138 2206 ut,
160 2162 235 2206 ubi,
253 2166 472 2210 postquam,
493 2163 619 2199 simul.

130 2217 343 2263 Infinitivus
369 2230 453 2254 cum
478 2221 709 2255 nominativo
735 2229 799 2266 pro
827 2219 1031 2255 accusativo
1049 2244 1059 2262 ‚
1092 2217 1138 2254 ad
1159 2227 1318 2265 graecum
1340 2227 1415 2253 mo·

84 2269 185 2314 dum,
208 2276 250 2306 ut
265 2274 365 2308 Hist.
386 2274 450 2316 IV,
475 2277 535 2309 55.

134 2347 342 2392 Gerundz'a,
362 2356 405 2386 ut
424 2356 552 2387 notum
568 2357 635 2395 est,
655 2351 759 2398 quasi
775 2361 880 2387 casus
897 2356 984 2386 sunt
1002 2348 1171 2385 infinitivi
1189 2348 1412 2384 substantive

85 2400 248 2447 usurpati
265 2402 536 2448 :fabricandae
564 2404 677 2441 classi
701 2407 996 2452 praeponuntur,
1017 2401 1245 2439 fabricationi
1269 2400 1409 2437 classis.
