1539 2668
123 165 183 196 264
504 164 639 196 TACITI
661 166 869 196 ANNALIUM
890 166 962 198 LIB.
989 165 1071 197 xv1.

123 239 215 280 tui-⁴,
236 239 365 271 mitiora
379 239 505 272 censuit
526 240 746 282 obtinuitque,
764 244 796 273 et
810 251 910 282 quum
935 242 1033 273 deum
1057 240 1197 272 honores
1223 243 1372 279 Poppaeae
1386 239 1444 271 de·

122 288 309 327 cernuntur,
328 290 440 328 sponte
458 287 590 328 absens,
609 288 711 319 funeri
731 298 795 320 non
811 289 965 321 interfuit.
984 293 1062 328 Quae
1076 286 1252 319 oblitterari
1277 295 1342 318 non
1354 287 1441 319 sine-

120 336 177 367 bat
193 334 304 376 Capito
320 335 530 367 Cossutianus
547 336 572 375 ⁵,
593 338 710 376 praeter
729 336 872 368 animum
890 336 929 368 ad
950 336 1067 376 flagitia
1085 334 1284 375 praecipitem
1310 333 1441 374 iniquus

119 383 267 415 Thraseae
277 408 288 422 ,
299 383 386 423 quod
402 383 590 414 auctoritate
607 384 676 424 ejus
692 384 898 425 concidisset,
909 384 1050 425 juvantis
1065 383 1199 415 Cilicum
1215 381 1348 422 legatos,
1363 381 1441 414 dum

118 430 306 472 Capitonem
325 430 575 471 repetundarum
593 430 818 472 interrogant&

158 482 251 510 XXII.
277 478 361 517 Quin
375 480 406 509 et
421 478 474 509 illa
490 477 690 519 objectabat,
710 494 725 508 «
741 480 901 521 principio
915 479 990 511 anni
1003 479 1108 511 vitare
1120 478 1293 509 Thraseam
1310 477 1441 509 solenne

117 539 132 553 «
149 525 376 566 jusjurandum
394 526 399 542 ¹
414 537 422 565 ;
447 527 741 567 nuncupationibus
762 529 913 559 votorum
928 527 939 545 ²
957 537 1020 559 non
1037 526 1163 565 adesse,
1179 524 1328 565 quamvis
1349 524 1442 564 quin-

116 587 131 598 «
151 572 372 605 decinivirali3
392 573 573 605 sacerdotio
591 575 785 615 praeditum3
811 584 979 616 nunquam
1005 583 1063 614 pro
1085 573 1187 604 salute
1211 571 1368 611 Principis
1385 571 1442 602 aut

115 634 130 649 «
152 621 274 652 coelesti
293 629 370 652 voce
385 620 394 638 ⁴
419 621 656 662 immolavisse;
672 623 840 655 assiduum
856 623 931 654 olim
948 625 979 654 et
992 622 1206 659 indefessum,
1229 619 1285 658 qui
1302 617 1441 658 vulgari-

113 680 127 694 «
149 667 210 698 bus
225 677 353 708 quoque
376 669 505 700 Patrum
521 669 676 701 consultis
692 673 797 702 semet
812 671 969 701 fautorem
987 670 1043 700 aut
1058 667 1279 699 adversarium
1297 664 1440 697 ostende-

113 727 128 742 «
149 717 218 754 ret,
233 715 373 746 triennio
392 725 457 747 non
475 717 636 748 introiisse
651 718 797 757 curiam;
821 718 1086 758 nuperrimeque,
1110 723 1212 755 quum
1233 712 1273 744 ad
1290 720 1440 744 coercen-

112 775 128 790 ι(
149 762 207 793 dos
217 763 358 795 Silanum
370 765 402 795 et
411 767 559 796 Veterem
574 765 721 796 certatim
738 767 994 804 concurreretur,
1004 763 1138 805 privatis
1151 761 1259 802 potius
1272 759 1440 791 clientium

112 823 127 837 α
146 810 283 849 negotiis
301 812 477 842 vacavisse.
497 812 710 844 secessionem
737 813 804 854 Jam
825 812 858 844 id
880 814 912 844 et
933 814 1039 852 partes
1052 812 1101 848 et,
1117 809 1144 841 si
1166 808 1251 840 idem
1275 806 1368 838 multi
1385 815 1439 838 au-

110 869 126 884 «
144 856 259 897 deant,
276 857 396 889 bellum
414 867 494 890 esse.
512 862 553 891 Ut
567 860 730 900 quondam
745 864 779 892 C.
798 864 957 892 Caesarem
979 858 1110 899 (inquit)
1129 860 1160 889 et
1181 860 1223 888 M.
1241 858 1394 887 Catonem
1411 854 1438 894 ⁵,

111 916 127 931 α
142 904 189 936 ita
211 913 298 936 nunc
314 906 365 945 te,
382 910 481 945 Nero,
498 910 530 939 et
547 907 719 939 Thraseam
741 907 837 939 avida
854 906 1088 939 discordiarum
1107 904 1220 936 civitas
1235 902 1389 943 loquitur.
1405 902 1439 934 et

108 962 125 978 «
144 951 242 983 habet
255 954 431 984 sectatores
444 955 495 985 vel
511 955 620 995 potins
636 955 790 986 satellites
801 979 809 994 ‚
826 955 881 995 qui
896 954 1040 986 nondum
1056 951 1295 985 contumaciam
1311 949 1437 981 senten·

110 1011 125 1026 «
144 999 261 1030 tiarum
274 1024 282 1039 ,
300 1000 356 1031 sed
371 1000 519 1033 habitum
540 1003 733 1042 vultumque
755 1004 825 1043 eius
850 1004 1029 1042 sectantur,
1056 999 1148 1041 rigidi
1171 1001 1203 1030 et
1224 998 1350 1036 tristes,
1371 1003 1437 1036 <1¹10

108 1058 124 1074 κ
143 1046 201 1078 tibi
215 1047 381 1078 lasciviam
399 1049 608 1088 exprobrent.
624 1049 700 1080 huic
716 1050 769 1080 uni
786 1050 992 1081 incolumitas
1006 1052 1079 1087 tna,
1099 1050 1166 1079 tuae
1181 1047 1267 1077 artes
1281 1045 1352 1076 sine
1377 1043 1436 1075 ho·

107 1106 124 1121 n
143 1103 231 1126 nore.
251 1103 422 1134 prosperas
437 1095 594 1136 Princ²pis
609 1104 659 1128 res
675 1097 799 1137 spernit
815 1106 823 1127 ε
840 1097 981 1129 etiamne
994 1095 1134 1127 luctibus
1146 1094 1178 1125 et
1193 1091 1360 1124 doloribus
1371 1098 1436 1122 non

108 1153 125 1169 ε(
142 1141 280 1173 satiatur
295 1144 307 1172 ,⁰
320 1142 466 1179 ejusdem
482 1143 582 1174 animi
595 1144 643 1174 est
656 1168 664 1183 ‚
688 1148 859 1184 Poppaeam
882 1144 992 1175 divam
1021 1152 1086 1174 non
1112 1141 1264 1180 credere,
1291 1139 1383 1178 cujUs
1401 1137 1436 1168 in

107 1200 123 1216 «
142 1190 214 1220 acta
227 1188 293 1219 divi
316 1189 451 1227 Augusti
465 1192 496 1220 et
509 1190 588 1221 Julii
605 1199 669 1221 non
693 1192 812 1230 jurare.
830 1191 953 1231 spernit
976 1190 1162 1231 religioneS‚
1191 1187 1324 1226 abrogat
1339 1186 1434 1225 leges.

106 1248 122 1262 »
140 1235 256 1266 diurna
271 1236 282 1253 ⁰
307 1235 417 1275 populi
432 1236 569 1268 Romani
583 1247 640 1277 per
654 1238 840 1278 provincias
855 1263 863 1278 ,
886 1247 941 1279 per
959 1238 1120 1270 exercitus
1133 1261 1141 1276 ‚
1162 1234 1307 1267 curatius
1322 1233 1435 1272 legun·

107 1295 123 1310 «
140 1284 207 1322 tur,
219 1284 256 1314 ut
269 1285 424 1314 noscatur
440 1283 518 1323 quid
536 1284 676 1316 Thrasea
690 1294 753 1316 non
769 1285 890 1317 fecerit.
909 1288 966 1318 aut
980 1288 1182 1317 transeamus
1203 1282 1243 1314 ad
1268 1281 1320 1312 illa
1344 1278 1434 1311 insti-

105 1343 123 1359 «
141 1332 211 1362 tuta
224 1354 233 1370 ,
249 1329 277 1361 si
296 1330 423 1370 potiora
447 1333 544 1371 sunt,
574 1335 630 1364 aut
647 1342 732 1365 nova
757 1333 963 1374 cupientibus
983 1333 1148 1365 auferatur
1167 1331 1233 1362 dux
1255 1332 1287 1361 et
1309 1328 1432 1360 auctor.

106 1388 123 1405 (ι
140 1378 203 1409 ista
219 1378 306 1408 secta
322 1377 331 1394 ⁷
351 1378 536 1410 Tuberones
550 1381 581 1410 et
600 1380 758 1412 Favonios
774 1380 800 1420 Β,
827 1381 929 1413 veteri
954 1389 1084 1421 quoque
1111 1377 1298 1419 reipublicae
1312 1376 1435 1415 ingrata

105 1437 123 1453 κ
139 1424 273 1456 nomina
286 1447 295 1463 ‚
308 1426 431 1464 genuit.
466 1428 502 1457 nt
519 1426 690 1466 imperinm
704 1430 870 1468 evertant,
894 1428 1076 1460 libertatem
1093 1427 1269 1468 praeferunt
1284 1434 1290 1454 :
1307 1423 1334 1455 si
1363 1430 1433 1462 per·

107 1482 123 1499 «
141 1471 320 1511 verterint,
342 1472 525 1504 libertatem
545 1474 647 1514 ipsam
664 1475 899 1515 aggredientur.
926 1476 1047 1507 frustra
1070 1474 1218 1507 Cassium
1238 1469 1389 1503 amovisti
1408 1470 1434 1507 ⁹,

106 1529 122 1545 α
140 1518 165 1550 si
183 1518 316 1559 gliscere
333 1521 365 1551 et
380 1520 487 1559 vigere
500 1524 672 1552 Brutorum
688 1523 822 1554 aemulos
839 1532 991 1563 passurus
1005 1532 1050 1555 es.
1062 1522 1201 1561 denique
1214 1519 1294 1551 nihil
1311 1519 1380 1559 ipse
1394 1517 1435 1550 de

105 1577 122 1593 κ
142 1566 283 1598 Thrasea
300 1566 466 1607 scripseris
477 1579 485 1606 ;
498 1568 754 1608 desceptatorem
769 1573 919 1602 senatum
935 1570 1029 1602 nobis
1044 1570 1199 1609 relinque.
1217 1581 1231 1595 n
1246 1565 1434 1599 Extollitira

103 1614 293 1654 promptum
309 1615 492 1645 Cossutiani
518 1615 662 1647 animum
687 1621 770 1649 Nero
787 1618 960 1658 adjicitque
981 1616 1170 1648 Marcellum
1191 1615 1339 1656 Eprium,
1366 1614 1432 1645 acri

103 1660 301 1700 eloquentia.

145 1711 256 1739 XXIII.
280 1710 319 1738 At
336 1711 466 1739 Baream
484 1709 639 1740 Soranum
661 1709 727 1749 jam
742 1711 804 1742 sibi
817 1711 962 1744 Ostorius
984 1710 1119 1742 Sabinus
1146 1717 1245 1750 eques
1268 1712 1433 1740 Romanus

102 1756 292 1795 poposcerat
315 1763 404 1786 reum
424 1764 463 1786 ex
480 1756 712 1795 proconsulatu
731 1758 825 1798 Asiae,
838 1760 871 1789 in
885 1768 949 1798 qua
966 1758 1161 1789 offensiones
1177 1756 1333 1796 Principis
1342 1755 1434 1786 auxit

98 1801 226 1842 J’ustitia
246 1803 344 1842 atque
361 1802 520 1834 industria
534 1828 542 1842 ,
569 1806 602 1835 et
617 1803 693 1843 quia
712 1805 821 1844 portui
838 1805 1050 1846 Ephesiorum
1063 1803 1237 1845 aperiendo
1252 1811 1364 1835 curam
1386 1803 1433 1834 in—

101 1850 302 1889 sumpserat¹
325 1849 455 1889 vimque
478 1850 619 1882 civitatis
644 1854 867 1893 Pergamenae,
891 1852 1094 1892 prohibentis
1118 1853 1270 1884 Acratum
1299 1850 1432 1883 Caesaris

102 1894 257 1927 libertum
272 1895 283 1913 ²
296 1898 418 1929 statuas
431 1898 463 1928 et
482 1897 626 1938 picturas
648 1899 804 1938 avehere,
822 1899 960 1931 inultam
978 1900 1141 1931 omiserat.
1158 1900 1214 1931 sed
1234 1898 1362 1930 crimini
1378 1898 1431 1929 da-

103 1940 198 1974 batur
211 1945 365 1976 amicitia
373 1945 511 1977 Plauti³
527 1947 560 1978 cc
573 1945 716 1978 ambitio
729 1946 1150 1989 conciliandoeprovinciae
1162 1946 1208 1979 ad
1223 1955 1298 1987 spes
1314 1955 1430 1980 novas.

102 2059 188 2118 arilflis.
201 2062 230 2084 ut
244 2060 392 2091 ferebatur,
406 2062 615 2088 institutus.-⁴.
633 2063 693 2089 Vid.
707 2064 777 2095 XIV,
794 2069 890 2090 ιιι-ε,
911 2065 948 2088 De
960 2070 1014 2094 quo
1036 2065 1105 2093 XIII,
1124 2069 1216 2089 eia—e,
1238 2065 1385 2093 Accusant,
1400 2065 1430 2089 ut

167 2114 173 2123 ,
190 2100 224 2119 ιι.

134 2131 215 2155 XXII.
233 2137 252 2155 ι,
269 2133 297 2157 In
313 2134 374 2157 acta
386 2134 527 2164 PrincipiS.
542 2147 571 2152 --
582 2140 606 2159 9..
624 2135 663 2159 De
674 2135 771 2165 quibus
785 2136 818 2160 ad
832 2136 875 2163 IV,
889 2141 923 2160 ιτ.
939 2148 969 2154 -
982 2142 1002 2160 5.
1018 2135 1075 2159 Vid.
1087 2135 1119 2159 ad
1133 2135 1174 2163 Vl,
1191 2140 1226 2158 νε.
1246 2148 1270 2151 -
1285 2140 1309 2159 4.
1327 2135 1364 2159 De
1377 2141 1428 2165 qua

103 2166 172 2195 XIV,
200 2172 226 2191 ¹5
246 2168 307 2192 fine.
333 2169 431 2193 Similis
459 2172 596 2195 accusatio
609 2171 680 2201 apud
702 2171 901 2201 Philostratum,
926 2172 986 2196 Vit.
1001 2172 1132 2201 Apollon.
1150 2172 1178 2200 V,
1194 2177 1221 2195 7:
1237 2166 1305 2197 Οὐκ
1317 2166 1429 2203 ἔθυσας

104 2203 181 2243 ὑπὲρ
194 2207 246 2241 τῆς
261 2209 361 2244 φωνῆς
374 2206 424 2236 ἰ’να
439 2208 569 2238 Πυθῶδε
582 2212 625 2241 (ab
650 2212 775 2242 Apolline
799 2212 940 2243 Delphico)
953 2208 1148 2250 λαμπροτέρα
1162 2209 1304 2240 ἔλθοι--ὅ-
1320 2213 1354 2238 Ut
1364 2213 1428 2238 olim

104 2247 153 2282 ore
167 2244 402 2270 ferebant-Iulium
420 2248 553 2272 Caesarem
569 2254 758 2278 oppressorem
780 2249 913 2273 libertatis
938 2251 965 2273 et
978 2250 1107 2274 catonem
1123 2250 1275 2273 Uticensem
1296 2251 1353 2279 ejus
1372 2249 1429 2274 vin·

106 2277 234 2317 ‹licerin—
247 2286 269 2304 o.
284 2282 324 2304 Sc.
342 2284 410 2311 acta,
426 2284 503 2312 quasi
515 2284 589 2307 dicas
603 2284 809 2314 lesjonrnaux.
820 2297 848 2301 —-
861 2289 883 2308 7.
895 2284 1042 2314 Disciplina
1056 2285 1155 2308 Stoica.
1169 2286 1200 2315 Q.
1217 2285 1297 2309 AElius
1309 2285 1427 2316 Tubero,

105 2313 207 2342 rigidus
223 2316 340 2345 Stoicus,
355 2318 389 2341 tle
410 2326 462 2348 quo
480 2322 574 2344 narrat
593 2318 688 2344 Cicero
713 2321 795 2344 Brut.
819 2325 841 2343 c.
863 2325 899 2348 5¹,
917 2320 974 2343 Pro
1000 2321 1134 2349 Murena,
1150 2326 1173 2345 c.
1191 2327 1227 2350 ae,
1244 2321 1333 2345 Valer.
1354 2321 1425 2345 Max.

106 2348 161 2378 VH»
178 2354 201 2377 ὅ,
215 2355 235 2374 ¹.
249 2357 309 2375 —8.
326 2353 359 2376 Μ.
374 2354 515 2384 Favonius,
533 2356 628 2380 (latoni
651 2356 791 2380 familiaris
808 2356 836 2379 et
850 2354 1053 2379 similitudinem
1076 2362 1182 2380 morum
1198 2357 1280 2386 ipsius
1305 2357 1426 2381 studiose

103 2385 280 2410 sectans—9.
296 2388 360 2418 Cap.
375 2394 387 2413 7
402 2395 460 2420 sqq.

135 2419 228 2446 XXlll.
242 2427 262 2446 ι.
287 2423 361 2449 conr.
384 2426 426 2455 Vl,
449 2431 485 2457 ενι,
500 2427 556 2452 not.
573 2432 595 2453 ι.
614 2441 641 2445 -
654 2432 676 2452 2.
691 2428 729 2453 De
749 2432 803 2458 quo
828 2427 885 2458 XV,
901 2431 992 2452 ais—³.
1013 2427 1140 2456 Rubellii;
1155 2434 1181 2454 v.
1198 2428 1265 2459 xlv,
1282 2432 1310 2452 5⁷
1321 2432 1378 2458 sqq.
1395 2439 1426 2445 —
