1539 2668
516 120 564 148 Α.
586 120 625 149 U.
649 120 682 148 C-
709 119 780 151 767.
804 120 840 148 A.
864 120 898 149 C.
925 119 972 148 14.
1382 119 1416 147 19

94 213 110 227 «ι
124 198 180 240 qui
195 198 429 229 sacramentum
453 195 523 235 ejus
547 194 791 226 detrectabant:
808 195 903 226 divus
924 193 1091 233 Augustus
1110 192 1203 223 vultu
1228 194 1260 223 et
1282 196 1416 232 aspectu

93 259 109 274 «
125 246 268 277 Actiacas
284 244 425 284 legiones
439 243 597 274 exterruit
611 251 619 272 τ
636 250 696 273 nos
708 265 716 280 ‚
741 245 776 273 ut
790 241 934 273 nondum
961 240 1091 272 eosdem
1107 239 1118 257 ⁶
1134 262 1142 277 ,
1166 238 1211 269 ita
1230 247 1269 270 ex
1287 238 1350 270 illis
1369 249 1418 271 or-

93 306 108 320 «
122 296 186 332 tos,
204 292 230 323 si
249 290 409 331 Hispaniae
421 289 561 330 Syriaeve
574 289 666 320 miles
684 292 919 329 aspernaretur,
937 289 1045 320 tamen
1063 286 1183 317 mirum
1201 288 1232 316 et
1246 285 1355 323 indign
1363 296 1416 318 um

93 355 108 369 «
123 343 201 374 erat.
219 339 322 380 prima
336 345 385 368 nae
400 339 431 369 et
450 336 604 369 vicesima
620 336 761 376 legiones
774 360 783 375 ‚
798 336 853 368 illa
871 335 969 376 signis
982 344 1001 366 a
1022 333 1151 366 Tiberio
1177 332 1318 372 acceptis
1333 332 1358 372 ⁷,
1381 336 1415 364 tu

90 391 170 420 «tot
194 386 379 428 proeliorum
402 384 511 423 socia,
537 386 587 416 tot
612 383 753 424 praemiis
773 386 889 422 aucta,
915 381 1073 423 egregiam
1093 380 1167 412 duci
1193 379 1326 410 vestro²³
1349 389 1416 419 gra-

91 450 105 464 «
120 437 199 468 tiam
213 433 357 465 refertis!
373 432 460 463 bunc
475 440 534 471 ego
547 431 704 462 nuncium
721 431 803 472 patri
818 431 894 462 laeta
909 429 1018 462 omnia
1034 428 1107 460 aliis
1128 436 1146 460 e
1168 425 1344 467 provinciis
1363 435 1417 456 au-

90 481 218 514 a-dienti
238 480 361 512 feram?
380 479 485 519 ipsius
504 479 643 518 tirones,
658 478 759 519 ipsius
778 481 946 510 veteranos
966 485 1031 508 non
1047 474 1218 513 missione,
1236 482 1301 504 non
1318 480 1415 513 pecu-

88 530 173 561 «wnia
198 528 351 565 satiatos;
379 526 431 558 bic
448 529 573 557 tantum
592 525 730 557 interfici
749 525 975 564 centuriones,
998 522 1069 564 ejici
1096 521 1244 553 tribunos
1257 544 1266 560 ,
1290 516 1414 550 includi

86 589 101 604 ι
118 576 258 616 legatos3
273 574 390 605 insecta
406 573 562 613 sanguine
573 575 699 612 castra,
716 572 868 612 ssumina3
884 580 1000 612 meque
1016 569 1192 611 precariam
1206 567 1348 599 animam
1366 566 1412 597 in-

85 626 163 654 «ων
176 622 319 653 infensos
332 621 481 653 trabere?
499 633 515 648 n

125 674 233 702 XLIII.
261 682 275 696 «
291 673 354 701 Cur
370 669 456 700 enim
474 668 578 709 primo
592 667 756 699 concionis
772 667 823 698 die
846 667 965 698 ferrum
982 665 1063 697 illud
1074 689 1083 704 ,
1097 666 1183 706 quod
1200 663 1321 707 pectori
1339 671 1411 693 meo

85 731 101 746 «
118 718 250 757 infigere
270 716 422 757 parabam
435 740 444 756 ‚
471 716 660 747 detraxistis
674 738 683 754 ,
709 715 884 755 improvidi
903 715 1020 746 amici?
1042 714 1157 745 melius
1171 716 1201 744 et
1217 711 1382 744 aurantius
1399 709 1406 726 ¹

85 765 190 803 «ille,
209 764 264 805 qui
290 763 432 803 gladium
459 763 625 795 offerebat.
650 762 840 794 cecidissem
864 764 950 793 certe
975 761 1121 792 nondum
1143 761 1194 792 tot
1216 758 1411 798 flagitiorum

85 826 100 841 ι
118 811 274 845 exercitui
292 820 365 842 meo
385 811 552 849 conscius;
576 811 732 851 legissetis
759 810 874 841 ducem
888 834 896 848 ‚
915 808 971 848 qui
993 817 1098 839 meam
1123 808 1256 847 quidem
1274 804 1413 836 mortem

85 873 100 888 «
117 859 312 900 impunitam
325 858 464 897 sineret,
490 858 564 889 Vari
592 861 698 889 tamen
724 860 755 888 et
773 857 873 888 trium
889 855 1050 897 legionum
1068 855 1288 886 ulcisceretur.
1308 858 1412 890 neque

85 919 101 935 ι
115 907 202 939 enim
219 906 263 937 dii
284 906 391 937 sinant
405 908 441 936 ut
457 906 622 945 Belgarum
637 929 646 945 ,
671 912 869 945 quamquam
896 903 1105 935 offerentium
1118 924 1127 940 ,
1150 902 1250 933 decus
1272 898 1358 930 istud
1379 898 1412 928 et

84 967 101 983 ι
117 953 275 986 claritudo
288 953 344 991 sit,
362 952 553 984 subvenisse
566 957 710 984 Romano
724 950 860 989 nomini,
877 950 1106 990 compressisse
1119 947 1298 981 Germaniae
1311 953 1410 986 popu-

84 1014 100 1029 ι
116 1001 177 1032 los
198 1002 271 1039 tua,
288 1000 361 1031 dive
376 1002 537 1039 Auguste,
552 999 632 1031 eaelo
647 1001 775 1039 recepta
793 1006 902 1034 mens,
928 999 995 1034 tua,
1020 998 1111 1037 pater
1135 1001 1248 1034 Druse,
1263 996 1369 1033 imago
1383 990 1409 1030 ²,

84 1061 100 1076 οι
116 1048 164 1079 tui
182 1047 354 1085 memoria,
371 1047 485 1078 iisdem
502 1047 573 1077 istis
589 1055 662 1077 cum
677 1045 857 1083 militibus,
881 1053 963 1084 quos
978 1044 1046 1083 jam
1064 1044 1169 1084 pudor
1194 1045 1226 1074 et
1242 1040 1342 1081 gloria
1364 1039 1410 1069 in-

83 1105 99 1122 «
115 1097 192 1133 trat,
207 1095 317 1126 eluant
331 1095 412 1125 hanc
425 1094 583 1125 maculam
598 1093 609 1111 ³
628 1094 756 1133 irasque
769 1092 881 1124 civiles
894 1092 928 1123 in
948 1090 1083 1123 exitium
1105 1089 1255 1122 hostibus
1268 1086 1407 1119 vertant.

83 1156 99 1171 α
118 1146 183 1173 Vos
197 1149 337 1181 quoque,
351 1149 489 1179 quorum
503 1141 565 1172 alia
579 1149 667 1171 nunc
680 1149 747 1177 ora,
770 1139 831 1170 alia
845 1142 975 1179 pectora
990 1140 1145 1169 contueor
1160 1162 1169 1177 ‚
1188 1136 1214 1167 si
1228 1136 1349 1174 legatos
1362 1141 1409 1164 se·

85 1202 100 1217 ι
118 1188 207 1220 natui
219 1211 227 1225 ‚
241 1187 434 1227 obsequium
450 1186 648 1226 Imperatori,
671 1187 696 1217 si
721 1185 798 1215 milii
816 1185 982 1225 conjugem
1006 1186 1037 1215 et
1057 1184 1157 1215 silium
1176 1182 1327 1220 redditis,
1348 1180 1410 1211 dis-

85 1249 99 1264 «
116 1235 219 1267 cedite
232 1243 250 1265 a
266 1236 414 1264 contactu
438 1242 475 1264 ac
494 1232 630 1264 dividite
649 1232 658 1250 ⁴
680 1231 829 1263 turbidos
854 1241 862 1262 z
882 1231 915 1261 id
930 1231 1045 1262 stabile
1065 1231 1104 1262 ad
1120 1229 1359 1271 poenitentiam,
1374 1226 1406 1257 id

84 1295 99 1310 ι
115 1282 190 1313 fidei
206 1281 371 1312 vinculum
391 1281 462 1311 erit.
480 1292 495 1306 u

122 1332 227 1360 XLIV.
251 1328 417 1367 Supplices
430 1326 470 1357 ad
485 1326 553 1357 baec
571 1326 578 1343 ¹
597 1327 629 1356 et
647 1333 723 1356 vera
740 1324 927 1364 exprobrari
943 1324 1077 1355 fatentes
1093 1323 1249 1360 orabant,
1262 1321 1410 1362 puniret

80 1377 210 1415 noxios,
224 1376 411 1416 iynosceret
429 1374 536 1413 lapsis
549 1374 581 1404 et
595 1372 736 1404 duceret
750 1374 788 1403 in
803 1371 931 1402 hostem
939 1383 951 1410 ;
967 1373 1191 1402 revocaretur
1207 1370 1345 1408 conjux,
1362 1375 1409 1399 re-

81 1422 170 1454 diret
189 1422 359 1462 leqz'onum
376 1421 541 1452 alumnus
556 1427 639 1450 neve
652 1419 744 1450 obses
768 1418 880 1449 Gallis
898 1417 1113 1449 traderetur.
1133 1416 1273 1447 reditum
1291 1415 1408 1455 Agrip—

80 1470 165 1510 pinae
177 1469 346 1500 excusavit
360 1467 371 1485 ²
389 1467 430 1499 ob
445 1467 669 1498 imminentem
686 1467 815 1506 partum
830 1468 862 1496 et
882 1465 1038 1503 liiemem3
1055 1466 1244 1495 venturum
1261 1462 1383 1503 filium
1396 1474 1408 1500 ‚-

80 1519 195 1550 cetera
210 1516 222 1534 ³
238 1517 302 1556 ipsi
316 1517 600 1555 exsequerentur.
616 1513 812 1544 Discurrunt
829 1512 946 1543 mutati
960 1514 991 1543 et
1002 1511 1285 1543 seditiosissimum
1303 1517 1408 1549 quem·

80 1572 143 1604 que
158 1564 283 1594 vinctos
302 1563 435 1594 trabunt
449 1561 486 1592 ad
506 1561 644 1600 legatum
664 1560 797 1600 legionis
816 1560 928 1599 primae
943 1559 952 1577 ⁴
974 1563 1008 1591 C.
1025 1558 1232 1596 Cetronium‚
1247 1557 1302 1597 qui
1324 1556 1408 1597 judi-

80 1612 166 1642 cium
184 1614 216 1642 et
228 1619 339 1650 poenas
351 1610 391 1640 de
405 1608 540 1648 singulis
554 1608 586 1638 in
602 1608 689 1638 hunc
705 1607 840 1638 modum
853 1606 1008 1638 exercuit.
1024 1606 1153 1637 stabant
1174 1614 1232 1646 pro
1253 1604 1408 1635 concione

81 1658 223 1697 legiones
241 1657 405 1688 destrictis
423 1656 554 1696 gladiis;
573 1664 647 1686 reus
661 1655 694 1686 in
723 1657 875 1694 suggestu
893 1662 947 1694 per
963 1653 1131 1684 tribunum
1157 1651 1407 1689 ostendebatur;

80 1706 106 1738 si
143 1707 320 1736 nocentem
355 1704 611 1735 acclamaverant
626 1726 634 1741 ,
674 1711 815 1742 praeceps
856 1701 953 1733 datus
994 1700 1226 1731 trucidabatur.
1256 1700 1292 1730 et
1331 1707 1407 1738 gau-

79 1753 176 1784 debat
201 1751 345 1783 caedibus
369 1751 473 1788 miles,
495 1753 659 1790 tamquam
680 1752 782 1780 semet
808 1749 988 1780 absolveret
1012 1757 1020 1779 :
1051 1756 1110 1779 nec
1133 1751 1237 1779 Caesar
1261 1745 1409 1782 arcebat,

79 1800 210 1839 quando
240 1799 328 1829 nullo
354 1798 454 1838 ipsius
473 1797 567 1836 ,iussu
590 1805 687 1837 penes
711 1796 845 1828 eosdem
872 1795 998 1827 saevitia
1022 1795 1095 1826 sacti
1124 1796 1156 1826 et
1182 1793 1304 1825 invidia
1327 1795 1406 1824 erat.

80 1846 181 1877 secuti
199 1845 384 1884 exemplum
404 1844 547 1875 veterani
565 1843 650 1874 baud
668 1843 772 1875 multo
795 1845 869 1884 post
890 1842 924 1874 in
946 1842 1080 1874 Raetiam
1098 1841 1285 1878 mittuntur,
1304 1840 1410 1880 specie

80 1891 290 1924 defendendae
310 1890 486 1931 provinciae
514 1890 556 1921 ob
582 1889 786 1922 imminentes
805 1894 944 1929 Suevos,
971 1892 1114 1921 ceterum
1139 1891 1176 1919 ut
1196 1887 1409 1919 avellerentur

80 1940 194 1971 castris
206 1961 215 1977 ‚
239 1938 384 1969 trucibus
404 1936 510 1968 adhuc
530 1946 594 1967 non
610 1936 718 1969 minus
733 1937 906 1977 asperitate
921 1935 1052 1968 remedii
1069 1944 1167 1975 quam
1193 1935 1318 1966 sceleris
1340 1942 1409 1965 me-

80 1986 192 2017 moria.
212 1983 503 2017 centurionatum⁵
529 1983 606 2015 inde
628 1984 706 2024 egit.
731 1983 851 2015 citatus
874 1982 915 2015 ab
944 1983 1138 2023 imperatore
1166 1990 1297 2020 nomen,
1326 1981 1422 2013 ordi·-

79 2092 162 2116 nabat
176 2091 233 2115 sere
248 2096 280 2114 ac
298 2090 319 2113 si
334 2089 414 2113 bodie
431 2089 484 2113 dux
505 2089 655 2113 exercitum
669 2087 856 2117 alloqueretur
872 2086 1043 2117 bourqeois:
1057 2091 1119 2110 nam
1133 2085 1275 2115 Quiritium
1289 2085 1410 2115 appella-

80 2128 154 2153 tione
167 2127 194 2150 in
204 2126 277 2150 Urbe
290 2127 316 2149 et
329 2131 397 2153 pace
414 2126 537 2149 oratores
553 2124 586 2148 ad
600 2124 728 2154 populum
740 2123 892 2147 utebantur.
901 2127 962 2146 -ε,
975 2123 1027 2155 Me,
1037 2122 1157 2146 nondum
1171 2121 1300 2150 aequalem
1314 2120 1409 2145 caesarl

80 2164 108 2187 et
119 2163 248 2191 Augusto.
260 2173 288 2178 -
307 2166 328 2184 ⁷.
343 2161 500 2190 conscripta
521 2160 636 2184 tortasse
656 2161 722 2188 tum,
736 2165 818 2188 quum
832 2159 895 2188 post
905 2158 1046 2181 Varianam
1066 2157 1170 2181 cladem
1184 2156 1307 2181 Tiberius
1325 2155 1359 2180 ad
1370 2161 1411 2180 re-

81 2197 256 2223 staurandum
270 2195 460 2219 exercitumwin
474 2196 644 2219 Germaniam
665 2195 875 2218 minei-etun„
887 2198 910 2217 a.
922 2193 1040 2217 Tiberim

109 2233 200 2256 XLIII.
219 2237 240 2255 ι.
253 2231 317 2256 Seii.
335 2232 397 2261 egit.
411 2244 438 2247 —
454 2235 476 2254 2.
490 2231 614 2254 Fortasse
634 2231 706 2263 inter
727 2230 802 2258 signa
823 2228 960 2258 legionum
971 2246 977 2257 ,
992 2229 1023 2253 ut
1041 2229 1139 2258 postea
1155 2228 1245 2252 Seiani
1264 2228 1362 2257 imago.
1381 2237 1411 2243 —-·

81 2272 103 2291 ι.
115 2267 258 2291 seditionis
275 2268 303 2290 et
312 2267 393 2290 caedis
406 2267 504 2290 ducum
517 2271 636 2290 suorum.
650 2277 680 2283 —-
691 2270 714 2289 ⁴.
727 2265 866 2289 secernite
879 2263 998 2288 avvobis.

110 2302 201 2327 xuv-
214 2308 236 2326 ι.
253 2303 272 2326 1.
283 2308 309 2331 q.
321 2302 361 2325 liis
371 2302 477 2325 auditis-
486 2306 535 2325 —4-
548 2302 632 2325 Causa
643 2301 764 2330 exposita
778 2300 999 2330 repudiavit-s.
1012 2297 1113 2329 Quibus
1123 2298 1271 2322 emeretur
1282 2295 1409 2321 macula.

81 2348 110 2355 ——
123 2343 145 2361 ⁴-
156 2337 410 2367 Legatileyionum
423 2343 438 2360 a
451 2336 524 2360 ¹Iulio
533 2336 776 2361 Caesareinstituti.
792 2335 910 2359 Retinuit
918 2341 966 2358 eos
978 2335 1122 2364 Augustus,
1138 2334 1265 2358 universo
1279 2328 1410 2356 exercitui

80 2372 229 2402 praeficiens
248 2373 354 2402 leontos
370 2372 553 2398 consulares,
567 2371 680 2401 singulis
695 2370 845 2397 legionibus
864 2370 970 2400 leqacos
989 2369 1152 2398 praetorios.
1171 2382 1199 2385 —
1219 2374 1240 2392 s.
1259 2367 1409 2391 Recensum
