1539 2668
629 152 846 181 GERMANIA.
1348 155 1406 184 455

78 228 147 260 tem
161 226 189 268 ²,
211 235 311 268 seque
328 227 399 258 tum
416 225 547 257 demum
571 225 674 265 pretia
699 224 855 256 nascendi
871 223 1023 255 retulisse
1044 224 1224 265 dignosque
1247 227 1349 265 patria
1370 235 1407 258 ae

79 274 268 315 parentibus
280 274 399 305 serunt.
408 272 533 313 ignavis
546 274 579 304 et
593 271 778 303 imbellibus
791 273 901 302 manet
912 271 1052 311 squalor.
1069 272 1263 303 fortissimus
1270 272 1409 313 quisque

80 322 218 353 ferreum
231 322 362 361 insuper
372 320 523 358 anulum,
542 319 796 359 ignominiosum
813 319 844 349 id
864 319 964 358 genti,
996 319 1086 350 velut
1112 319 1280 350 vinculum
1292 322 1410 360 gestat,-

78 368 184 400 donec
207 377 241 400 se
262 368 351 399 crede
374 367 474 398 hostis
493 366 652 398 absolvat.
675 367 821 406 plurimis
839 367 1028 397 Chattorum
1050 366 1103 397 hic
1123 367 1227 406 placet
1258 367 1407 409 habitus,

76 418 208 456 jamque
231 417 349 447 canent
366 415 507 454 insignes
524 417 556 446 et
582 414 730 446 hostibus
755 414 851 445 simul
876 413 1010 453 suisque
1033 413 1241 445 monsti·ati³.
1264 416 1408 445 omnium

80 472 177 504 penes
195 463 253 495 hos
277 463 369 494 initia
389 472 570 503 pugnarum
586 487 594 501 ‚
613 462 683 493 haec
711 463 813 502 prima
839 470 968 501 semper
985 461 1070 492 acies
1083 485 1092 501 ‚
1119 461 1191 493 visu
1217 471 1314 492 nova.
1333 472 1408 494 nam

79 519 120 541 ne
140 511 172 542 in
192 518 271 551 pace
284 510 416 550 quidem
431 510 525 541 vultu
542 510 672 541 mitiore
687 511 928 540 mansuescunt.
953 508 1034 539 nulli
1051 508 1170 540 domus
1187 512 1245 540 aut
1262 518 1337 549 ager
1353 512 1409 541 aut

80 558 189 598 aliqua
205 567 303 597 cura3
322 559 420 598 prout
435 558 474 588 ad
489 566 655 597 quemque
671 565 806 595 venere,
822 557 967 595 aluntur,
984 556 1110 595 prodigi
1128 556 1243 594 alieni,
1263 559 1408 588 contem-

82 608 190 639 ptores
203 606 269 644 sui;
285 605 390 636 donec
403 605 574 644 exsanguis
587 606 736 635 senectus
750 607 815 635 tani
832 603 923 634 durae
937 604 1051 634 virtuti
1067 604 1204 643 impares
1219 604 1326 635 saciat.

121 656 243 684 XXXII.
264 652 405 684 Proximi
420 653 546 683 Chattis
562 654 688 683 certum
705 651 771 690 jain
797 652 907 682 alveo¹
932 651 1081 682 Rhenum
1093 676 1101 690 ‚
1116 651 1236 691 quique
1252 652 1411 683 terminus

80 708 149 731 esse
167 700 326 738 sufficiat,
344 699 447 739 Usipii
463 699 474 716 ²
498 708 535 730 ac
558 699 707 730 Tencteri
733 699 854 729 colunt.
879 698 1051 736 Tencteri,
1074 707 1170 738 super
1187 698 1319 729 solitum
1341 698 1409 730 bel-

80 746 186 777 lorum
211 747 332 786 decus,
360 747 521 786 equestris
549 746 732 786 disciplinse
761 749 829 777 arte
855 745 1093 787 praecellunt³3
1122 754 1182 776 nec
1200 745 1302 785 major
1324 746 1408 787 apud

81 793 212 825 Chattos
229 794 378 834 peditum
401 795 469 825 laus
489 802 587 834 quam
612 793 779 825 Tencteris
801 794 965 833 equitnm.
993 792 1040 823 sic
1062 792 1234 824 instituere
1255 795 1407 834 maj0res,

80 841 201 881 posteri
215 841 398 872 imitantur.
416 841 448 872 hi
464 841 556 872 lusus
572 841 745 872 infantium
761 865 769 879 ‚
790 841 862 871 baec
879 841 1037 879 juvenum
1057 839 1240 879 a=1nulati03
1257 849 1409 880 perseve-

78 889 153 920 rant
163 897 266 919 senes.
284 888 370 919 inter
382 888 536 919 familiam
552 889 584 919 et
598 890 728 928 penates
742 890 773 918 et
783 887 857 927 jura
870 886 1115 918 successionum
1128 886 1201 926 equi
1214 888 1407 919 traduntur:

78 935 202 975 excipit
212 935 298 966 iilius
312 945 376 966 non
389 937 425 966 ut
441 939 546 966 cetera
562 935 726 966 maximus
741 938 832 972 natu,
849 934 905 965 sed
921 935 1019 973 prout
1034 934 1125 965 ferox
1139 933 1224 964 bello
1237 938 1269 965 et
1282 935 1407 966 melior.

118 984 258 1014 XXXIII.
281 984 377 1014 Juxta
395 984 572 1014 Tencteros
589 982 732 1013 Bructeri
757 982 835 1012 olim
853 981 1096 1020 occurrebant;
1118 990 1205 1012 nune
1231 982 1411 1015 Chamavos

78 1032 111 1062 et
127 1030 336 1070 Angrivarios
358 1030 561 1069 immigrasse
581 1031 731 1061 narratur
745 1029 769 1067 ¹,
788 1028 888 1069 pulsis
905 1029 1070 1059 Bructeris
1088 1037 1125 1058 ac
1145 1028 1274 1068 penitus
1291 1029 1410 1061 excisis

77 1076 261 1108 vicinarum
278 1085 439 1108 consensu
458 1078 639 1115 nationum,
656 1085 714 1107 sen
730 1075 894 1116 super-him
910 1075 1000 1114 odio,
1019 1084 1077 1106 seu
1091 1075 1212 1115 praedm
1226 1076 1409 1117 dulcedine,

79 1132 136 1154 seu
157 1124 268 1155 favore
284 1124 426 1164 quodam
443 1133 518 1162 erga
540 1133 598 1155 nos
619 1124 767 1154 deorum.
794 1132 867 1153 nam
891 1132 930 1153 ne
950 1123 1135 1163 spectaculo
1159 1123 1288 1162 quidem
1306 1124 1410 1164 proelii

79 1170 225 1202 invidere
241 1180 248 1200 τ
265 1180 363 1212 super
379 1171 549 1210 sexaginta
564 1171 666 1202 millia
684 1180 749 1201 non
770 1172 869 1202 armis
884 1171 1023 1209 telisque
1038 1170 1194 1201 Romanis
1205 1195 1212 1208 ‚
1229 1171 1306 1207 sed,
1321 1172 1407 1212 quod

78 1218 340 1257 magnificentius
361 1220 433 1257 est,
457 1218 665 1249 oblectationi
684 1219 850 1258 oculisque
877 1216 1075 1248 ceciderunt.
1103 1221 1249 1257 Maneat,
1272 1227 1408 1259 quaeso,

78 1266 239 1304 duretque
254 1265 406 1304 gentibus
421 1290 429 1303 ‚
448 1265 473 1295 si
492 1275 554 1296 non
572 1274 662 1296 amor
681 1265 780 1296 nostri
797 1290 804 1304 ‚
827 1267 860 1296 at
883 1265 969 1295 certe
983 1263 1096 1295 odium
1115 1264 1164 1295 sui
1177 1264 1188 1281 ²
1203 1274 1210 1294 ε
1228 1265 1357 1304 qnando
1375 1266 1408 1297 in

78 1311 268 1351 urgentibus
285 1312 410 1352 imperii
429 1313 502 1343 satis
520 1313 600 1344 nihil
620 1312 686 1349 jam
706 1316 858 1353 praeslare
881 1312 1012 1342 fortuna
1034 1312 1138 1351 majus
1159 1314 1283 1352 potest,
1309 1321 1408 1353 quam

78 1358 220 1389 bostium
238 1358 447 1390 discordiam.

117 1409 251 1436 XXXIV.
271 1406 476 1446 Angrivarios
500 1408 531 1437 et
555 1407 736 1437 Chamavos
753 1416 770 1437 a
795 1408 884 1446 tergo
909 1405 1073 1445 Dnlgibini
1096 1407 1128 1436 et
1152 1407 1318 1438 Chasuarii
1338 1408 1407 1439 clu-

76 1451 178 1490 dunt,
202 1453 340 1493 aliaeque
364 1455 476 1493 gentes
498 1454 584 1484 band
602 1454 736 1493 perinde
753 1455 941 1484 memoratae
957 1454 980 1482 ¹.
1005 1456 1030 1483 Α
1053 1454 1158 1484 fronte
1173 1453 1183 1470 ²
1203 1454 1295 1485 Frisii
1321 1456 1406 1487 exci—

75 1500 181 1539 piunt.
203 1500 380 1539 majoribus
399 1501 648 1540 minoribusque
669 1500 781 1531 Frisiis
802 1501 996 1532 vocabulum
1018 1502 1068 1531 est
1091 1509 1129 1531 ex
1155 1501 1252 1532 modo
1273 1502 1403 1533 virium.

73 1548 224 1586 utraeque
251 1547 528 1588 nationesusque
555 1548 594 1579 ad
613 1552 777 1579 Oceanum
802 1548 916 1579 Rheno
934 1549 1166 1587 proetexnntur
1191 1549 1406 1589 ambiuntque

74 1594 251 1625 immensos
265 1603 362 1635 super
375 1595 464 1626 lacus
476 1595 487 1613 ³
502 1599 533 1627 et
550 1596 705 1627 Romanis
723 1595 879 1627 classibus
893 1596 1073 1635 navigatos.
1090 1596 1198 1636 ipsum
1212 1597 1290 1636 quin
1308 1597 1405 1630 etiam

75 1645 238 1673 Oceanum
262 1641 337 1672 illa⁴
358 1643 571 1673 tentavimus.
595 1644 632 1674 Et
652 1650 823 1682 superesse
847 1642 953 1674 adhuc
974 1643 1120 1676 Herculis
1137 1643 1305 1674 columnas
1322 1644 1405 1675 sama

73 1688 220 1727 vulgavit
237 1701 243 1718 2
267 1688 336 1719 sive
353 1689 433 1720 adiit
454 1690 625 1729 Hercules,
640 1699 716 1729 seu,
737 1690 893 1730 quiequid
911 1690 1035 1730 ubique
1056 1690 1268 1730 magnificum
1286 1692 1355 1730 est,
1372 1692 1404 1722 in

73 1735 254 1765 claritatem
271 1736 340 1774 ejus
357 1736 474 1766 referre
488 1739 727 1768 consensimus.
747 1745 806 1767 nec
823 1737 929 1768 defuit
946 1737 1104 1769 audentia
1120 1738 1130 1755 ⁵
1150 1743 1255 1769 Druso
1273 1742 1403 1770 Germa-

74 1782 163 1819 nico,
188 1781 243 1812 sed
271 1782 398 1814 obstitit
422 1787 570 1815 Oceanus
588 1784 670 1814 inse
687 1783 900 1823 simulatque
924 1783 957 1814 in
981 1786 1153 1816 Herculem
1177 1785 1307 1825 inquiri.
1328 1794 1401 1816 mox

72 1837 168 1859 nemo
184 1829 335 1868 tentavit,
351 1831 561 1871 sanctiusque
577 1839 614 1861 ac
629 1831 832 1862 reverentius
846 1833 955 1862 visum
973 1831 1012 1863 de
1028 1833 1109 1863 actis
1122 1832 1258 1863 deorum
1274 1832 1404 1864 credere

72 1883 172 1915 quam
189 1884 284 1907 scire.

72 1972 184 1996 aliorum
195 1977 268 1996 usus.
279 1972 377 1998 Vertit
387 1973 543 2003 intransive,
554 1975 585 1998 ut
599 1973 664 1998 alibi
676 1978 809 2004 saepe—2.
821 1974 918 1998 Tonsis
928 1974 1048 1998 crinibus
1060 1975 1089 1999 et
1098 1974 1248 1999 barba-5.
1260 1975 1401 2005 Tanquam

71 2007 233 2036 exemplaria
249 2008 364 2031 virtutis.

100 2043 208 2068 xxxu.
224 2049 242 2067 ι.
258 2044 314 2067 Non
328 2043 441 2073 amplius
456 2049 551 2073 vagum
567 2045 594 2068 et
607 2043 734 2068 diffusum
744 2063 750 2074 ,
762 2045 849 2074 qualis
863 2046 904 2068 est
915 2045 986 2068 inter
998 2045 1080 2069 urbes
1094 2045 1231 2069 Breistzclz
1243 2047 1271 2069 et
1282 2046 1399 2075 Binyen.

45 2076 47 2080 ’
69 2090 100 2096 -
120 2083 142 2102 2.
162 2079 272 2102 Rectius
299 2078 386 2108 Usipi.
411 2079 510 2102 Caesari
533 2080 561 2104 et
580 2081 690 2104 Annal.
706 2080 729 2109 1,
759 2085 802 2109 tu,
827 2081 891 2104 sunt
909 2080 1041 2109 Usipetes.
1062 2092 1093 2097 —
1111 2086 1133 2104 5.
1159 2081 1234 2105 Cont.
1257 2081 1395 2107 caesarem.

73 2114 113 2141 IV,
127 2118 152 2136 «ι.
1300 2118 1303 2119 ’

99 2148 221 2172 xxxin.
236 2153 256 2171 ι.
273 2149 355 2172 Recte
369 2148 437 2172 dixit
447 2151 595 2174 narratur
608 2157 617 2173 :
632 2156 694 2174 nam
705 2151 755 2174 sub
772 2151 829 2180 ipso
842 2151 958 2179 Trajano
973 2151 1097 2176 Bructeri
1111 2153 1298 2175 memorantur
1311 2154 1342 2177 ut
1350 2158 1399 2182 po-

70 2182 149 2212 putus
164 2189 255 2212 regem
275 2184 425 2213 accipiens,
437 2184 522 2208 Plinio
539 2185 627 2214 Epist.
645 2185 667 2209 1·1
680 2203 685 2213 ,
707 2191 728 2214 ⁷,
745 2187 773 2209 et
796 2186 992 2215 posterioribus
1005 2187 1069 2211 item
1085 2186 1263 2216 temporibus.
1278 2199 1308 2204 —
1319 2191 1341 2211 2.
1356 2188 1397 2212 Si-

70 2217 170 2242 militer
189 2218 340 2246 Quadratus
352 2220 461 2243 Amzal.
476 2221 533 2246 XII.
548 2225 584 2244 ⁴8,
599 2221 699 2244 Confer
712 2221 781 2244 infra
798 2227 821 2244 e.
836 2226 873 2245 57.

99 2253 217 2276 xxxw.
233 2258 253 2276 ι.
267 2254 397 2278 Videntur
416 2261 474 2279 esse
486 2256 624 2279 Tubantes
644 2257 671 2279 et
688 2257 864 2285 Ampsivarii,
880 2258 1023 2281 memorati
1035 2257 1143 2282 Annal-
1159 2257 1179 2285 l,
1193 2262 1218 2281 51
1234 2264 1240 2285 ;
1254 2257 1315 2281 xm
1326 2276 1332 2286 ,
1349 2264 1394 2285 35.

69 2293 136 2312 se.—
147 2292 170 2310 2.
180 2288 221 2311 Sc.
236 2287 356 2312 Rhenum
367 2295 506 2313 versus.—
516 2297 537 2314 5.
551 2291 630 2314 Nunc
648 2291 779 2315 collectos
792 2292 818 2314 in
835 2292 1000 2321 Zuyderze‘e
1011 2300 1020 2315 .·
1033 2293 1066 2316 de
1079 2292 1177 2321 quibus
1190 2293 1297 2317 Annal.
1312 2294 1336 2321 I,
1349 2298 1395 2320 eo:

69 2324 103 2351 n.
114 2328 142 2350 ιη
157 2322 208 2350 XI,
225 2328 264 2351 18,
277 2324 351 2348 Hist.
366 2325 397 2354 V,
410 2330 450 2349 25.
463 2331 524 2350 —4.
536 2326 614 2355 Illac,
634 2326 686 2353 ibi.
702 2329 730 2350 ut
742 2327 814 2351 Hist.
834 2328 860 2355 V,
879 2333 912 2351 ιε.
930 2329 1043 2355 DrusuS,
1057 2328 1194 2355 Tiberius,
1217 2329 1393 2352 Germanicus

69 2358 206 2381 Oceanum
220 2357 334 2383 navibus
346 2360 459 2389 ingressi
471 2363 610 2386 eram-5.
623 2362 666 2386 Sc.
679 2361 751 2385 hanc
765 2368 821 2386 rein
836 2362 994 2392 inquirendi,
1009 2363 1079 2393 quod
1092 2365 1153 2392 post
1164 2368 1225 2387 cum
1238 2368 1319 2388 nemo
1331 2364 1391 2388 ten·

71 2393 151 2416 ται-ιι.
