1539 2668
514 192 550 218 A.
576 190 613 219 U.
639 188 676 218 C.
703 189 774 218 823.
799 190 835 218 A.
860 189 896 217 C.
921 188 973 218 70.
1347 188 1410 218 393

76 269 259 308 sperarent
272 264 436 305 sedesque
453 272 532 294 suas
547 264 678 303 pietate
695 262 876 293 hominum
891 262 1070 293 inchoatas
1087 262 1205 293 divina
1223 271 1284 303 ope
1305 264 1410 296 attol-

76 315 209 353 lerent,
235 314 334 344 vittas
355 313 429 351 quis
454 311 570 349 ligatus
591 309 673 349 lapis
696 309 873 349 innexique
897 310 990 340 funes
1013 312 1123 348 erant,
1141 311 1286 349 contigit.
1310 310 1408 342 simul

75 361 171 393 ceteri
190 361 396 400 magistratus
412 360 444 389 et
460 356 644 388 sacerdotes
663 358 695 387 et
711 359 841 387 senatus
855 359 887 387 et
901 359 1004 396 Eques
1021 359 1053 387 et
1066 365 1182 397 magna
1197 367 1268 397 ptus
1284 358 1406 398 populi,

73 409 183 439 studio
203 407 381 447 laetitiaque
397 405 550 443 connixi,
568 412 682 434 saxum
701 404 811 441 ingens
829 406 967 435 traxere.
988 404 1174 444 passimque
1192 405 1317 444 inJectae
1336 405 1408 437 fun·

73 455 233 486 ‹lamentis
248 453 370 492 argenti
389 452 523 491 aurique
539 451 638 490 stipes
652 453 683 481 et
702 451 905 481 metallorum
919 450 1089 490 primitiae,
1107 452 1205 482 nullis
1223 452 1408 484 fornacibus

73 502 169 533 victae
183 502 210 541 ⁸,
234 501 288 532 sed
315 501 350 531 ut
380 500 566 539 gignuntur.
592 497 770 537 praedixere
793 498 1002 538 haruspices,
1026 507 1066 529 ne
1088 499 1303 530 temeraretur
1328 508 1409 539 opus

71 558 148 579 saxo
164 557 284 579 aurove
299 548 331 577 in
347 547 435 577 aliud
454 546 631 577 destinato.
648 545 788 576 altitudo
806 545 931 576 aedibus
949 544 1110 584 adjecta-⁹.
1129 545 1161 576 id
1177 547 1282 578 solum
1296 546 1409 587 religio

72 603 215 626 annuere
229 595 256 612 ¹⁰
276 598 308 625 et
325 594 440 634 prioris
460 593 569 633 templi
587 593 836 631 magnificentia}
854 592 995 624 defuisse
1013 592 1183 624 creditum.

113 645 190 673 LIV.
212 642 328 673 Audita
342 642 468 672 1111011111
484 650 539 681 per
557 640 673 671 Gallias
686 640 938 680 Germaniasque
953 649 1039 670 mors
1054 640 1170 671 Vitellii
1185 641 1410 681 duplicaverat

71 688 202 720 bellum.
220 698 295 719 nam
313 688 427 720 Civilis
447 689 564 719 omissa
581 687 841 718 dissimulatione
859 687 891 717 in
910 688 1064 726 populum
1086 691 1270 719 Romanum
1295 699 1408 727 ruere,

71 736 252 767 Vitellianae
267 736 408 775 legiones
428 736 478 766 vel
499 737 672 766 externum
689 734 859 765 servitium
878 743 975 774 quam
995 735 1221 774 imperatorem
1240 736 1406 776 vespasia-

71 792 150 814 num
165 783 272 814 malle.
289 783 368 813 Galli
383 783 584 813 sustulerant
599 782 723 813 animos
735 805 742 819 ‚
758 781 893 812 eandem
916 781 1034 821 ubique
1055 782 1261 814 exercituum
1283 785 1407 815 nostro-

71 840 142 861 rum
167 831 333 861 sortunam
361 830 442 867 rati,
468 830 601 869 vulgato
626 838 754 859 rumore
772 837 794 859 a
818 830 994 859 Sarmatis
1012 831 1183 869 Dacisque
1203 833 1340 862 ,tloese'ca
1366 840 1408 863 ac

69 879 273 909 Pannonica
289 876 434 908 hiberna
450 876 688 908 circumsideri
705 877 726 906 ¹.
749 876 840 916 paria
866 875 906 905 de
930 875 1093 906 Britannia
1111 878 1325 915 tingebantur.
1350 879 1406 910 sed

69 924 148 955 nihil
164 932 257 963 aeque
274 932 370 963 quam
388 923 573 954 incendium
588 923 758 963 Capitolii,
773 923 810 953 ut
828 923 924 952 11110111
939 922 1076 961 1111110110
1091 922 1200 955 adesse
1215 926 1408 966 crederent,

71 970 256 1010 impulerat.
278 984 293 997 «ι
315 973 442 1011 captam
466 970 543 1001 olim
564 979 582 1001 a
607 969 704 1002 Gallis
726 969 865 1007 Urbem;
888 969 943 999 sed
967 969 1090 1007 integra
1112 971 1199 1002 Jovis
1223 974 1299 1004 sede
1320 982 1409 1004 man-

72 1030 87 1045 «
104 1018 185 1049 sisse
199 1018 383 1058 imperium.
404 1018 491 1049 fatali
507 1026 594 1048 nunc
612 1018 684 1057 igne
701 1016 828 1055 signum
847 1016 986 1048 eoelestis
1003 1016 1059 1047 irae
1081 1017 1192 1049 datum
1204 1042 1212 1056 ‚
1232 1022 1265 1051 et
1285 1029 1408 1060 posses-

73 1075 88 1090 «
105 1064 229 1096 sionem
251 1074 357 1096 rerum
381 1065 595 1096 humanarum
616 1063 835 1103 Transalpinis
854 1063 1002 1103 gentibus
1028 1065 1226 1104 portendi»,
1250 1068 1407 1107 supersti-

71 1112 158 1143 tione
174 1121 254 1142 vana
267 1112 401 1142 Druidae
412 1111 422 1129 ²
438 1111 607 1143 canebant.
635 1111 876 1150 incesseratque
896 1111 979 1140 i'zuna
1006 1110 1161 1150 primores
1178 1114 1349 1146 Galliarum
1366 1114 1409 1146 ab

73 1159 199 1190 Othone
214 1158 371 1190 adversus
386 1159 553 1190 Vitellium
568 1158 701 1195 missos,
727 1159 900 1196 antequam
922 1157 1175 1197 digrederentur,
1192 1161 1353 1200 pepigisse
1367 1171 1409 1194 ne

72 1206 224 1237 deessent
240 1206 395 1237 libertati
410 1230 418 1244 ‚
440 1208 467 1236 si
482 1205 657 1246 populum
675 1207 866 1236 Romanum
885 1206 1047 1235 continua
1066 1204 1237 1239 bellorum
1253 1209 1409 1241 civilium

71 1254 173 1283 series
196 1254 229 1283 et
247 1255 385 1283 interna
409 1253 509 1285 mala
524 1252 727 1291 sreqz'sscnt.

113 1302 175 1330 LV.
202 1301 283 1330 Ante
297 1300 403 1330 Flacci
423 1299 599 1331 Hordeonii
617 1299 741 1330 effidem
760 1299 765 1316 ¹
786 1298 863 1329 nihil
880 1297 1028 1338 prorupit
1041 1307 1107 1337 quo
1121 1301 1300 1340 conjuratio
1315 1303 1409 1337 intel·

72 1345 238 1384 ligeretur.
266 1346 441 1378 interfecto
467 1346 652 1378 Hordeonio
672 1354 896 1377 commeavere
917 1345 1021 1375 nuntii
1046 1345 1130 1376 iuter
1145 1347 1279 1381 Civilem
1297 1351 1408 1384 Classi-

70 1401 211 1432 cumque
225 1393 417 1433 prscfectum
432 1394 492 1425 alae
507 1398 722 1425 Treverorum
733 1393 758 1425 ².
775 1393 935 1425 Classicus
949 1392 1116 1424 nobilitate
1133 1395 1314 1437 opibusque
1332 1401 1407 1432 ante

71 1440 161 1472 alios.
183 1441 305 1480 regium
322 1441 367 1472 1111
381 1450 483 1480 genus
498 1444 530 1473 et
546 1450 625 1482 pace
642 1441 794 1482 belloque
811 1442 897 1472 clara
912 1440 1012 1478 origo,
1034 1439 1101 1479 ipse
1115 1450 1132 1471 e
1150 1443 1326 1481 majoribus
1341 1449 1407 1480 suis

71 1487 170 1519 hostis
186 1488 295 1527 populi
309 1489 446 1519 Romani
469 1498 565 1528 quam
586 1489 694 1520 socius
710 1489 853 1529 jactabat
866 1487 890 1520 ³.
914 1488 1072 1519 miscuere
1090 1496 1160 1519 sese
1179 1490 1282 1522 Julius
1305 1497 1407 1526 Tutor

69 1535 101 1565 et
117 1535 220 1565 Julius
233 1534 371 1566 sabinus
384 1560 392 1574 ,
411 1536 463 1566 hic
479 1536 603 1574 Trevir‚
620 1537 670 1567 hic
686 1537 694 1554 ⁴
714 1537 876 1576 Lingonus
888 1559 897 1574 ,
912 1537 1014 1566 Tutor
1030 1535 1108 1575 ripae
1126 1536 1227 1568 Rheni
1242 1547 1260 1568 a
1277 1540 1405 1575 Vitellio

70 1582 258 1621 prael'ectus3
273 1582 410 1614 Sabinus
421 1607 429 1621 ‚
445 1592 540 1624 super
553 1584 685 1615 insitam
702 1585 880 1615 vanitatem
894 1607 902 1621 ‚
919 1583 1006 1613 falsze
1020 1583 1129 1623 stirpis
1143 1584 1241 1623 gloria
1258 1587 1406 1621 incende-

71 1628 165 1660 batur
187 1632 399 1670 :proaviam
416 1639 519 1662 suam
538 1631 616 1663 divo
634 1631 730 1663 Julio
748 1641 815 1672 per
840 1631 972 1662 Gallias
995 1629 1141 1661 bellanti
1166 1641 1305 1673 corpore
1322 1637 1403 1675 pla·

70 1677 189 1707 cuisse.
213 1676 245 1707 hi
265 1678 396 1708 secretis
419 1679 624 1710 sermonibus
643 1679 769 1710 animos
785 1680 969 1710 ceterorum
989 1678 1138 1708 scrutari.
1164 1678 1219 1710 ubi
1239 1690 1320 1720 quos
1337 1682 1404 1714 ido-

72 1731 149 1753 neos
164 1723 328 1762 rebantur,
343 1725 544 1756 couscientia
557 1725 778 1765 obstrinxere,
796 1726 827 1757 in
842 1725 966 1757 colonia
981 1723 1204 1765 Agrippinensi
1222 1727 1253 1758 in
1271 1728 1405 1763 domum

71 1768 229 1808 privatam
255 1771 466 1802 conveniunt.
493 1781 568 1803 nam
593 1772 722 1812 publice
750 1773 868 1804 civitas
889 1771 1007 1803 talibus
1034 1772 1172 1812 inceptis
1196 1774 1402 1810 abhorrebat.

71 1816 214 1846 attamen
229 1815 403 1848 interfuere
418 1818 548 1857 quidam
562 1818 718 1850 Ubiorum
730 1823 1009 1858 Tungrorumque.
1021 1818 1077 1849 sed
1092 1819 1230 1858 plurima
1244 1822 1293 1852 vis
1308 1832 1404 1862 penes

71 1866 226 1894 Treveros
240 1872 276 1894 ac
291 1864 458 1903 Lingonas.
476 1874 536 1895 nec
549 1865 653 1896 tulere
668 1874 775 1896 moras
795 1865 1012 1896 consultandi.
1034 1865 1181 1896 certatim
1200 1869 1405 1906 proclamant

73 1922 87 1935 α
107 1910 212 1941 furere
225 1910 398 1942 discordiis
415 1912 571 1952 populum
586 1916 768 1943 Romanum
781 1936 790 1951 ‚
805 1921 904 1943 caesas
918 1911 1072 1950 legiones,
1089 1914 1247 1944 vastatam
1263 1917 1408 1959 Italiam,‚

72 1971 86 1981 ι
105 1957 178 1997 capi
193 1958 412 1989 cummaxime
425 1959 545 1990 Urbem
556 1983 564 1998 ‚
581 1968 695 1990 omnes
709 1960 871 1990 exercitus
885 1959 954 1990 suis
971 1967 1133 1999 quemque
1147 1959 1238 1991 bellis
1253 1962 1401 1997 detineri.

73 2016 88 2030 ι
106 2004 132 2035 31
156 2005 251 2044 Alpes
270 2005 431 2044 praesidiis
447 2006 628 2044 firmentur,
652 2006 769 2038 coalita
785 2006 934 2038 libertate
949 2007 1152 2047 dispecturus
1169 2008 1289 2041 Gallias
1304 2020 1404 2050 quem

71 2063 88 2078 σι
107 2051 230 2082 virium
247 2061 383 2084 suarum
400 2054 576 2085 terminum
593 2054 703 2086 velint.
721 2067 736 2081 ›-

112 2102 190 2130 LVI.
212 2103 287 2130 Haec
303 2099 390 2131 dicta
405 2101 526 2141 pariter
540 2101 753 2142 probataque.
770 2101 810 2132 de
825 2101 969 2141 reliquiis
983 2100 1143 2132 Vitelliani
1163 2104 1324 2136 exercitus
1343 2105 1403 2137 du·

71 2144 225 2178 bitavere.
242 2146 387 2188 plerique
402 2147 655 2189 interficiendos
669 2149 861 2188 censebant,
877 2148 1031 2180 turbidos
1043 2172 1052 2188 ‚
1071 2149 1210 2188 infidos,
1231 2155 1402 2191 sanquine

72 2226 140 2250 elixa
151 2231 204 2249 arae
216 2227 479 2257 superponebantur,
493 2231 512 2249 n·
526 2229 650 2253 Servtus.
662 2242 688 2246 ——
700 2235 722 2252 a.
738 2229 842 2260 Vin-tw,
856 2230 931 2259 quasi
947 2231 1080 2259 superatae
1098 2231 1256 2260 coquendo,
1274 2234 1401 2260 einoilitae

71 2261 100 2284 et.
115 2261 300 2286 format-effla.
315 2263 433 2287 Altior-es
445 2264 565 2293 pristinis
579 2264 790 2289 factae.—10.Sc.
806 2266 909 2289 credita
926 2267 981 2294 031;
999 2272 1028 2289 ex
1044 2267 1177 2295 sequenti.

103 2296 164 2319 Ltv.
179 2301 197 2319 t·
212 2297 256 2320 Est
268 2298 402 2322 Dacorum
419 2300 551 2323 tumultus
561 2306 574 2323 a
588 2301 712 2324 Muciano
729 2306 877 2330 repressus,
892 2307 973 2331 supra
989 2301 1034 2330 111,
1050 2307 1141 2325 arm—2.
1154 2302 1191 2325 Dc
1203 2303 1301 2332 quibus
1314 2304 1402 2329 (3113111-

72 2330 141 2354 Bell.
160 2331 233 2354 Call.
249 2332 287 2361 Vl,
304 2337 339 2361 ¹3,
355 2339 435 2363 supra
448 2336 557 2359 Annal.
573 2336 642 2361 le.
656 2342 691 2358 το.

103 2367 154 2389 LV.
170 2371 190 2389 1.
209 2367 246 2390 De
260 2373 311 2396 qua
333 2373 355 2391 c.
371 2374 472 2393 asu—2.
493 2371 671 2394 memoratum
687 2372 715 2395 ll.
734 2377 822 2394 w-s.
836 2372 927 2395 Gra-ca
941 2373 1092 2398 structura.
1109 2378 1169 2401 pro,
1187 2372 1290 2396 hostem
1302 2379 1331 2396 sc
1345 2380 1404 2397 csse

74 2407 154 2430 quam
168 2402 281 2425 socium.
296 2403 388 2427 Potius
401 2407 464 2428 ante
478 2412 563 2434 quam
578 2408 673 2436 saepius
688 2407 789 2431 omittit
802 2408 920 2431 'iat-ilus.
937 2420 962 2424 -
974 2412 996 2431 4.
1010 2408 1129 2431 Vividius
1148 2408 1201 2431 hoc
1220 2414 1299 2437 quam
1315 2407 1362 2432 hcc

81 2437 138 2460 ιἸιε.
158 2437 200 2460 stc
215 2437 294 2461 etium
310 2439 415 2463 Anum.
430 2440 497 2469 XIV,
511 2446 534 2464 11.

1224 2493 1277 2526 17.
