1539 2668
517 142 552 170 A.
577 143 616 170 U.
639 142 673 170 C.
700 142 770 170 800.
795 144 832 170 A.
857 143 891 171 C.
916 141 968 170 47.
1351 142 1407 171 151

82 217 194 249 luxum
208 217 313 256 adegit
334 215 469 248 Parthos
495 213 624 245 mittere
642 214 681 245 ad
704 214 885 255 Principem
904 216 1086 246 Romanum
1110 213 1255 246 occultas
1279 223 1412 257 preces,

81 266 156 305 quis
168 265 321 304 permitti
342 261 563 294 Meherdaten
573 263 733 301 patrium
758 261 804 293 ad
819 261 1009 302 fastiqium
1023 260 1170 293 orabant.

123 315 174 343 XI.
203 311 319 343 Iisdem
333 308 518 341 consulibus
534 308 601 340 ludi
618 308 791 340 saeculares
807 309 1074 350 octingentesimo
1090 311 1165 349 post
1187 312 1323 340 Romam
1340 317 1415 340 con-

80 357 201 398 ditam,
225 359 340 398 quarto
356 359 387 388 et
411 355 611 395 sexagesimo
639 364 736 395 quam
766 359 926 396 Augustus
952 356 1117 396 ediderat,
1140 356 1275 396 spectati
1290 357 1368 387 sunt
1388 355 1412 387 ¹.

80 405 251 446 utriusque
272 404 429 443 Principis
460 404 599 434 rationes
630 404 843 442 praetermitto
857 428 865 444 ,
899 404 976 436 satis
998 404 1145 435 narratas
1174 403 1266 434 libris
1294 404 1414 444 quibus

80 459 130 483 res
145 451 345 492 imperatoris
370 451 543 481 Domitiani
560 449 727 490 composui
745 450 769 481 ².
799 460 873 482 nam
888 451 915 483 is
932 459 1062 492 quoque
1085 450 1188 482 edidit
1204 450 1297 482 ludos
1311 459 1416 482 saecu-

79 497 180 538 lares,
194 499 299 538 iisque
316 498 474 529 intentius
491 497 572 528 affui
601 497 781 528 sacerdotio
801 497 1084 538 quindecimvirali
1105 498 1262 539 praeditus
1284 505 1321 529 ac
1337 499 1417 529 tunc

78 549 209 586 praetor.
239 546 323 586 quod
350 555 414 577 non
435 546 592 585 jactantia
610 546 714 576 refero
727 570 736 585 ,
762 546 819 577 sed
837 547 914 587 quia
937 547 1071 587 collegio
1089 545 1387 586 quindecimvirum
1402 544 1414 562 ³

77 593 258 633 antiquitus
281 602 317 624 ea
331 602 408 624 cura
419 618 427 632 ,
445 595 477 624 et
494 593 704 632 magistratus
721 593 926 633 potissimum
945 593 1210 634 exsequebantur
1225 592 1332 625 officia
1353 600 1417 624 cae-

78 640 301 671 rimoniarum.
323 640 461 671 Sedente
475 640 608 672 Claudio
625 640 826 671 circensibus
843 641 926 672 ludis
937 666 945 680 ,
960 650 1060 681 quum
1076 641 1167 681 pueri
1183 641 1310 672 nobiles
1325 639 1417 680 equis

76 685 238 718 iudicrum
255 688 360 726 Trojie
375 687 384 705 ⁴
405 687 525 718 inirent
542 687 690 727 interque
704 697 758 719 eos
777 688 983 719 Britannicus
1000 689 1197 728 Imperatore
1217 688 1344 728 genitus
1356 712 1364 725 ‚
1381 687 1414 718 et

78 737 113 765 L.
132 735 293 766 Domitius
307 735 480 775 adoptione
494 743 569 765 mox
584 735 616 765 iu
634 734 806 774 imperium
822 738 854 767 et
868 738 1121 775 cognomentum
1138 736 1273 767 Neronis
1285 734 1417 772 ascitus,

78 782 170 813 favor
185 782 286 822 plebis
307 782 410 813 acrior
424 781 455 812 in
471 781 648 813 Domitium
667 782 737 813 loco
751 783 899 823 praesagii
919 784 1071 823 acceptus
1087 785 1145 814 est.
1161 783 1420 823 vulgabaturque

77 827 229 867 affuisse
251 829 414 868 infantile
437 829 510 868 ejus
530 828 696 859 dracones
710 829 720 846 '³
739 831 771 860 in
790 830 929 860 modum
944 830 1139 868 custodum,
1158 830 1304 860 sabulosa
1320 830 1353 860 et
1366 836 1420 859 ex-

80 876 181 907 ternis
212 876 376 907 miraculis
405 876 595 907 assimulata
624 886 631 906 :
656 884 730 906 nam
759 876 826 916 ipso
840 900 849 915 ,
881 877 1135 917 haudquaquam
1166 876 1216 907 sui
1243 876 1420 914 detractor,

77 930 188 954 unam
202 923 334 954 omnino
354 932 501 963 cmyuem
514 925 551 954 in
565 923 723 955 cubiculo
742 926 850 955 risam
870 932 1002 955 narrare
1019 924 1133 955 solitus
1148 925 1208 956 est.

120 973 188 1001 XII.
214 974 332 1001 Verum
349 970 517 1001 inclinatio
540 972 652 1011 populi
676 972 843 1011 supererat
871 980 910 1002 ex
932 971 1088 1002 memoria
1106 970 1306 1009 Germanici,
1329 968 1422 1009 cujus

78 1016 132 1049 illa
148 1017 273 1058 reliqua
289 1018 417 1049 suboles
436 1018 539 1049 virilis
557 1018 587 1057 ¹;
606 1021 638 1050 et
663 1019 758 1050 matri
784 1018 970 1059 Agrippinae
995 1018 1161 1050 miseratio
1183 1017 1362 1058 augebatur
1379 1015 1421 1048 ob

77 1064 239 1096 saevitiam
255 1065 433 1096 Messalinae
448 1074 455 1095 ε
472 1074 544 1105 quae
558 1074 686 1106 semper
703 1066 818 1097 infesta
829 1090 837 1105 ‚
857 1069 888 1097 et
907 1067 986 1097 tunc
1000 1066 1205 1104 commotior,
1223 1062 1419 1106 quominus²

79 1113 218 1144 strueret
228 1113 362 1143 crimina
376 1115 408 1143 et
421 1114 640 1153 accusatores,
655 1122 742 1144 novo
753 1114 861 1144 surore
875 1113 1103 1144 distinebatur.
1117 1121 1193 1144 nam
1203 1113 1282 1144 inC.
1293 1112 1421 1151 Silium,

78 1159 258 1197 juventutis
282 1163 436 1190 Romanae
461 1159 734 1199 pulcherrimum,
765 1161 810 1191 iia
839 1163 1027 1200 exarserat,
1046 1162 1083 1191 ut
1101 1160 1231 1191 Juuiam
1258 1160 1421 1198 Silanam,

83 1206 223 1237 nubilem
244 1205 398 1236 feminam
411 1229 420 1244 ,
444 1207 650 1237 matrimonio
674 1209 743 1247 cjiis
763 1207 951 1238 exturbaret
969 1216 1139 1248 vacuoque
1157 1206 1304 1238 adultero
1332 1207 1425 1246 pote·

83 1255 181 1284 retur.
201 1261 306 1292 neque
321 1252 416 1283 Silius
433 1252 543 1292 flagitii
557 1255 614 1285 aut
628 1254 762 1294 periculi
778 1254 907 1285 nescius
922 1257 989 1285 erat
1005 1264 1012 1285 z
1030 1255 1086 1285 sed
1100 1255 1200 1289 certo,
1213 1254 1240 1285 si
1254 1253 1424 1291 abnueret,

82 1300 182 1330 exitio
197 1302 228 1331 et
245 1300 400 1330 nonnulla
420 1300 549 1331 fallendi
567 1310 622 1340 spe
637 1325 645 1339 ,
669 1301 768 1331 simul
791 1301 916 1340 maguis
934 1301 1076 1342 praemiis
1089 1325 1097 1340 ,
1115 1301 1256 1341 opperiri
1272 1301 1382 1332 futura
1391 1302 1424 1331 et

83 1346 296 1386 przesentibus
317 1346 377 1377 frui
396 1356 453 1387 pro
470 1347 585 1378 solatio
602 1348 753 1379 habebat,
783 1348 837 1378 illa
851 1357 916 1378 non
932 1349 1044 1379 furtim
1056 1373 1064 1388 ‚
1078 1348 1133 1379 sed
1148 1348 1250 1379 multo
1266 1348 1423 1379 comitatu

84 1394 244 1426 ventitare
278 1395 431 1434 domum,
464 1394 644 1435 egressibus
671 1395 682 1413 ³
715 1395 934 1427 adliaeresccre
947 1420 954 1434 ‚
980 1396 1087 1436 largiri
1117 1404 1195 1435 opes
1211 1419 1220 1435 ,
1257 1396 1394 1426 bonores
1412 1406 1423 1426 1

83 1444 266 1481 postremo,
286 1442 375 1472 velut
394 1442 548 1473 translata
563 1443 629 1482 Jam
644 1442 791 1482 fortuna,
817 1443 920 1483 servi,
936 1442 1065 1483 liberti,
1092 1444 1225 1483 paratus
1241 1442 1421 1483 Prinpris⁴

81 1488 170 1528 apud
183 1489 368 1520 adulterum
388 1489 593 1520 visebantur.

125 1539 208 1567 XIII.
224 1537 264 1568 At
281 1536 443 1576 Claudius,
453 1536 648 1568 matrimonii
661 1537 723 1569 sui¹
742 1537 873 1577 ignarus
886 1539 918 1568 et
931 1537 1043 1569 munia
1060 1537 1207 1568 censoria
1220 1536 1399 1577 usurpans²
1412 1561 1424 1579 ‚

85 1582 295 1615 theatralem
308 1583 433 1623 populi
453 1584 634 1615 lasciviam
651 1585 774 1616 severis
788 1584 901 1615 edictis
917 1584 1095 1625 increpuit,
1114 1584 1207 1625 quod
1221 1586 1255 1616 iu
1272 1586 1312 1616 P.
1326 1586 1425 1616 Pom·

80 1631 227 1670 ponium
243 1631 460 1662 consularem
487 1630 527 1670 (is
542 1631 709 1663 carmina³
729 1641 834 1663 scenae
848 1632 958 1671 dabat)
977 1634 1078 1672 inque
1090 1631 1248 1671 feminas
1266 1631 1424 1664 illustres

81 1676 214 1716 probra
221 1678 368 1717 Jecerat.
388 1681 424 1708 Et
436 1677 505 1717 lege
518 1678 584 1710 lata
600 1680 759 1710 saevitiam
774 1679 977 1710 creditorum
993 1678 1154 1716 coercuit,
1169 1686 1212 1710 ne
1228 1681 1263 1710 ln
1277 1680 1425 1710 mortem

81 1725 273 1764 parentum
288 1724 298 1742 ⁴
313 1726 483 1765 pecunias
496 1724 807 1765 fillissamilz'arum
823 1725 953 1767 foenori
966 1725 1106 1757 darent.
1130 1728 1312 1766 Fontesque
1328 1733 1426 1766 aqua·

117 1850 164 1874 XI.
180 1855 203 1873 ι.
222 1850 290 1874 Ludi
301 1850 444 1874 saeculares
456 1857 488 1874 ex
499 1852 659 1881 praescripto
672 1853 806 1877 librorum
816 1853 1014 1882 Sibyllinorum
1028 1853 1056 1877 in
1067 1854 1169 1882 Campo
1182 1853 1282 1876 Martio
1300 1852 1334 1875 ad
1347 1857 1423 1876 aram

90 1886 160 1911 Ditis
173 1886 201 1909 et
215 1886 381 1914 Proserpinae
395 1887 421 1909 in
438 1888 513 1910 terra
528 1888 696 1911 occultatam
712 1894 761 1917 per
776 1890 832 1912 tres
847 1889 905 1912 dies
917 1891 943 1912 et
957 1890 1012 1912 tres
1022 1890 1121 1912 noctes
1132 1888 1346 1912 celebrabantur
1359 1893 1425 1916 quo-

62 1946 65 1955 Ι
88 1923 130 1947 vis
144 1920 200 1944 fere
213 1925 285 1943 anno
300 1921 447 1945 centesimo
459 1923 486 1945 et
500 1922 614 1950 decimo,
630 1925 756 1952 tempore
770 1923 942 1952 reipublicae;
959 1924 1037 1953 cujus
1052 1924 1182 1952 postremi
1198 1923 1254 1946 ludi
1267 1928 1329 1946 saec.
1345 1923 1424 1946 erant

89 1963 115 1981 a.
129 1957 157 1981 U-
169 1961 222 1980 605.
236 1955 341 1980 Deinde
355 1957 500 1986 Augustus,
515 1957 581 1981 alias
598 1958 720 1982 rationes
733 1960 853 1986 secutus,
869 1959 978 1982 eosdem
997 1959 1052 1988 egit
1076 1965 1102 1982 a.
1127 1963 1179 1986 757,
1197 1960 1260 1987 post
1282 1957 1424 1981 Claudium

90 1992 259 2016 Domitianus
271 1998 296 2015 a.
312 1996 363 2020 841,
378 1993 523 2022 Septimius
545 1995 662 2017 Severus
684 2000 708 2018 a.
723 1999 775 2022 95⁷,
795 1995 950 2024 postremos
964 1995 1102 2024 Philippus
1129 1994 1215 2018 Arabs
1234 2000 1258 2017 a.
1275 1998 1344 2017 ¹000.
1359 1998 1425 2016 —2.

89 2028 141 2058 Qui
151 2027 267 2056 periere.
278 2040 308 2044 -
321 2032 344 2050 5.
363 2027 437 2051 Cont.
453 2028 487 2051 ad
501 2029 546 2057 lli,
561 2034 598 2053 6⁴.
613 2040 642 2046 -
659 2035 680 2053 ⁴.
704 2031 876 2059 Descriptum
891 2036 906 2053 a
918 2029 1031 2058 Virgilio
1046 2029 1164 2053 AEneld.
1182 2030 1211 2056 V,
1235 2033 1280 2053 5⁴5
1297 2034 1376 2058 seqq.
1394 2041 1425 2045 -

88 2063 174 2092 5.’Qui
184 2062 265 2086 variis
278 2063 433 2086 nominibus
446 2065 517 2087 sacri
529 2064 699 2089 habebantur
710 2066 736 2090 in
751 2065 868 2095 antiquis
878 2065 1062 2095 religionibus,
1075 2065 1143 2088 adeo
1154 2067 1184 2088 ut
1196 2065 1269 2095 genii
1282 2064 1423 2088 hominum

92 2099 120 2121 et
135 2097 257 2121 locorum
272 2097 362 2127 effigie
375 2104 469 2122 eorum
483 2100 671 2129 pingerentur.
693 2101 724 2124 ln
738 2107 820 2125 numo
838 2101 1000 2130 AEgyptiaco
1014 2099 1129 2123 Neronis
1152 2105 1264 2129 serpens
1281 2105 1362 2123 cusus
1381 2099 1425 2123 est

91 2144 154 2162 cum
168 2139 345 2168 inscriptione
358 2135 424 2170 νέος
437 2135 667 2176 ἀγαθοδαίμων.

123 2174 184 2199 XII.
210 2179 230 2197 i.
245 2174 320 2198 ttoni.
337 2175 378 2204 lv,
401 2181 439 2199 75.
451 2189 478 2193 —
489 2181 511 2200 2.
526 2177 610 2200 Nimis
625 2178 763 2201 commota
781 2183 861 2206 quam
875 2178 943 2201 ut...
956 2188 987 2194 ·-
999 2181 1021 2200 5.
1033 2176 1076 2200 Sc.
1091 2177 1166 2206 ejus3
1187 2176 1213 2200 ei
1232 2176 1262 2200 in
1280 2175 1422 2206 pubiicum

91 2209 253 2239 egredienti.
268 2222 296 2226 —
308 2214 332 2233 4-
351 2212 504 2240 Apparatus
518 2213 702 2241 imperatoriae
719 2213 869 2242 dignitatis.

122 2245 196 2269 xlii.
213 2249 232 2267 t.
245 2245 341 2269 Uxoris
351 2251 414 2274 suae,
425 2247 442 2270 i.
454 2253 478 2270 e.
493 2253 587 2271 eorum
601 2253 660 2276 quae
673 2253 739 2271 uxor
753 2249 856 2277 ageret.
865 2260 895 2266 —·
907 2253 930 2272 2.
945 2249 1078 2273 Postremi
1090 2254 1219 2273 censores
1233 2254 1332 2272 munus
1341 2252 1421 2271 snum

93 2281 208 2309 egerant
221 2286 245 2303 a.
258 2280 284 2304 U.
299 2286 351 2304 ⁷31.
366 2282 468 2306 Deinde
482 2283 619 2311 Augustus
636 2284 786 2306 censoriam
801 2285 966 2312 potestatem
984 2285 1012 2308 in
1034 2285 1250 2314 quinquennium
1275 2284 1383 2312 recepit
1395 2288 1421 2307 a.

93 2318 140 2338 7³5
152 2315 179 2337 et
194 2319 237 2339 7⁴2
250 2321 311 2338 cum
324 2316 432 2340 Tiberio
447 2323 589 2341 censuram
603 2319 668 2347 egit.
684 2318 722 2341 Ab
737 2324 769 2342 eo
781 2319 904 2348 tempore
920 2320 1074 2343 intermissa
1087 2320 1189 2343 munia
1199 2319 1333 2343 censoria
1342 2317 1423 2342 resti-

94 2349 150 2372 tuit
162 2349 296 2374 Claudius.
309 2364 337 2367 —
351 2357 372 2375 ³.
384 2353 538 2382 Tragoedias
553 2360 558 2376 :
573 2359 635 2376 nam
652 2359 706 2377 non
717 2356 758 2377 est
771 2356 933 2385 Pomponius
947 2356 1135 2383 Bononiensis,
1153 2355 1341 2379 Atellanarum
1353 2354 1422 2378 scri-

97 2385 170 2414 ptor.
184 2397 212 2402 —-
226 2390 248 2409 4.
262 2386 325 2416 Quae
335 2387 363 2410 in
377 2390 465 2413 morte
477 2388 585 2413 demum
599 2391 741 2419 parentum
752 2390 941 2415 redderentur.
953 2391 986 2416 In
997 2391 1080 2415 habet
1091 2391 1279 2415 accusativum
1290 2388 1426 2415 destinati
