1539 2668
130 150 189 179 322
494 150 625 179 TACITI
647 151 919 182 HISTomARUM
941 154 1013 182 LIB.
1037 154 1077 182 11.

129 231 233 262 neque
250 222 291 253 ob
307 225 432 254 metum
443 247 452 261 ,
469 223 525 254 sed
542 223 745 255 aemulatione
761 224 886 258 decoris
899 229 931 258 et
944 227 1262 267 caritaoevprincipis.
1287 237 1324 259 ac
1342 232 1450 269 postea

129 269 312 308 promiscue
336 269 501 309 Bedriaci,
529 270 700 302 Placentiae
725 271 855 311 aliisque
884 273 916 304 in
939 274 1051 305 castris
1072 273 1267 305 celebratum
1291 275 1325 306 id
1349 284 1450 315 genus

129 316 252 346 mortis.
273 316 391 346 Othoni
407 316 591 356 sepulcrum
608 319 806 348 exstructum
821 320 870 350 est
887 320 1048 351 modicum
1067 322 1099 351 et
1115 329 1317 352 mansurum.

170 365 205 393 L.
230 366 321 393 Hunc
338 363 413 394 vitae
432 362 527 394 finem
550 363 665 394 habuit
684 363 820 403 septimo
835 367 868 396 et
884 366 1044 398 tricesimo
1059 367 1164 398 aetatis
1181 376 1275 398 311110.
1295 367 1383 407 origo
1403 367 1450 400 illi

129 418 146 440 e
159 408 337 449 municipio
354 409 500 440 Ferentio
513 433 521 448 ‚
537 412 627 449 pater
644 411 830 450 consularis,
847 421 928 444 avus
946 414 1116 453 praetorius
1130 425 1138 452 3
1155 418 1336 445 maternum
1352 423 1450 453 genus

128 457 245 496 impar,
267 465 325 487 nec
349 459 456 487 tamen
482 455 669 487 indecorum
686 457 708 486 ¹.
734 458 868 497 pueritia
890 468 927 490 ac
947 460 1097 499 juventa,
1117 461 1245 500 qualem
1264 462 1451 493 monstravi-

129 503 233 534 mus2.
253 503 379 534 duobus
394 502 591 533 facinoribus
603 527 610 540 ,
629 503 733 534 altero
751 504 1006 544 flagitiosissimo
1017 531 1026 546 ,
1042 507 1143 538 altero
1159 507 1284 546 egregio
1296 531 1304 546 ‚
1317 509 1448 539 tantun-

128 549 199 580 dem
216 550 299 589 apud
320 552 463 589 posteros
479 550 601 580 meruit
626 550 719 581 bonae
737 552 831 583 famae
847 556 1006 592 quantum
1028 554 1131 584 malae.
1151 557 1183 584 ut
1202 555 1392 593 conquirere
1409 554 1450 584 fa-

127 596 240 627 bulosa
255 599 286 626 et
303 597 387 626 tictis
402 596 563 627 oblectare
578 596 753 636 legentium
777 598 903 629 animos
926 600 1037 639 procul
1059 601 1216 639 gravitate
1233 601 1329 640 coepti
1346 600 1452 640 operis

128 643 338 681 crediderim,
358 643 402 674 ita
427 644 567 682 vulgatis
597 643 789 684 traditisque
812 645 940 676 demere
962 646 1056 676 fidem
1085 656 1149 676 non
1173 647 1290 677 ausim.
1315 647 1368 678 die
1387 654 1451 687 quo

126 691 288 722 Bedriaci
311 690 526 730 certabatur,
550 699 649 722 avem
675 693 855 723 invisitata
877 695 985 732 specie
1009 692 1106 732 apud
1128 695 1266 733 Remum
1286 693 1451 733 Lepidum

127 737 250 768 celebri
265 737 340 768 luco
355 737 540 768 consedisse
553 738 665 769 incolae
680 739 872 776 memorant,
891 748 950 771 nec
961 739 1083 771 demde
1097 741 1185 770 coetu
1199 739 1375 770 hommum
1389 742 1451 770 aut

127 784 480 816 circumvolitantium
494 785 623 816 alitum
637 787 800 816 territam
812 787 1009 826 pulsamve,
1026 785 1130 817 donec
1152 786 1236 817 Otho
1254 794 1287 816 se
1307 788 1377 825 ipsc
1398 787 1451 817 ἰη-

128 831 313 870 terficerem
334 833 408 861 tum
426 832 586 862 ablatam
607 840 650 863 ex
669 833 777 864 oculis
788 844 800 871 ;
817 836 850 864 et
867 836 1022 872 tempora
1045 832 1291 872 reputantibus
1314 834 1452 864 initium

121 877 294 918 finemque
312 879 476 909 miraculi
494 887 572 909 cum
596 879 736 910 othonis
755 881 853 910 exitu
869 881 1078 919 competisse.

170 928 217 955 Ll.
238 928 270 955 111
288 925 401 955 funere
421 925 491 964 ejus
509 929 631 955 novata
648 925 736 955 luctu
754 935 791 956 30
805 926 916 957 dolore
930 926 1070 961 militum
1086 926 1217 957 seditio.
1234 934 1294 957 nec
1310 926 1379 958 erat
1396 926 1452 966 qui

127 975 298 1002 coerceret.
323 971 362 1001 ad
386 971 572 1010 Verginium
595 972 698 1011 versi,
716 972 813 1004 modo
828 976 867 1004 ut
886 975 1052 1013 reciperet
1074 975 1281 1013 imperium,
1300 981 1388 1003 nunc
1410 974 1452 1004 ut

127 1017 298 1057 leyalzone
316 1018 410 1057 <mmcd
424 1020 597 1049 Coece'no'm
611 1027 651 1050 ac
674 1020 845 1050 Valentem
852 1020 1081 1060 jungeretur,
1097 1019 1287 1050 minitantes
1304 1019 1449 1050 orabant.

126 1066 297 1103 Verginius
317 1074 371 1104 per
385 1074 530 1096 aversam
547 1066 665 1096 domus
680 1068 803 1105 partem
822 1067 933 1097 furtim
949 1066 1123 1105 degressus
1146 1067 1363 1105 irrumpentes
1385 1066 1449 1096 t'ru-

125 1118 246 1147 stratus
259 1117 315 1144 est..
333 1117 459 1151 Earum,
476 1121 548 1152 quae
565 1113 692 1143 Brixelli
710 1117 851 1152 egerant,
870 1113 1052 1144 cohortium
1071 1122 1180 1153 preces
1194 1113 1332 1144 Rubrius
1344 1113 1450 1144 Gallus

125 1163 219 1199 tulit,
238 1164 270 1191 et
285 1160 376 1189 vvnia
395 1160 505 1189 statim
526 1159 695 1198 impetrata
713 1160 971 1191 concedentibus
992 1160 1031 1191 ad
1055 1160 1213 1192 victorem
1231 1168 1287 1201 per
1304 1159 1450 1191 Flavium

124 1210 275 1241 Sabinum
294 1208 331 1238 iis
350 1207 451 1246 copiis
469 1207 588 1246 quibus
606 1207 793 1247 praefuerat,

168 1258 232 1287 Lll.
256 1254 363 1285 Posito
378 1254 499 1293 ubique
512 1253 595 1284 bello
609 1263 725 1293 magna
740 1263 814 1293 pars
826 1256 957 1285 senatus
972 1255 1155 1286 extremum
1170 1254 1343 1284 discrimen
1358 1252 1448 1293 adiit,

125 1304 268 1344 pron-cta
294 1310 370 1332 cum
394 1301 521 1332 0111000
543 1301 581 1331 ab
609 1301 716 1339 Urbe,
743 1301 816 1332 dein
841 1301 974 1332 Mutinae
1002 1301 1124 1332 relicta.
1150 1301 1229 1332 illuc
1250 1301 1387 1331 adverso
1410 1300 1450 1333 de

125 1351 238 1391 prwlio
257 1348 401 1379 allatum.
423 1348 478 1378 sed
497 1348 616 1379 milites
631 1349 667 1378 ut
685 1348 800 1379 falsum
820 1357 980 1378 rumorem
998 1351 1228 1388 aspernantes,
1243 1347 1329 1388 quod
1345 1346 1448 1377 infen-

125 1406 196 1429 sum
220 1395 339 1427 Othoni
365 1398 515 1426 senatum
542 1395 803 1434 arbitrabantur,
827 1395 990 1426 custodire
1005 1404 1190 1434 sermones,
1206 1395 1334 1426 vultum
1358 1392 1448 1424 habi-

124 1446 259 1482 tumque
284 1442 410 1473 trahere
439 1442 471 1472 in
498 1441 666 1481 deterius;
692 1442 846 1473 conviciis
873 1444 1034 1482 postremo
1056 1451 1094 1473 ae
1117 1442 1241 1482 probris
1263 1449 1394 1472 causam
1418 1441 1450 1471 et

125 1490 250 1522 initium
266 1490 363 1520 caedis
380 1488 586 1528 quaerebant,
602 1498 704 1528 quum
720 1490 804 1520 alius
822 1489 951 1529 insuper
965 1491 1069 1520 metus
1084 1488 1286 1519 senatoribus
1300 1487 1448 1527 instaret,

125 1546 165 1568 ne
180 1536 366 1577 praevalidis
381 1536 447 1574 jam
461 1536 581 1566 Vitellii
601 1535 747 1575 partibus
763 1537 956 1566 cunctanter
970 1536 1134 1575 excepisse
1148 1534 1320 1566 victoriam
1337 1533 1447 1565 crede·

125 1588 249 1617 rentur.
273 1585 316 1614 ita
340 1583 459 1623 trepidi
480 1586 512 1614 et
533 1583 720 1622 utrimque*
742 1583 828 1613 anxii
847 1586 965 1613 coeunt
979 1606 987 1621 ‚
1012 1592 1106 1613 nemo
1123 1583 1186 1622 prix
1196 1583 1277 1613 atim
1294 1581 1446 1622 expedito

125 1632 272 1669 consilio,
289 1630 300 1648 ²
320 1631 403 1661 inter
418 1631 539 1660 multos
553 1630 710 1660 societate
729 1629 830 1668 culpae
848 1629 959 1660 tutior.
975 1629 1128 1659 onerabat
1146 1629 1335 1668 paventium
1353 1636 1447 1659 curas

125 1678 204 1709 ordo
226 1676 439 1708 Mutinensis³
465 1684 568 1707 arma
589 1677 621 1706 et
645 1678 829 1715 pecuniam
855 1675 1041 1713 offerendo,
1065 1675 1311 1716 appellabatque
1326 1676 1447 1715 patres

124 1727 333 1764 conscriptos
349 1722 579 1763 intempestivo
595 1722 726 1753 11011010,

166 1773 248 1802 Llll.
275 1770 420 1801 Notabile
435 1770 577 1809 jurgium
596 1769 674 1807 fuit,
700 1778 765 1808 quo
788 1768 929 1799 Licinius
946 1768 1074 1799 Caecina
1088 1767 1272 1799 Marcellum
1288 1766 1441 1807 Eprium¹

124 1821 165 1850 ut
183 1817 346 1856 amorque
367 1816 589 1848 disserentem
606 1816 734 1846 invasit.
758 1824 817 1846 nec
835 1815 934 1846 ceteri
956 1816 1136 1846 sententias
1157 1814 1346 1855 aperiebant
1364 1822 1373 1844 ε
1390 1813 1446 1845 sed

124 1866 267 1896 inxisum
290 1864 445 1894 memoria
464 1863 663 1894 delationum
680 1862 929 1902 expositumque
945 1862 984 1892 311
1001 1861 1159 1892 invidiam
1174 1860 1313 1892 Marcelli
1330 1868 1445 1891 nomen

124 1912 309 1942 irritaverat
322 1912 499 1948 Caecinam,
514 1912 550 1942 ut
569 1918 673 1940 novus
687 1910 795 1940 adhuc
809 1912 841 1940 et
856 1909 888 1940 in
902 1912 1048 1940 senatum
1066 1918 1170 1949 nuper
1187 1908 1306 1940 ascitus
1321 1908 1445 1947 magnis

124 1959 305 1991 inimicitiis
322 1959 518 1989 claresceret.
538 1957 756 1988 moderatione
778 1957 947 1988 meliorum
961 1956 1123 1996 dirempti.
1143 1959 1174 1987 et
1192 1955 1316 1987 rediere
1332 1962 1444 1986 omnes

125 2006 297 2037 Bononiam
313 2030 321 2045 ‚
338 2014 447 2036 rursus
461 2004 678 2043 consiliaturi3
692 2004 786 2034 simul
803 2003 909 2034 medio
923 2003 1080 2044 temporis
1093 2003 1201 2043 plures
1213 2002 1319 2033 nuntii
1334 2010 1441 2042 spera-

125 2053 254 2084 bantur.
270 2055 431 2091 Bononiae,
450 2052 564 2084 divisis
581 2060 637 2091 per
649 2051 763 2082 itinera
777 2051 832 2090 qui
850 2050 1111 2082 recentissimum
1126 2057 1289 2089 quemque
1306 2056 1442 2089 percun-

126 2102 300 2134 0131001111,
315 2102 528 2139 interrogatus
543 2098 679 2130 Othonis
695 2098 840 2137 libertus,
855 2106 998 2129 causam
1011 2096 1185 2136 diqressus
1198 2095 1324 2127 habere
1338 2101 1373 2126 se
1387 2101 1443 2124 su-

125 2155 245 2187 prema
263 2148 336 2187 eJus
348 2146 520 2178 mandata
534 2145 714 2186 respondit3
729 2147 844 2186 ipsum
861 2145 1026 2176 viventem
1039 2143 1178 2185 quidem
1191 2142 1367 2181 relictum,
1381 2139 1441 2172 sed

155 2277 185 2301 L.
200 2275 305 2299 Ordinis
322 2275 464 2304 equestris,
482 2281 514 2300 ex
532 2275 611 2299 Albia
622 2274 813 2299 Terentia-2.
826 2274 846 2303 1,
860 2279 894 2298 ¹5.

156 2311 207 2335 LII.
225 2315 242 2333 1.
257 2311 287 2333 Et
304 2310 337 2333 ab
349 2311 463 2334 Othonis
477 2313 504 2334 et
515 2316 530 2334 3
549 2309 648 2334 Vitellii
663 2309 858 2334 militibus.—2.
874 2309 931 2337 Hic,
942 2314 975 2332 ex
990 2305 1122 2332 vocabulo
1130 2310 1219 2335 nemo,
1231 2303 1439 2335 intelligendum

126 2346 252 2376 quisque,
266 2345 357 2375 phrasi
370 2347 397 2369 in
413 2347 557 2376 positivam
570 2346 721 2370 orationem
738 2349 933 2369 conversa.-5.
946 2343 1111 2368 Decurioncs
1121 2341 1322 2365 Mutinensium.

154 2381 217 2406 Llll.
235 2386 254 2405 1.
266 2381 304 2405 De
316 2386 369 2410 quo
382 2382 457 2405 Ann.
474 2381 543 2410 XVI,
555 2386 592 2411 22,
607 2386 644 2410 28,
656 2386 752 2405 ssi-2.
761 2380 821 2405 Sola
841 2379 961 2404 restante
977 2378 1055 2402 famae
1068 2382 1123 2401 suae
1143 2375 1215 2406 apud
1226 2378 1349 2407 posteros
1365 2378 1431 2398 cura
