1539 2668
506 188 543 217 A.
568 188 607 218 U.
631 189 666 218 C.
691 189 762 218 822.
801 190 838 219 A.
861 190 896 219 C.
921 190 973 220 69.
1345 191 1403 224 281

79 283 98 301 ι
113 268 314 303 habebamus
329 268 532 300 incruentam
549 269 669 300 Urbem
692 271 724 301 et
743 278 793 301 res
810 270 878 301 sine
903 269 1064 302 discordia
1092 270 1275 303 translatas.
1295 272 1408 313 provi·

82 330 98 347 n
114 326 184 350 sum
201 315 372 356 adoptione
387 315 556 347 videbatur
573 317 609 347 ut
625 325 665 347 ne
681 319 753 357 post
770 317 901 349 Galbam
918 317 1050 358 quidem
1064 317 1147 350 bello
1162 318 1252 350 locus
1268 322 1364 351 esset.

60 384 68 414 ³.
119 368 210 396 XXX.
227 376 243 390 «ι
257 362 343 394 Nihil
359 362 514 403 arrogabo
527 362 606 394 milii
621 363 796 395 nobilitatis
817 367 873 395 aut
893 364 1070 397 modestiae.
1086 374 1189 406 neque
1203 365 1289 397 enim
1304 367 1407 399 relatu

80 423 96 439 «
114 410 272 442 virtutum
292 411 322 441 in
338 409 577 451 comparatione
596 410 734 442 Othonis
747 420 829 451 opus
855 413 914 444 est.
939 412 1035 451 vitia,
1055 412 1173 452 quibus
1194 412 1270 444 solis
1295 414 1408 453 gloria·

81 470 97 486 ι
112 459 179 498 tur,
195 457 542 498 evertereimperium‚
561 457 659 489 etiam
675 467 774 499 quum
792 459 933 490 amicum
952 460 1159 500 imperatoris
1183 463 1300 500 ageret.
1321 461 1410 493 liabi-

80 518 97 535 «
116 506 195 538 tune
220 507 251 537 et
272 506 416 544 incessu,
440 514 480 549 an
498 505 549 536 illo
570 505 719 537 muliebri
737 510 854 538 ornatu
874 509 1050 539 mereretur
1065 508 1261 548 imperium?
1291 508 1409 540 fallun-

78 564 95 581 ι
113 553 167 585 tur
183 553 301 594 quibus
323 553 328 571 ¹
351 552 479 584 luxuria
504 554 642 593 speciem
667 553 866 585 liberalitatis
887 554 1037 596 imponit.
1063 555 1198 595 perdere
1216 555 1277 587 iste
1304 556 1409 597 sciet,

79 612 96 629 ι
112 600 231 632 donare
245 600 376 632 nesciet.
392 603 504 641 stupra
522 610 609 632 nunc
625 604 657 632 et
672 601 921 634 comessationes
934 605 966 634 et
982 602 1172 634 seminarum
1188 606 1291 635 coetus
1307 603 1410 636 volvit

81 659 97 676 ιι
114 647 231 679 animo.
265 647 335 680 haec
366 647 566 689 principatus
595 648 727 689 praemia
757 651 869 689 putat,
899 659 1039 690 quorum
1063 649 1163 681 libido
1190 659 1228 681 ac
1260 650 1410 691 voluptas

79 705 96 722 κ
113 703 212 735 penes
227 695 333 736 ipsum
357 695 418 733 sit,
438 696 534 726 rubor
551 704 589 727 ac
612 695 753 727 dedecus
776 705 874 736 penes
891 706 1015 728 omnes.
1039 706 1134 729 nemo
1161 696 1247 729 enim
1264 707 1410 738 unquam

78 754 96 770 «
111 742 284 783 imperium
312 742 432 782 flagitio
448 743 620 782 quaesitum
640 743 734 774 bonis
751 743 875 775 artibus
891 744 1047 776 exercuit.
1075 744 1208 777 Galbam
1231 754 1410 777 consensus

79 801 96 819 α
113 790 238 830 generis
261 789 395 821 humani
410 814 419 829 ‚
444 799 496 821 me
516 791 615 822 Galba
643 791 924 823 consentientibus
950 791 1045 823 vobis
1069 796 1230 824 Caesarem
1256 792 1351 824 dixit.
1382 793 1410 826 si

79 848 96 865 ιι
116 837 296 879 respublica
311 839 343 868 et
358 838 489 869 senatus
504 838 536 869 et
550 838 689 878 populus
702 847 807 869 vacua
828 838 960 870 nomina
976 840 1068 876 sunt,
1087 842 1207 878 vestra,
1218 839 1411 873 commilito-

78 894 95 913 «
112 892 181 924 nes,
192 884 324 916 interest
335 893 374 915 ne
392 887 621 925 Imperatorem
639 885 771 925 pessimi
789 885 918 916 faciant.
929 885 1090 925 legionum
1105 886 1219 918 seditio
1236 886 1410 921 adversum

78 945 95 963 ι
113 932 212 963 duces
228 940 302 963 suos
318 931 429 962 audita
445 935 496 963 est
518 931 691 972 aliquando
707 942 714 963 z
732 934 840 964 vestra
866 932 944 964 fides
962 932 1111 973 famaque
1135 933 1233 965 illaesa
1253 934 1292 966 ad
1323 934 1409 968 hunc

76 993 94 1007 «
111 979 196 1011 diem
214 979 344 1010 mansit.
362 980 393 1010 et
411 983 493 1010 Nero
511 989 640 1020 quoque
657 989 714 1012 vos
737 979 906 1019 destituit,
924 989 988 1011 non
1007 989 1065 1012 vos
1086 982 1257 1013 Neronem,
1276 982 1383 1014 minus
1395 982 1407 1001 ²

79 1037 96 1053 «
112 1026 245 1066 triginta
260 1026 436 1066 transfugae
455 1028 488 1058 et
507 1027 685 1059 desertores
697 1051 706 1067 ,
730 1036 812 1068 quos
837 1028 1056 1059 centurionem
1077 1030 1133 1060 aut
1150 1028 1319 1060 tribunum
1349 1030 1411 1063 sibi

78 1084 95 1101 α
112 1073 264 1114 eligentes
282 1082 375 1105 nemo
391 1074 498 1114 ferret,
516 1074 687 1115 imperium
710 1074 944 1115 assignabunt?
961 1074 1133 1107 admittitis
1144 1076 1355 1117 exemplum?
1378 1078 1410 1112 et

79 1133 95 1149 ι
112 1120 305 1161 quiescendo
325 1130 499 1152 commune
517 1121 637 1152 crimen
657 1121 781 1153 facitis?
810 1121 1013 1154 transcendet
1038 1122 1107 1154 liaeo
1129 1122 1258 1154 licentia
1285 1124 1318 1155 in
1338 1133 1410 1165 pro—

79 1180 96 1197 κ
112 1169 256 1207 vincias;
282 1169 314 1200 et
329 1168 368 1199 ad
385 1177 443 1199 nos
460 1169 617 1200 scelerum
635 1168 742 1200 exitus
755 1194 764 1209 ,
790 1168 948 1201 bellorum
965 1169 1005 1201 ad
1026 1179 1085 1202 vos
1106 1171 1324 1211 pertinebunt.
1350 1180 1410 1204 nec

79 1226 95 1242 «
115 1219 164 1247 est
181 1216 254 1256 plus
271 1215 355 1255 quod
376 1224 432 1256 pro
449 1215 538 1246 caede
561 1215 719 1255 Principis
746 1224 841 1256 quam
870 1216 956 1256 quod
980 1216 1204 1248 innocentibus
1221 1217 1328 1258 datur,
1353 1218 1410 1250 sed

79 1275 95 1291 «
112 1263 245 1304 perinde
268 1272 285 1294 a
302 1262 395 1294 nobis
411 1261 601 1294 donativum
619 1262 661 1294 ob
685 1262 781 1295 fidem
801 1272 899 1304 quam
916 1263 955 1295 ab
978 1263 1048 1295 aliis
1072 1273 1130 1304 pro
1156 1264 1300 1296 facinore
1324 1265 1409 1297 acci-

78 1323 93 1339 ‹<
112 1311 217 1351 pletis.
236 1323 249 1336 ¹)

115 1362 220 1389 XXXI.
248 1357 385 1397 Dilapsis
397 1357 653 1398 speculatoribus
666 1383 674 1398 ,
700 1358 808 1390 cetera
822 1359 939 1390 cohors
956 1368 1019 1390 nou
1037 1360 1205 1399 aspernata
1219 1359 1409 1392 concionan-

74 1408 161 1444 tem,
188 1406 224 1437 ut
249 1404 386 1436 turbidis
408 1404 502 1436 rebus
518 1406 645 1442 evenit.
677 1406 759 1437 sorte
789 1406 891 1445 magis
917 1408 949 1438 et
975 1415 1037 1437 non
1061 1407 1125 1437 ullo
1148 1407 1254 1438 adbuc
1275 1408 1408 1440 consilio

73 1454 166 1495 parat
185 1452 276 1492 sigua
293 1461 412 1492 quam,
442 1452 529 1492 quod
559 1456 668 1493 postea
694 1453 854 1484 creditum
885 1456 953 1492 est,
986 1453 1110 1485 insidiis
1133 1456 1165 1485 et
1188 1454 1406 1486 simulatione.

73 1501 192 1532 missus
211 1501 242 1531 et
259 1500 370 1531 Celsus
382 1499 503 1531 Marius
517 1500 522 1517 ¹
537 1501 574 1531 ad
591 1501 708 1532 electos
723 1500 840 1540 lllyrici
859 1501 1032 1540 exercitus,
1044 1501 1198 1541 Vipsania
1212 1502 1242 1532 iu
1262 1500 1407 1542 porticu²

73 1547 254 1580 tendentes.
272 1550 468 1588 pracceptum
487 1548 613 1591 Amulio
630 1552 747 1580 sereno
762 1548 792 1579 et
810 1548 950 1579 Domitio
964 1549 1080 1579 Sabino
1095 1549 1352 1589 primipilaribus
1365 1552 1407 1581 uc

76 1596 293 1628 Germanicos
312 1595 438 1625 ‘nze'lt‘ccs
460 1603 476 1626 e
498 1595 684 1627 Libertatis
710 1597 802 1626 atrio
819 1595 830 1613 ³
861 1598 1086 1628 arcesserent.
1117 1596 1235 1634 legioni
1263 1596 1408 1628 classicae

72 1641 291 1680 dissidebatur,
310 1642 435 1673 infestae
448 1641 490 1673 ob
505 1642 624 1673 caedem
644 1642 921 1683 commilitonum,
936 1652 1017 1682 quos
1031 1644 1135 1683 primo
1151 1644 1259 1675 statim
1274 1643 1407 1675 introitu

73 1689 290 1723 trucidaverat
307 1689 405 1721 Galba
422 1689 444 1720 ⁴.
464 1692 600 1730 pergunt
615 1691 711 1722 etiam
734 1690 767 1721 in
798 1694 900 1721 castra
920 1692 1185 1731 praetorianorum
1204 1691 1328 1723 tribuni
1352 1695 1408 1723 Ce-

72 1736 141 1769 rius
161 1740 316 1774 Severus,
334 1736 468 1768 Subrius
485 1739 616 1777 Dexter,
636 1738 808 1778 Pompeius
823 1738 985 1778 Longinus
999 1763 1007 1777 ,
1033 1739 1058 1770 si
1081 1739 1239 1779 incipiens
1252 1739 1359 1770 adhuc
1374 1739 1407 1771 et

73 1784 212 1816 necdum
224 1784 332 1815 adulta
347 1784 464 1815 seditio
479 1785 667 1816 melioribus
679 1785 819 1816 consiliis
836 1785 1027 1817 flecteretur.
1040 1786 1244 1817 tribunorum
1257 1786 1407 1818 Subrium

73 1832 107 1864 et
120 1830 247 1863 Cerium
264 1831 382 1862 milites
398 1831 502 1862 adorti
518 1832 626 1870 minis,
638 1833 818 1872 Longinum
835 1832 983 1864 manibus
1000 1834 1149 1864 coercent
1162 1834 1407 1874 exarmantque,

73 1878 151 1919 quia
167 1887 230 1909 non
249 1877 361 1908 ordine
378 1877 502 1908 militiae
517 1877 542 1917 ⁵,
569 1878 625 1909 sed
651 1888 668 1910 e
693 1879 800 1909 Galbae
816 1879 947 1917 amicis,
965 1880 1048 1910 fidus
1065 1880 1205 1919 principi
1223 1889 1282 1910 suo
1299 1881 1331 1911 et
1350 1880 1408 1912 de·
1432 1882 1435 1895 ³

74 1925 287 1958 sciscentibus
304 1924 486 1965 suspectior
512 1928 590 1956 erat.
610 1925 691 1965 legio
710 1925 842 1956 classica
858 1925 938 1956 nibil
959 1928 1111 1956 cunctata
1130 1926 1333 1965 praetorianis
1349 1926 1406 1958 ad-

69 1972 225 2013 jungitur.
248 1972 364 2012 lllyrici
389 1971 548 2003 exercitus
567 1972 659 2003 electi
676 1972 825 2003 Celsum‘3
861 1971 985 2003 infestis
1003 1972 1079 2012 pilis
1100 1973 1308 2013 proturbant.
1334 1977 1408 2005 Ger-

72 2020 198 2052 manica
211 2019 328 2051 vexilla
341 2019 394 2050 diu
415 2022 580 2058 nutaret-e,
591 2019 741 2051 invalidis
755 2019 861 2051 adhuc
876 2019 1066 2060 corporibus
1083 2023 1113 2051 et
1126 2020 1262 2060 placatis
1278 2020 1406 2061 animis,

71 2066 158 2108 quod
171 2075 225 2098 eos
239 2076 257 2097 a
274 2071 398 2098 Nerone
413 2066 637 2098 Alexandriam
650 2067 660 2085 ⁷
680 2067 862 2107 praemissos
878 2068 976 2107 atque
993 2066 1067 2098 inde
1081 2076 1190 2099 rursus
1203 2067 1297 2108 longa
1313 2067 1405 2099 navi-

70 2113 197 2154 gatione
213 2123 316 2154 aegros
333 2113 530 2154 impensiore
550 2123 629 2146 cura
643 2115 740 2147 Galba
754 2115 933 2146 refovebat.

113 2165 235 2193 XXXII.
260 2161 417 2193 Universa
431 2161 495 2202 jam
512 2162 603 2202 plebs
631 2163 786 2203 palatium
801 2161 973 2203 implebat,
992 2162 1104 2194 mixtis
1117 2162 1275 2201 servitiis,
1293 2163 1325 2194 et
1341 2161 1403 2193 dis-

71 2215 151 2240 sono
171 2209 309 2241 clamore
329 2209 456 2241 caedem
474 2210 614 2242 Othonis
628 2212 660 2242 et
673 2211 935 2250 conjuratorum
953 2211 1100 2241 exitium
1116 2210 1318 2251 poscentium
1331 2234 1340 2250 ‚
1364 2209 1403 2241 ut

102 2300 188 2326 XXX.
207 2306 226 2324 t.
240 2301 277 2324 Ex
290 2307 404 2331 quorum
417 2301 583 2330 judicia—2.
595 2304 638 2328 Sc.
655 2309 750 2333 quarm
764 2302 837 2332 quod
847 2303 875 2327 in
885 2302 1071 2327 numeralibus
1084 2301 1184 2332 ubique
1201 2301 1344 2326 omittitur.

101 2336 201 2360 XXXI.
216 2341 236 2360 ι.
250 2337 300 2366 Qui
316 2337 341 2360 in
355 2337 463 2367 lllyrico
484 2338 658 2366 militaverat,
676 2340 753 2362 Arm.
768 2339 824 2368 XV,
839 2344 875 2362 25.
888 2352 916 2355 —
929 2344 950 2363 α.
967 2339 996 2362 lu
1013 2338 1115 2366 Campo
1137 2338 1237 2361 Martio
1259 2337 1321 2364 sita.
1335 2349 1366 2354 —
1378 2341 1400 2360 2.

72 2370 218 2395 Libertatis
240 2372 371 2401 templum
401 2373 428 2396 in
452 2376 543 2398 monte
566 2375 711 2398 Aventino.
727 2375 757 2398 ln
775 2379 808 2397 eo
823 2374 910 2403 prima
937 2373 1104 2398 bibliotheca
1119 2373 1229 2402 publica
1251 2372 1284 2396 ab
1309 2371 1401 2396 Asinio

74 2405 194 2431 Pollione
206 2408 370 2436 posita.-⁴.
388 2408 445 2431 Vid.
459 2409 493 2432 ad
507 2415 531 2433 c.
545 2415 621 2434 c.—5.
634 2410 749 2435 Tribuni
760 2409 882 2434 nominc.
898 2422 925 2426 -
935 2414 960 2434 6.
974 2409 1099 2434 Festium
1112 2409 1226 2434 Ms,—⁷.
1239 2408 1299 2438 Quo
1313 2406 1402 2437 proie-

73 2441 169 2465 eturus
183 2444 242 2466 erat
253 2450 258 2470 ·,
269 2449 294 2465 v.
309 2443 418 2467 sueton.
437 2449 458 2467 c.
476 2449 512 2468 ¹9.
