1539 2668
138 173 197 204 208
524 173 653 203 rACI'rl
672 172 886 205 ANNALIUM
907 175 979 204 LIB.
1002 173 1086 205 XIV.

139 251 224 282 saret
238 247 418 288 Principem
432 247 466 280 et
476 248 654 288 pupillum
670 248 801 280 vocaret
811 270 821 287 ,
836 262 852 276 «ι
866 249 921 289 qui
943 249 1040 290 jussis
1055 249 1167 282 alienis
1187 250 1345 283 obnoxius
1358 275 1367 291 ,
1392 261 1458 284 non

139 311 155 326 «
174 297 270 328 modo
283 295 428 336 imperii,
448 295 504 327 sed
521 295 675 326 libertatis
689 295 785 326 etiam
809 295 972 335 indigeret.
996 305 1055 328 cur
1071 298 1157 328 enim
1182 298 1304 328 differri
1329 299 1458 338 nuptias

139 357 154 373 «
174 346 268 376 suas?
285 347 433 374 Formam
447 342 571 374 scilicet
586 341 755 381 displicere
767 342 806 378 !et
820 343 1032 383 triumphales
1046 353 1124 375 avos
1135 344 1158 375 ³.
1176 353 1215 375 an
1230 344 1458 377 fecunditatem

139 405 156 420 «
173 394 205 424 et
220 399 333 422 verum
348 390 492 421 animum
513 388 618 420 timeri
632 388 658 427 ⁶,
678 398 718 420 ne
741 398 822 420 uxor
840 390 952 421 saltem
976 390 1109 431 injurias
1125 394 1255 422 Patrum
1268 414 1277 429 ,
1300 392 1380 422 iram
1405 400 1459 431 po-

140 453 156 469 ιι
173 438 242 480 puli
258 438 412 469 adversus
436 435 620 476 superbiam
646 436 878 477 avaritiamque
904 437 1014 469 matris
1030 438 1177 478 aperiat?
1195 437 1315 477 Quodsi
1342 446 1458 469 nurum

139 499 155 515 «
173 485 346 525 Agrippina
370 492 434 513 non
459 483 521 514 nisi
547 482 612 513 tilio
630 482 781 514 infestam
798 483 880 515 ferre
903 487 1030 524 posset,
1060 485 1211 516 reddatur
1229 485 1296 525 ipsa
1324 484 1459 516 Othonis

139 547 155 563 «
173 532 332 572 conjugio.
356 530 473 561 ituram
497 538 627 570 quoquo
643 532 800 562 terrarum
813 555 823 570 ,
835 531 888 562 ubi
905 531 1031 563 audiret
1044 532 1153 572 potius
1172 531 1382 563 contumelias
1395 535 1459 562 Im-

104 584 106 590 *
137 596 153 607 α
172 579 329 621 peratoris
340 602 348 617 ,
365 586 463 617 quam
474 576 610 617 viseret,
628 578 778 617 periculis
795 578 861 617 ejus
874 578 1033 610 immixta.
1050 592 1065 606 »
1081 583 1155 610 Haec
1166 582 1262 618 atque
1279 579 1353 610 talia
1367 578 1460 609 lacri—

111 625 117 666 j
138 630 200 660 mis
218 630 249 658 et
265 628 333 656 arte
359 624 514 656 adulterae
538 625 739 664 penetrantia
756 634 849 656 nemo
875 626 1083 666 prohibebat,
1109 627 1311 666 cupientibus
1336 625 1460 657 cunctis

112 671 117 691 Ἴ
136 674 265 714 infringi
284 672 396 703 matris
409 672 609 712 potentiam,
634 673 665 703 et
681 671 830 704 credente
853 672 940 703 nullo
959 681 1059 712 usque
1077 673 1117 704 ad
1132 673 1253 704 caedem
1272 672 1341 711 eJus
1365 672 1458 703 dura-

135 724 209 755 tura
223 721 277 752 tilii
293 720 378 751 odia.
703 746 705 749 .

176 773 214 800 11.
240 767 350 799 Tradit
365 765 499 798 cluvius
525 766 668 797 «ardore
697 765 874 797 retinendae
892 765 1096 805 Agrippinam
1124 765 1278 806 potentiae
1295 774 1333 796 eo
1355 774 1459 805 usque

135 831 151 846 «
169 818 367 858 provectam,
379 815 415 845 ut
432 813 538 844 medio
560 813 622 845 diei
638 813 662 853 ¹,
678 822 779 853 quum
796 813 827 844 id
841 813 996 853 temporis
1010 817 1091 843 Nero
1105 822 1160 853 per
1175 814 1285 843 viuum
1303 815 1334 844 et
1348 813 1459 853 epulas

135 879 150 893 «
166 864 389 899 incalesceret,
405 861 538 892 offerret
552 869 586 892 se
601 861 720 899 saepius
736 861 915 891 temulento
930 862 1093 899 comptam
1113 863 1144 891 et
1164 860 1286 891 incesto
1302 862 1456 899 paratam.

135 926 150 941 a
167 913 297 951 jamque
317 908 514 949 praenuntias
537 907 648 947 flagitii
668 907 841 938 blanditias
864 906 1095 937 annotantibus
1114 908 1285 945 proximis,
1306 912 1456 938 Senecam

133 971 149 986 «
166 960 277 989 contra
292 956 465 987 muliebres
478 954 644 985 illecebras
661 953 842 984 subsidium
864 962 882 984 a
896 954 1015 984 femina
1033 953 1198 992 petivisse,
1217 954 1458 992 immissamque

132 1017 149 1033 κ
167 1006 263 1035 Acten
279 1003 520 1041 libertam,quae
534 1001 630 1032 simul
642 1010 698 1031 suo
713 1001 853 1040 periculo
864 1005 895 1031 et
911 1000 1042 1031 infamia
1056 1001 1188 1031 Neronis
1202 1001 1309 1039 anxia,
1321 1000 1457 1031 deferret

134 1064 149 1078 «
164 1051 387 1092 pervulgatum
417 1057 486 1079 esse
512 1049 670 1078 incestum
686 1071 695 1087 ‚
718 1048 875 1086 gloriante
894 1049 1014 1086 matre,
1038 1056 1097 1078 nec
1120 1048 1311 1078 toleraturos
1339 1047 1456 1077 milites

131 1110 147 1125 κ
167 1098 291 1139 profani
319 1096 473 1135 Principis
489 1095 672 1134 imperium.
691 1107 705 1120 υ
730 1094 846 1124 Fabius
866 1094 1040 1132 Rusticus,
1066 1103 1132 1125 non
1153 1097 1370 1133 Aqre'ppznce,
1396 1094 1455 1124 scd

128 1147 256 1178 Neroni
270 1145 427 1183 cupitum
447 1142 481 1173 id
498 1144 676 1180 memorat,
700 1141 917 1181 ejusdemque
933 1141 1067 1171 [wertse
1081 1143 1177 1171 (istus
1192 1141 1383 1179 disjcclmn.
1400 1140 1454 1171 sed

128 1201 201 1232 quae
224 1191 356 1223 Cluvius
368 1214 377 1228 ‚
395 1189 506 1220 eadem
525 1189 622 1218 ceteri
647 1197 776 1227 quoque
803 1190 951 1218 auctores
968 1187 1138 1227 prodidere
1150 1212 1159 1227 ,
1175 1190 1207 1218 et
1233 1189 1316 1218 fama
1337 1188 1400 1218 huc
1414 1187 1458 1216 in—

128 1240 226 1271 clinat
238 1262 247 1277 ,
272 1246 327 1268 seu
346 1236 494 1275 concepit
511 1235 618 1265 animo
631 1236 759 1265 tantuin
774 1234 986 1265 immanitatis
998 1234 1169 1274 Agrippina
1180 1259 1188 1273 ‚
1208 1243 1261 1264 seu
1275 1234 1455 1264 credibilior

127 1286 239 1318 incesti
257 1284 425 1315 meditatio
440 1283 509 1313 visa
522 1284 583 1321 est,
608 1283 642 1313 in
656 1282 809 1321 muliere,
828 1290 902 1321 quae
928 1290 983 1321 spe
1008 1281 1238 1312 dominationis
1255 1290 1310 1321 per
1322 1290 1453 1311 omnem

128 1334 231 1365 vitam
248 1331 377 1362 infanda
392 1330 578 1361 admiserat.

169 1384 222 1411 111.
248 1379 348 1418 Igitur
366 1382 448 1409 Nero
464 1377 567 1407 vitare
584 1377 722 1407 secretos
741 1376 809 1415 ejus
823 1383 1030 1414 congressus,
1049 1374 1273 1405 abscedentem
1297 1375 1328 1404 in
1342 1374 1454 1404 hortos

127 1430 180 1459 aut
196 1425 413 1457 Tusculanum
425 1424 475 1455 vel
490 1424 651 1454 Antiatem
668 1423 700 1454 in
716 1431 827 1462 agrum
845 1422 984 1460 laudare,
1003 1421 1094 1462 quod
1107 1423 1215 1452 otium
1234 1421 1411 1452 lacesseret
1429 1420 1450 1449 ¹.

128 1476 289 1515 postremo
303 1496 310 1511 ‚
328 1471 524 1510 ubicumque
542 1470 726 1509 haberetur,
744 1466 943 1509 praegravem
958 1471 1046 1499 ratus
1059 1493 1067 1508 ‚
1081 1468 1258 1499 interficere
1274 1467 1452 1505 constituit,

128 1523 281 1553 hacteuus
295 1517 499 1555 consultans,
515 1526 653 1556 veneno,
672 1516 847 1556 (zu-ferro,
873 1516 924 1547 vel
942 1524 1011 1556 qua
1025 1516 1100 1547 alia
1114 1517 1158 1546 vi.
1189 1515 1373 1554 placuitque
1390 1514 1453 1554 pri-

127 1578 180 1600 mo
194 1574 364 1598 venenum.
382 1564 435 1595 sed
450 1564 533 1595 inter
548 1565 658 1604 epulas
682 1563 840 1603 Principis
867 1563 894 1593 si
916 1563 1058 1602 daretur,
1087 1562 1195 1593 referri
1211 1563 1249 1592 ad
1264 1571 1372 1592 casum
1388 1570 1451 1591 non

127 1615 269 1657 poterat,
285 1613 339 1643 tali
350 1613 415 1651 jam
433 1611 606 1642 Britannici
620 1610 716 1641 exitio
727 1635 735 1648 ,
754 1613 786 1641 et
802 1609 965 1639 ministros
987 1611 1111 1639 tentare
1130 1608 1271 1639 arduum
1286 1607 1451 1638 videbatur

126 1661 271 1694 mulieris
286 1669 348 1690 usu
363 1658 520 1689 scelerum
536 1658 692 1688 adversus
708 1656 839 1687 iusidias
855 1656 1009 1694 intentae3
1027 1657 1124 1694 atque
1145 1655 1212 1694 ipsa
1229 1653 1450 1695 praesumendo

126 1707 268 1740 remedia
287 1706 448 1736 munierat
470 1713 599 1744 corpus.
625 1704 741 1734 ferrum
763 1704 795 1733 et
811 1702 915 1733 caedes
930 1710 1070 1742 quonam
1097 1702 1193 1732 modo
1221 1702 1449 1739 occultaretur,

125 1764 219 1787 nemo
235 1752 434 1793 reperiebat;
459 1754 491 1782 et
508 1760 548 1782 ne
563 1753 636 1790 quis
655 1751 700 1781 illi
716 1751 804 1780 tanto
830 1749 963 1780 facinori
990 1749 1132 1780 delectus
1151 1749 1241 1788 jussa
1266 1750 1448 1787 sperneret,

125 1801 299 1835 metuebat.
317 1799 441 1830 Obtulit
454 1797 618 1837 ingenium
634 1796 645 1814 ²
664 1797 814 1828 Anicetus
829 1795 964 1826 libertus
975 1819 983 1835 ,
998 1795 1090 1826 classi
1106 1796 1189 1835 apud
1202 1795 1359 1825 Misenum
1373 1802 1450 1833 prae-

124 1851 227 1881 fectus
242 1849 275 1878 et
295 1845 442 1886 pucritiae
468 1844 602 1876 Neronis
627 1844 780 1875 educator
797 1851 834 1873 ac
861 1843 982 1873 mutuis
1009 1842 1093 1873 odiis
1115 1842 1295 1882 Agrippina:
1314 1840 1446 1871 invisus,

123 1905 197 1936 ergo
212 1901 334 1926 navem
343 1900 442 1932 posse
462 1893 616 1931 componi
645 1891 757 1929 docet,
775 1903 790 1916 «ι
805 1892 896 1929 cujus
920 1898 992 1929 pars
1019 1890 1089 1929 ipso
1117 1889 1149 1920 in
1176 1889 1256 1919 mari
1273 1897 1328 1928 per
1347 1890 1449 1919 artem

125 1958 138 1971 «
158 1943 263 1975 soluta
282 1939 461 1972 effunderet
477 1938 631 1978 ignaram.
654 1937 735 1968 nibil
748 1938 815 1967 tam
833 1945 935 1976 capax
953 1936 1157 1967 fortuitorum
1173 1944 1269 1976 quam
1293 1944 1379 1965 mare
1391 1959 1399 1973 ,
1417 1937 1447 1965 et

124 2004 140 2018 (t
160 1990 186 2021 si
208 1987 372 2027 naufragio
390 1986 568 2025 intercepta
582 1985 623 2016 sit
634 2007 642 2022 ‚
657 1992 752 2024 quem
766 1984 845 2014 adeo
863 1983 1022 2023 iniquum,
1034 1985 1068 2014 ut
1082 1983 1193 2014 sceleri
1209 1983 1347 2022 assignet
1361 1981 1446 2021 quod

126 2051 141 2065 a.
158 2035 247 2067 venti
263 2037 296 2066 et
313 2034 432 2065 fluctus
448 2032 665 2072 deliquerint?
679 2030 864 2062 additurum
878 2030 1057 2070 Principem
1070 2030 1230 2061 defunctae
1243 2029 1400 2068 templum
1415 2029 1446 2057 et

124 2098 139 2111 ιι
158 2091 228 2115 aras
245 2083 279 2113 et
293 2083 400 2112 cetera
416 2078 618 2110 ostentandae
630 2077 753 2118 pietati.
774 2090 790 2105 u

162 2133 215 2161 IV.
242 2127 366 2159 Placuit
387 2126 544 2166 sollertia,
574 2128 717 2165 tempore
742 2124 839 2156 etiam
870 2123 999 2163 adjuta,
1025 2122 1154 2163 quando
1183 2121 1444 2161 Quinquatruum

122 2179 221 2208 festos
242 2175 310 2207 dies
330 2174 338 2192 ¹
358 2173 443 2215 apud
459 2174 550 2205 Baias
563 2171 799 2212 frequentabat.
818 2171 896 2202 illuc
911 2173 1048 2201 matrem
1066 2169 1173 2208 elicit,
1196 2168 1366 2208 ferendas
1380 2177 1445 2208 pa—

151 2252 175 2270 s.
196 2246 234 2270 De
244 2250 299 2269 uno
317 2249 367 2268 avo
381 2249 396 2267 a
416 2244 502 2267 matre
519 2244 633 2272 Poppaeo
643 2242 740 2266 Sabino
755 2241 790 2273 (v.
801 2242 843 2271 lv,
855 2240 894 2271 ⁴6)
907 2246 955 2270 per
968 2230 1204 2270 exaggerationem
1219 2239 1387 2262 dictum-4.
1401 2239 1442 2262 Au

122 2282 295 2307 tuneatNero
308 2279 503 2304 fecunditatem
520 2279 602 2308 ipsius
618 2278 711 2307 (lilium
725 2278 842 2302 habebat
856 2283 887 2301 ex
899 2277 974 2301 Rufio
985 2277 1115 2306 Crispino,
1130 2275 1243 2299 octavia
1262 2280 1316 2298 non
1327 2279 1441 2304 pepere-

120 2318 172 2346 rat)
183 2318 211 2341 et
223 2321 282 2346 quae
295 2315 396 2339 sentiat
407 2315 464 2338 sine
483 2313 641 2343 ambagibus
657 2314 838 2343 profitentem,
851 2319 884 2337 nc
895 2318 944 2342 per
956 2318 1015 2336 eam
1028 2312 1155 2342 superbia
1170 2311 1260 2334 matris
1273 2310 1440 2334 innotescat.

152 2353 187 2376 Η.
213 2357 233 2375 ι.
244 2352 302 2381 Quo
316 2351 440 2380 tempore
454 2350 650 2379 intempestivae
668 2350 747 2373 erant
763 2349 856 2378 epulae,
868 2354 902 2372 ex
916 2348 1036 2372 moribus
1049 2348 1240 2371 Romanorum.

150 2389 192 2412 ΙΙΙ.
209 2393 231 2411 ι.
243 2386 426 2415 Experiretur,
444 2387 665 2415 capesseret.—2
680 2386 725 2409 Sc.
741 2390 829 2413 suum,
844 2383 983 2408 machinas
994 2383 1027 2408 ab
1042 2389 1070 2407 se
1082 2383 1218 2407 inventas.

150 2424 191 2448 lv.
213 2428 235 2446 ι.
250 2422 382 2452 Quinque,
393 2421 456 2447 inde
471 2426 485 2445 a
505 2420 547 2445 die
559 2426 586 2445 ιε)
601 2421 697 2446 Martio
717 2420 869 2446 celebratas
881 2420 1016 2446 Minervae.
1027 2423 1081 2447 -2.
1096 2419 1189 2444 Graeco
1203 2413 1333 2455 βοαύλια
1344 2415 1441 2442 [scatio
