1539 2668
525 180 562 208 A.
584 179 623 208 15.
646 179 681 207 C.
706 178 777 207 823.
802 179 838 206 A.
863 178 897 206 C.
920 177 973 207 70.
1344 177 1401 207 401

135 259 250 287 LXXII.
277 253 405 286 Cerialis
423 251 553 293 postero
569 250 620 282 die
636 250 794 281 coloniam
810 254 1023 281 Treverorum
1041 249 1204 288 ingressus
1224 250 1291 288 est,
1309 249 1405 281 avido

94 303 196 334 milite
218 300 385 332 eruendae¹
412 299 551 331 civitatis
571 307 579 328 ε
597 310 612 324 α
633 297 716 328 hanc
739 306 809 328 esse
833 297 978 335 Classici,
1004 296 1086 327 hanc
1102 296 1232 326 Tutoris
1247 296 1404 335 patriam3

96 361 110 375 ι
128 349 243 379 horum
258 347 376 379 scelere
392 346 518 377 clausas
533 353 697 383 caesasque
719 343 869 383 legiones.
892 343 968 384 quid
984 344 1110 374 tantum
1127 346 1316 374 Cremonam
1336 352 1404 375 me-

94 409 109 423 «
127 395 231 426 ruisse
245 418 254 433 ‚
276 402 373 433 quam
390 401 407 424 e
423 391 544 432 gremio
563 390 665 422 Italiae
683 392 806 430 raptam
819 413 827 428 ‚
842 389 916 430 quia
932 390 1029 420 unius
1044 389 1148 420 noctis
1164 398 1286 420 moram
1302 390 1404 420 victo·

137 441 209 472 ibus
224 440 386 472 attulerit?
403 440 487 469 stare
502 438 534 468 in
549 437 686 468 continio
700 436 877 468 Germaniae
892 436 1048 475 integram
1061 436 1168 467 sedem
1188 436 1298 476 spoliis
1312 444 1403 467 exer-

94 500 108 514 ·
127 489 249 518 cituum
266 489 297 518 et
313 486 434 517 ducum
450 484 593 516 caedibus
605 486 769 515 ovantem.
786 484 982 523 redigeretur
999 482 1107 523 praeda
1123 483 1157 513 in
1173 483 1286 514 fiscum
1303 493 1309 513 :
1326 483 1404 522 ipsis

90 547 104 558 ι
126 534 273 565 sufficere
290 533 378 572 ignes
396 535 428 563 et
442 531 570 562 rebellis
589 531 721 562 coloniae
737 530 847 561 ruinas
860 554 869 567 ‚
887 530 1006 569 quibus
1020 531 1068 561 tot
1082 532 1261 560 castrorum
1279 530 1405 560 excidia

91 594 105 608 ι
125 582 376 620 pensarentur.»
394 577 524 610 Cerialis
539 586 557 608 a
574 576 684 608 metu²
704 577 856 615 infamiae,
871 578 900 607 si
918 576 1044 607 licentia
1059 576 1247 616 saevitiaque
1261 576 1405 607 imbuere

87 627 223 657 militem
246 625 452 663 crederetur,
472 624 590 664 pressit
611 624 689 655 iras.
709 625 741 654 et
764 632 916 663 paruere,
935 623 1038 663 posito
1057 623 1176 654 civium
1195 623 1279 654 bello
1295 623 1334 653 ad
1351 633 1404 654 ex-

87 675 177 704 terna
193 672 413 703 modesttores.
436 671 600 702 convertit
622 670 696 701 inde
712 670 837 701 animos
860 670 1036 700 accitarum
1056 679 1073 700 e
1092 670 1343 701 Mediomatricis
1360 669 1404 700 le-

86 719 217 757 gionum
236 718 429 750 miserabilis
448 718 611 757 aspectus.
630 717 760 748 stabant
777 716 974 747 conscientia
990 716 1101 755 flagitii
1122 719 1244 747 moestae
1259 740 1268 754 ‚
1287 717 1357 747 fixis
1374 717 1406 747 in

85 766 203 796 terram
216 765 327 796 oculis.
342 765 429 795 nulla
440 763 523 794 inter
536 765 688 794 coeuntes
700 763 860 794 exercitus
873 763 1095 794 consalutatio.
1110 772 1213 803 neque
1227 763 1405 795 solantibus

86 812 332 843 hortantibusve
349 819 504 850 responsa
520 810 664 849 dabant,
682 810 784 841 abditi
810 819 866 850 per
891 810 1029 842 tentoria
1050 811 1082 841 et
1105 810 1209 841 lucem
1234 811 1337 849 ipsam
1355 811 1404 841 vi·

87 860 202 891 tantes.
222 866 281 889 nec
298 856 429 896 perinde
446 857 626 896 periculum
644 858 700 887 aut
715 858 820 888 metus
838 865 935 895 quam
960 856 1062 896 pudor
1084 865 1120 887 ac
1138 856 1274 887 dedecus
1292 856 1404 887 obstu-

85 904 245 944 pefecerat
259 927 268 942 ‚
285 904 432 935 attonitis
449 903 546 934 etiam
567 902 745 933 victoribus
756 926 764 941 ‚
779 902 834 941 qui
849 911 963 933 vocem
979 911 1157 942 precesque
1173 903 1322 934 adhibere
1340 912 1404 934 non

86 951 155 981 ausi
173 951 310 982 lacrimis
331 960 368 981 ac
390 950 518 982 silentio
533 949 659 980 veniam
680 949 872 988 poscebant,
896 949 999 980 donec
1020 950 1151 980 Cerialis
1168 951 1322 981 mulceret
1341 952 1404 982 ani-

86 1006 157 1028 mos
170 997 267 1036 ‚salo
281 1000 363 1028 acta
377 997 529 1027 dictitans
545 1004 623 1035 quc&
638 996 794 1026 militum
809 995 1006 1035 (lucumque
1020 996 1192 1026 discordia
1209 997 1404 1035 relsraudc

86 1044 236 1075 hostium
253 1045 453 1075 evenissent.
467 1044 623 1082 primum
642 1042 684 1073 ill
689 1050 745 1072 um
763 1041 1011 1081 ιςίίρωιίίἑονπηι
1028 1044 1060 1073 et
1076 1046 1289 1074 sacramenti
1312 1043 1405 1074 diem

87 1090 252 1121 habereut
269 1092 453 1129 :priorum
469 1088 675 1128 facinor‘mn
700 1097 808 1128 neque
832 1090 1075 1127 imperatorem
1101 1097 1206 1129 neque
1227 1099 1263 1120 sc
1288 1092 1403 1121 memi-

87 1139 188 1168 nisse.
211 1140 288 1167 tuuc
312 1136 431 1175 recepti
455 1136 488 1166 in
512 1134 627 1166 eadem
653 1137 778 1172 castra,
798 1137 831 1165 ct
846 1134 987 1165 edictum
1006 1144 1061 1173 per
1080 1136 1260 1176 manipulos
1277 1146 1316 1168 ne
1332 1137 1404 1176 quis

87 1183 119 1214 in
133 1183 306 1214 certamine
320 1182 468 1222 jurgiove
483 1181 676 1213 seditionem
693 1183 750 1211 aut
765 1180 889 1212 cladem
908 1181 1118 1212 commilitoni
1135 1181 1319 1221 objectaret.

127 1233 259 1261 LXXIII.
275 1233 350 1260 Mox
364 1233 517 1260 Treveros
535 1237 572 1259 ac
587 1228 742 1267 Lingonas
754 1226 794 1257 ad
806 1228 992 1258 concionem
1006 1231 1137 1258 vocatos
1151 1229 1193 1260 ita
1207 1229 1380 1270 alloquitur
1394 1239 1402 1260 t

89 1288 105 1304 ι
121 1280 231 1316 Neque
255 1285 313 1315 ego
333 1285 489 1315 umquam
513 1275 696 1306 facundiam
723 1275 872 1312 exercui,
898 1277 931 1306 et
956 1275 1066 1314 populi
1089 1276 1224 1307 Romani
1249 1277 1403 1308 virtutem

89 1335 105 1350 ι
123 1323 221 1354 armis
233 1322 403 1353 affirmavi.
420 1321 478 1353 sed
491 1322 566 1361 quia
581 1321 665 1362 apud
682 1329 738 1351 vos
755 1321 854 1351 verba
870 1321 1046 1361 plurimum
1059 1322 1168 1353 valent
1180 1346 1189 1361 ,
1204 1323 1351 1363 bonaque
1366 1332 1404 1355 ac

88 1381 104 1397 ι
122 1369 206 1400 mala
228 1377 293 1399 non
313 1378 371 1399 sua
388 1371 504 1400 natura
517 1392 526 1407 ‚
547 1369 601 1399 sed
628 1368 763 1399 vocibus
784 1368 1011 1399 seditiosorum
1033 1369 1289 1408 aestiniabantur,
1306 1370 1404 1401 statui

88 1427 103 1443 a
120 1424 221 1455 pauca
234 1416 401 1455 disserere,
414 1425 487 1456 quae
501 1415 666 1456 profligato
681 1414 764 1445 bello
780 1415 890 1445 utilius
903 1414 945 1446 sit
960 1414 1048 1445 vobis
1061 1415 1188 1447 audisse
1201 1425 1298 1456 quarn
1312 1418 1406 1449 nobis

88 1477 104 1492 ι
122 1463 251 1494 dixisse.
267 1465 387 1494 terram
402 1467 543 1494 vestram
559 1464 804 1501 ceterorumque
819 1462 982 1493 Gallorum
998 1462 1130 1501 ingressi
1144 1466 1221 1495 sunt
1235 1464 1333 1495 duces
1348 1465 1404 1496 im-

88 1521 103 1537 «
121 1512 345 1549 peratoresque
367 1509 502 1540 Romani
528 1509 618 1540 nulla
642 1509 792 1548 cupidine
806 1533 814 1546 ‚
833 1508 888 1539 sed
914 1508 1090 1547 majoribus
1112 1510 1226 1541 vestris
1249 1511 1404 1543 invocan-

88 1569 102 1583 ι
121 1556 226 1595 tibus,
250 1565 331 1596 quos
354 1556 525 1587 discordiae
548 1565 652 1595 usque
676 1555 715 1586 ad
741 1555 876 1586 exitium
903 1555 1094 1594 fatigabant;
1120 1559 1152 1587 et
1172 1557 1264 1587 acciti
1284 1559 1403 1589 auxilio

88 1615 102 1628 ι
120 1603 288 1634 Germani¹
313 1603 411 1634 sociis
435 1602 554 1643 pariter
571 1605 668 1642 atque
689 1602 838 1632 hostibus
860 1602 1048 1633 servitutem
1074 1604 1304 1643 imposuerant.
1324 1608 1403 1644 quot

86 1661 101 1675 ι
121 1648 240 1688 proeliis
259 1649 414 1681 adversus
431 1649 577 1680 Cimbros
593 1651 820 1689 Teutonos-que
832 1673 840 1687 ,
857 1650 986 1689 quantis
1002 1651 1203 1693 exercituum
1220 1654 1401 1682 nostrorum

88 1707 103 1722 ι
121 1695 285 1726 laboribus
301 1705 406 1735 quove
428 1699 546 1728 eventu
565 1695 754 1727 Germanica
777 1695 860 1727 bella
877 1696 1142 1734 tractaverimus,
1167 1697 1245 1728 satis
1267 1698 1401 1729 clarum.

88 1755 104 1770 ι
122 1750 183 1773 nec
203 1741 274 1772 ideo
296 1742 442 1773 Rhenum
466 1743 646 1774 insedimus
662 1745 706 1773 «ιιι
730 1743 856 1774 Italiam
880 1746 1065 1783 tueremur,
1091 1744 1147 1774 sed
1169 1753 1209 1776 ne
1231 1745 1303 1784 quis
1320 1745 1404 1776 alius

89 1802 103 1817 ι
121 1788 302 1820 Ariovistus
317 1798 415 1828 regno
429 1789 604 1821 Galliarum
620 1790 797 1829 poteretur.
813 1799 855 1820 an
871 1799 930 1821 vos
947 1791 1084 1822 cariores
1100 1791 1193 1822 Civili
1214 1792 1404 1831 Batavisque

89 1848 104 1862 ι
121 1836 153 1866 et
165 1835 420 1866 Transrhenanis
433 1835 582 1875 gentibus
595 1835 727 1866 creditis
740 1845 837 1875 quam
852 1836 1028 1874 majoribus
1043 1846 1154 1868 eorum
1169 1841 1274 1877 patres
1288 1839 1404 1878 avique

89 1893 105 1908 ι
123 1882 222 1912 vestri
238 1881 389 1913 suerunt?
401 1882 512 1913 eadem
531 1889 658 1921 semper
675 1890 772 1912 causa
784 1883 950 1913 Germanis
966 1883 1210 1914 transcendendi
1225 1884 1256 1914 in
1273 1884 1404 1922 Gallias,

89 1939 105 1953 ι
123 1928 221 1959 libido
237 1931 332 1968 atque
346 1928 482 1959 avaritia
495 1931 527 1959 et
541 1927 707 1958 mutandae
723 1929 808 1959 sedis
825 1938 927 1968 amor,
946 1931 980 1959 ut
997 1929 1116 1960 relictis
1130 1929 1298 1969 paludibus
1310 1933 1341 1962 et
1355 1941 1402 1963 so-

91 1988 106 2002 ι
124 1975 313 2006 litudinibus
335 1976 401 2006 sins
427 1974 693 2007 fecundissimum
720 1975 780 2006 hoc
804 1976 908 2007 solum
935 1985 1058 2015 vosque
1081 1976 1169 2016 ipsos
1193 1977 1402 2016 possiderent.

92 2035 107 2049 ι
125 2025 266 2054 ceterum
287 2022 418 2054 libertas
432 2023 466 2053 et
481 2022 624 2062 speciosa
642 2023 774 2053 nomina
792 2025 1034 2063 praetexuntur;
1053 2032 1112 2054 nec
1133 2024 1303 2064 quisquam
1330 2026 1402 2057 alie-

90 2082 105 2096 ι
123 2078 200 2100 num
214 2070 381 2101 servitium
394 2071 427 2100 et
440 2069 690 2100 dominationem
705 2069 766 2100 sibi
780 2070 980 2111 concupivit,
994 2073 1106 2102 utnon
1120 2070 1231 2102 eadem
1242 2071 1300 2102 ista
1314 2081 1405 2104 voca-

91 2128 106 2143 «
124 2116 199 2146 bula
216 2118 395 2156 usurparet.

131 2166 262 2193 LXXIV·
279 2176 294 2189 «ι
309 2167 416 2202 Regna
430 2163 576 2203 bellaque
590 2171 645 2202 per
655 2163 770 2194 Gallias
783 2171 910 2202 semper
920 2163 1019 2203 suere,
1032 2163 1134 2194 donec
1151 2165 1184 2194 in
1198 2165 1343 2194 nostrum
1354 2166 1405 2203 jus

94 2222 109 2236 ιι
130 2210 359 2242 concederetis.
372 2219 443 2249 nos,
454 2219 651 2250 quamquam
662 2211 761 2241 toties
771 2210 917 2250 lacessiti,
923 2211 993 2250 jure
1005 2211 1147 2242 victoriae
1158 2211 1189 2241 id
1201 2212 1301 2242 solum
1312 2213 1405 2243 vobis

94 2267 109 2282 ι
128 2255 310 2288 addidimus
325 2267 390 2297 quo
414 2266 525 2297 pacem
540 2259 717 2289 tueremur.
739 2266 812 2287 nam
832 2266 936 2297 neque
957 2258 1049 2297 quies
1069 2258 1212 2297 gentium
1227 2258 1295 2290 sine
1309 2260 1406 2289 armis

126 2356 228 2379 LXXII.
245 2361 263 2379 ι.
279 2357 406 2380 Funditus
423 2357 551 2386 delendae,
567 2358 707 2386 vtrgiuana
726 2364 785 2385 vox,
800 2359 865 2382 AE‘n.
880 2358 910 2386 1¹,
924 2363 1031 2382 Gne-2.
1045 2360 1158 2388 Propter
1169 2360 1278 2383 metum.

127 2390 243 2415 LXXIII.
260 2395 279 2413 ι.
296 2391 352 2414 Vid.
367 2392 451 2415 Caesar
468 2392 535 2416 Bcll.
554 2392 626 2415 Gall.
642 2392 660 2420 l,
678 2397 702 2415 ει
718 2398 784 2422 sqq,
799 2393 844 2416 ubi
860 2394 939 2416 etiam
953 2393 985 2416 de
1000 2394 1155 2418 Ariovisto.
