1539 2668
513 150 550 180 A.
574 150 614 179 u.
637 149 673 178 C.
699 147 772 179 822.
807 147 844 178 A.
868 146 906 179 C.
931 146 985 177 69.
1357 148 1421 181 349

84 229 271 267 scrutatur,
298 225 431 266 agnitus
455 228 699 263 agnoscensque
722 219 756 251 et
778 227 976 259 exsanguem
998 217 1170 259 amplexus
1185 244 1195 259 ,
1213 228 1294 253 voce
1317 221 1419 255 flebili

85 276 282 320 precabatur
297 270 434 314 piat0s³
458 270 576 311 patris
602 275 742 306 manes3
772 275 855 299 neve
870 275 906 298 se
921 268 964 298 ut
978 265 1202 306 parricidam
1218 276 1420 302 aversaren-

88 328 147 359 tur
160 334 170 354 .·
189 321 367 364 publicum
383 318 420 350 id
428 317 596 357 sucinum
617 316 652 346 et
666 321 779 346 unum
798 314 950 346 militem
970 314 1112 354 quotam
1128 313 1282 345 civilium
1306 324 1420 348 armo-

87 380 168 405 rum
190 369 359 411 partem?
383 363 478 396 simul
493 363 639 394 attollere
665 369 806 401 corpus,
836 361 960 401 aperire
982 359 1146 399 humum,
1172 369 1324 400 supremo
1348 371 1422 403 erga

88 418 256 460 parentem
267 413 372 446 officio
385 411 484 451 fungi.
501 410 669 441 advertere
684 407 837 448 proximi,
853 407 971 439 deinde
984 406 1096 447 plures
1111 416 1117 437 :
1134 406 1210 438 hine
1224 417 1279 449 per
1292 418 1423 443 omnem

88 466 187 498 aciem
205 461 400 494 miraculum
416 461 448 490 et
462 458 598 498 questus
611 458 642 488 et
663 454 841 487 saevissimi
856 454 932 486 belli
951 454 1149 486 exsecratio.
1165 464 1225 486 nec
1240 463 1279 487 eo
1293 457 1423 496 segnius

90 511 289 554 propinquos
303 533 312 548 ‚
337 507 469 545 affines,
493 505 612 536 fratres
627 502 807 534 trucidatos
831 502 974 543 spoliant
986 513 996 542 3
1016 501 1139 534 factum
1166 512 1238 535 esse
1257 504 1363 537 scelus
1378 505 1423 538 lo-

89 560 236 601 quuntur
255 555 458 594 faciuntque.
869 596 875 603 .
1386 601 1392 607 .

129 608 236 637 XXVI.
261 605 304 635 Ut
332 603 524 633 Cremonam
550 606 686 637 venere,
716 606 841 629 novum
867 605 1133 638 immensumque
1159 607 1240 638 opus
1265 604 1422 634 occurrit.

89 651 271 685 Othoniano
289 650 370 681 bello
386 646 602 680 Germanicus
625 645 718 676 miles
744 644 910 676 moenibus
935 645 1205 677 Cremonensium
1225 649 1328 679 castra
1343 658 1401 681 sua
1413 676 1424 692 ,

90 700 205 732 castris
220 699 344 730 vallum
359 694 623 735 circumJecerat‚
642 701 745 733 eaque
762 692 966 724 munimenta
984 701 1097 723 rursus
1123 697 1267 727 auxerat.
1286 705 1426 736 quorum

90 748 220 788 aspectu
235 747 356 777 haesere
385 744 526 775 victores
540 767 548 782 ‚
576 741 710 772 incertis
727 740 868 772 ducibus
888 741 966 781 quid
983 741 1147 781 juberent.
1165 744 1309 783 incipere
1325 754 1427 785 oppu-

90 795 276 836 gnationem
291 793 376 824 sesso
387 800 445 832 per
456 790 542 820 diem
557 790 755 828 noctemque
768 788 915 819 exercitu
932 789 1071 820 arduum
1087 791 1119 820 et
1135 792 1225 822 nullo
1239 793 1333 832 juxta
1348 793 1425 824 sub-

90 842 173 874 sidio
196 849 326 880 anceps.
352 839 401 870 sin
429 837 619 868 Bedriacum
649 835 816 875 redirent,
842 835 1065 867 intolerandus
1088 838 1155 868 tam
1184 838 1271 879 longi
1300 841 1428 875 itineris

90 888 193 927 labor,
210 890 243 919 et
260 885 396 917 victoria
413 885 454 916 ad
472 883 601 915 irritum
620 883 860 915 revolvebatur.
881 884 1009 915 munire
1023 888 1145 923 castra,
1162 886 1195 917 id
1211 897 1339 929 quoque
1356 899 1427 931 pro.

91 935 222 976 pinquis
250 933 401 965 hostibus
425 931 672 963 sormidolosum
687 955 696 970 ,
724 940 764 961 ne
790 929 956 970 dispersos
974 932 1006 962 et
1022 941 1104 972 opus
1130 934 1300 968 molientes
1318 938 1428 970 subita

93 983 262 1023 eruptione
279 981 460 1012 turbarent.
481 988 555 1019 quae
584 988 683 1019 super
708 979 829 1009 cuncta
846 977 991 1009 terrebat
1013 979 1159 1019 ipsorum
1182 982 1273 1014 miles
1294 985 1429 1024 periculi

92 1039 191 1071 quam
215 1038 316 1060 morae
340 1028 517 1069 patientior
537 1027 684 1067 :quippe
710 1028 837 1066 ingrata
856 1035 932 1066 quae
948 1027 1043 1067 tuta,
1067 1036 1104 1059 ex
1127 1029 1310 1063 temeritate
1335 1041 1429 1074 spes;

93 1077 266 1116 omnisque
280 1076 386 1107 caedes
401 1077 434 1106 et
448 1074 585 1105 vulnera
601 1076 634 1105 et
650 1073 782 1113 sanguis
801 1073 958 1104 aviditate
979 1075 1100 1114 praedae
1119 1078 1350 1117 pensabantur.

134 1127 257 1155 XXVII.
282 1127 351 1154 Huc
380 1121 556 1154 inclinavit
584 1122 764 1160 Antonius,
790 1123 948 1162 cinqique
973 1123 1134 1156 υαίἰτιγη1
1167 1133 1295 1158 corona
1318 1128 1429 1167 jussit.

94 1171 200 1211 primo
213 1171 338 1210 sagittis
356 1170 508 1209 saxisque
524 1169 652 1200 eminus
670 1169 859 1208 certabant,
878 1170 1001 1209 majore
1015 1172 1243 1204 Flavianorum
1262 1175 1405 1214 pernicie
1419 1201 1429 1217 ,

95 1218 127 1249 in
144 1227 224 1258 quos
239 1219 300 1248 tela
317 1218 455 1258 desuper
474 1216 688 1247 lihrabantnr.
707 1225 783 1247 mox
802 1217 923 1247 vallum
944 1221 1121 1259 portasque
1140 1220 1320 1260 legionibus
1339 1224 1428 1255 attri-

94 1265 182 1304 buit,
200 1268 235 1296 ut
255 1265 416 1296 discretus
438 1264 529 1295 labor
551 1264 649 1295 sortes
674 1264 872 1304 ignavosque
892 1266 1129 1306 distingueret,
1147 1270 1245 1308 atque
1266 1269 1335 1309 ipsa
1350 1279 1429 1302 con-

94 1311 238 1346 tentione
256 1312 382 1344 decoris
398 1312 642 1344 accenderetur.
663 1312 815 1342 Proxima
832 1313 1035 1345 Bedriacensi
1055 1316 1117 1346 viae
1136 1317 1260 1347 tertiani
1279 1317 1429 1357 septima-

94 1360 192 1399 nique
206 1369 389 1399 sumpsere,
406 1359 592 1391 dexteriora
614 1358 688 1389 valli
709 1361 825 1390 octava
842 1369 879 1391 ac
900 1361 1038 1400 septima
1059 1364 1257 1401 Claudiana3
1282 1364 1431 1396 tertiade-

94 1415 250 1438 cumanos
268 1408 306 1439 ad
331 1408 514 1439 Brixianam
533 1409 659 1447 portam
679 1407 689 1424 ²
707 1408 849 1447 impetus
866 1409 950 1440 tulit.
970 1411 1105 1448 paulum
1123 1411 1196 1442 inde
1212 1420 1311 1443 morae
1325 1437 1333 1452 ,
1350 1413 1429 1445 dum

93 1462 133 1485 ex
150 1455 306 1494 proximis
328 1456 411 1495 agris
427 1455 568 1494 ligones,
588 1455 738 1486 dolabras
752 1480 760 1494 ,
779 1457 811 1488 et
829 1456 881 1487 alii
900 1457 1018 1489 salces³
1038 1458 1208 1498 scalasque
1224 1461 1428 1494 convectant.

94 1502 164 1533 tum
188 1502 280 1533 elatis
303 1511 398 1543 super
427 1502 534 1542 capita
563 1501 683 1541 scutis,
713 1502 813 1535 densa
837 1505 1003 1536 testudine
1019 1504 1028 1522 ⁴
1059 1506 1247 1538 succedunt.
1278 1511 1431 1540 Romanae

95 1549 260 1590 utrimque
276 1550 363 1581 artes
382 1563 387 1578 :
411 1549 553 1590 pondera
579 1559 734 1580 saxorum
753 1550 915 1582 Vitelliani
934 1551 1133 1592 provolvunt
1145 1578 1153 1591 ,
1171 1553 1340 1594 disjectam
1357 1555 1430 1587 ssui-

94 1596 282 1637 tantamque
298 1598 494 1629 testudinem
508 1598 628 1629 lanceis
643 1594 812 1638 contisque
826 1601 1030 1640 scrutantur,
1042 1601 1146 1632 donec
1160 1602 1264 1633 soluta
1278 1611 1432 1645 compage

94 1646 259 1675 scutorum
280 1654 457 1685 exsangues
473 1648 531 1676 aut
548 1646 669 1676 laceros
686 1648 927 1686 prosternerent
943 1648 1048 1694 multa
1063 1657 1138 1680 cum
1156 1651 1273 1689 strage.

139 1695 276 1723 XXVIlI.
303 1695 484 1724 Incesserat
508 1693 697 1732 cunctatio,
725 1694 757 1724 ni
787 1693 887 1725 duces
916 1695 1003 1726 fesso
1031 1696 1128 1727 militi
1152 1700 1183 1728 et
1210 1697 1299 1728 velut
1323 1699 1433 1731 irritas

97 1737 340 1770 exhortationes
354 1740 507 1771 abnuenti
522 1744 714 1771 Cremonam
734 1744 985 1774 monstrassent.
1004 1744 1160 1775 Hormine
1177 1745 1209 1775 id
1224 1746 1390 1785 ingenium
1405 1747 1429 1787 ¹,

97 1787 133 1815 ut
152 1786 288 1816 Messala
304 1787 400 1817 tradit
416 1810 424 1826 ‚
442 1795 483 1817 an
499 1788 605 1827 potior
622 1789 738 1818 auctor
754 1788 797 1819 sit
814 1792 849 1820 C.
868 1790 991 1822 Plinius
1011 1791 1067 1832 qui
1088 1793 1263 1823 Antonium
1281 1793 1430 1837 incusat,

97 1832 181 1862 haud
199 1831 290 1863 facile
305 1833 515 1865 discreverim
529 1858 538 1873 ‚
552 1835 612 1865 nisi
631 1834 717 1874 quod
735 1843 842 1874 neque
858 1837 1017 1868 Antonius
1034 1847 1140 1877 neque
1156 1842 1296 1871 Hormus
1311 1849 1330 1871 a
1346 1841 1432 1874 fama

97 1878 227 1919 vitaque
255 1889 314 1911 sua
339 1881 489 1920 quamvis
515 1882 656 1922 pessimo
684 1881 805 1921 flagitio
833 1883 1083 1922 degeneravere.
1115 1894 1178 1916 non
1202 1885 1271 1923 jam
1299 1889 1432 1928 sanguis

98 1935 202 1966 neque
219 1927 355 1958 vulnera
369 1928 590 1967 morabantur,
607 1929 687 1969 quin
701 1928 892 1961 subruerent
909 1931 1030 1962 vallum
1047 1933 1282 1973 quaterentque
1299 1936 1407 1974 portas
1419 1961 1430 1977 ,

97 1973 199 2004 innixi
217 1974 362 2006 humeris
382 1977 415 2007 et
434 1985 532 2016 super
551 1977 698 2007 iteratam
718 1975 920 2008 testudinem
944 1979 1139 2010 scandentes
1157 1984 1349 2019 prensarent
1369 1983 1430 2014 ho-

98 2020 197 2052 stium
214 2021 276 2052 tela
292 2021 500 2063 brachiaque.
517 2023 634 2062 integri
649 2032 724 2054 cum
742 2023 863 2055 sauciis
876 2048 884 2063 ‚
900 2024 1078 2057 semineces
1096 2036 1170 2058 cum
1186 2029 1430 2068 exspirantibus

98 2068 286 2108 volvuntur,
306 2070 395 2100 varia
412 2070 618 2110 pereuntium
638 2071 740 2102 forma
756 2074 788 2102 et
802 2073 892 2103 omni
912 2073 1053 2112 imagine
1069 2075 1224 2106 mortium
1235 2074 1259 2107 ².

139 2119 246 2147 XXIX.
270 2117 471 2149 Acerrimum
493 2119 599 2150 tertiae
623 2119 836 2159 septimaeque
852 2120 1015 2160 legionum
1033 2124 1215 2162 certamem
1234 2126 1265 2155 et
1280 2123 1348 2155 dux
1363 2125 1429 2156 An-

99 2163 209 2194 tonius
234 2172 309 2195 cum
335 2164 465 2197 delectis
488 2166 701 2198 auxiliaribus
726 2167 839 2199 eodem
862 2168 1063 2202 incubuerat.
1083 2169 1267 2202 obstinatos
1290 2170 1376 2204 inter
1392 2178 1429 2203 se

101 2261 152 2280 —5.
165 2254 200 2280 Ut
210 2259 301 2282 essent
315 2258 379 2287 plati
394 2261 421 2284 et
437 2261 556 2290 propitii.
575 2261 625 2285 Alii
636 2261 776 2290 placatos.

130 2291 233 2315 xxvn.
248 2297 270 2316 ι.
286 2293 551 2320 Vitellianoruin.-2.
569 2297 633 2326 Quae
643 2298 786 2325 spectabat
796 2298 866 2322 viam
878 2299 993 2324 Brixiam
1008 2301 1226 2326 ducentem-5.
1241 2302 1284 2327 Se.
1298 2303 1426 2332 murales,

102 2325 136 2350 ad
151 2333 256 2351 murum
268 2328 516 2356 subruendum-⁴.
526 2333 615 2356 scutis
626 2332 743 2357 formato
755 2335 875 2364 tegmine
889 2341 971 2366 super
982 2337 1131 2367 capitibus.

130 2361 251 2386 XXVlll.
265 2368 287 2387 ι.
304 2364 454 2397 Inventum,
470 2369 655 2398 excogitatum
665 2367 839 2398 ingenim-2.
852 2371 986 2396 Generum
1001 2374 1107 2397 mortis.
