1539 2668
143 194 184 226 70
540 195 671 224 TACITI
695 196 903 225 ANNALIUM
925 198 998 226 LIB.
1023 198 1078 227 111.

146 282 161 297 «
180 269 342 301 Plancinae
356 268 368 286 ³
389 278 396 299 :
414 268 549 309 petitam
566 269 667 301 armis
682 269 935 310 rempublicam,
950 271 1053 311 utque
1071 279 1146 302 reus
1163 270 1213 310 agi
1228 270 1239 289 ⁴
1259 271 1392 312 posset,
1407 271 1475 305 acie

146 330 161 344 ⁸
203 316 318 347 letum.
337 329 353 344 »ι

180 325 265 395 ζαν.
293 363 444 395 Defensio
463 363 495 394 in
513 362 629 394 ceteris
651 362 826 404 trepidavit
843 364 852 382 ¹
873 373 881 396 :
900 374 975 396 nam
992 373 1098 405 neque
1118 364 1332 397 ambitionem
1353 365 1474 397 milita-

142 417 210 441 rem
224 419 329 450 neque
343 410 545 450 provinciam
563 409 703 450 pessimo
719 410 836 451 cuique
852 410 1039 452 obnoxiam,
1055 420 1095 443 ne
1111 412 1324 443 contumelias
1340 412 1474 452 quidem
1521 423 1522 426 ¹

142 456 316 488 adversum
337 457 565 497 imperatorem
583 456 714 488 infitiari
730 459 857 498 poterat
876 469 883 489 ε
900 459 1005 490 solum
1026 458 1144 490 veneni
1165 458 1288 489 crimen
1311 458 1403 490 visus
1425 461 1475 491 est

141 502 286 535 diluisse.
306 503 393 544 quod
412 513 452 535 ne
473 506 677 535 accusatores
699 504 829 544 quidem
849 505 928 537 satis
947 505 1137 546 firmabant,
1161 507 1196 537 in
1216 507 1369 538 convivio
1390 507 1474 537 Ger·
1520 519 1521 522 ¹

140 552 281 590 manici,
301 559 409 591 quum
421 559 529 590 super
549 559 627 582 eum
646 553 725 582 Piso
742 551 996 593 discumberet,
1016 552 1162 592 injectos
1175 551 1186 570 ²
1210 552 1372 583 manibus
1399 552 1475 592 ejus
1520 557 1521 571 ³

141 596 229 628 cibos
242 600 423 637 arguentes,
446 597 567 638 quippe
580 597 759 629 absurdum
780 598 976 638 videbatur,
994 598 1079 630 inter
1095 599 1198 630 aliena
1223 598 1354 629 servitia
1370 600 1402 630 et
1424 599 1475 631 tot
1519 610 1520 615 ¹

141 644 317 676 astantium
332 645 401 676 visu
412 668 422 685 ,
440 645 512 685 ipso
530 644 720 676 Germanico
738 654 846 676 coram
857 670 866 687 ,
883 645 916 676 id
930 655 1057 677 ausum.
1079 645 1300 685 offerebatque
1317 645 1474 677 familiam

142 698 213 721 reus
227 693 258 722 et
277 691 447 723 ministros
462 691 473 710 ³
492 691 526 723 in
543 692 705 723 tormenta
720 691 896 732 flagitabat.
917 693 975 724 Sed
992 691 1116 732 judices
1133 701 1189 732 per
1210 691 1338 723 diversa
1361 692 1476 733 impla·
1524 701 1525 708 ¹

139 736 258 768 cabiles
273 738 377 777 erant,
395 742 503 770 Caesar
519 738 561 770 ob
577 738 698 770 bellum
712 740 888 785 provinciae
905 740 1044 780 illatum,
1063 741 1196 771 senatus
1212 747 1379 779 nunquam
1393 739 1474 770 satis

139 784 262 816 credito
277 786 347 817 sine
360 785 471 817 fraude
479 788 705 818 Germanicum
716 786 931 818 interiissc...
950 785 1187 827 scripsissenffl
1202 786 1444 826 expostulantes
1463 795 1471 815 :
1522 789 1525 817 l

139 831 227 870 quod
243 832 328 863 haud
346 833 455 863 minus
472 832 619 864 Tiberius
636 842 734 873 quam
754 833 826 864 Piso
842 834 993 865 abnuere.
1010 834 1112 865 Simul
1129 833 1242 873 populi
1259 835 1334 864 ante
1350 834 1473 864 curiam
1522 823 1525 861 ὲ

138 885 235 909 voces
254 879 488 919 audiebantur,
506 888 574 911 non
592 882 849 921 temperaturos
867 880 1045 921 manibus,
1060 881 1090 913 si
1112 882 1265 912 Patrum
1282 880 1474 913 sententias

139 927 311 958 evasisset.
330 926 516 967 effigiesque
537 926 665 958 Pisonis
689 928 855 960 traxerant
877 929 910 960 in
932 927 1102 960 Gemonias
1116 928 1127 946 ⁵
1146 935 1183 959 ac
1204 926 1422 966 divellebant,
1438 926 1475 958 ni
1520 930 1522 939 ⁴

135 970 224 1010 jussu
251 972 408 1013 Principis
432 974 588 1014 protectae
612 974 827 1015 repositaeque
853 974 970 1007 forent.
996 975 1097 1015 Igitur
1112 974 1243 1006 inditus
1267 973 1390 1006 lecticae
1411 975 1475 1006 eta
1520 981 1522 1014 ᾗ

137 1018 270 1051 tribuno
286 1020 449 1061 praetoriae
461 1020 605 1052 cohortis
627 1021 786 1053 deductus
799 1023 867 1063 est,
883 1022 976 1054 vario
991 1030 1138 1061 rumore,
1155 1021 1266 1053 custos
1284 1021 1415 1062 salutis,
1431 1030 1472 1053 an
1521 1030 1523 1053 ῑ

137 1066 251 1097 mortis
264 1069 398 1098 exactor
413 1068 615 1107 sequeretur.

178 1116 243 1144 XV.
269 1113 387 1145 Eadem
402 1114 564 1145 Plancinae
580 1113 722 1152 invidia,
740 1114 843 1154 major
865 1115 987 1154 gratia3
1007 1121 1110 1154 eoque
1130 1113 1320 1153 ambiguum
1338 1112 1473 1145 habeba·
1520 1137 1521 1140 η

136 1158 211 1198 tur,
235 1162 394 1200 quantum
416 1160 535 1192 Caesari
561 1160 596 1191 in
612 1169 683 1191 eam
697 1161 819 1192 liceret.
839 1164 937 1201 atque
959 1161 1047 1199 ipsa,
1073 1160 1176 1192 donec
1198 1159 1340 1191 mediae¹
1363 1159 1473 1192 Pisoni
1519 1165 1521 1200 j

137 1211 222 1245 spes,
239 1208 366 1238 sociam
383 1215 418 1238 se
437 1207 685 1247 cujuscumque
696 1206 857 1245 fortunoe
871 1209 922 1247 et,
939 1209 968 1239 si
984 1209 1038 1239 ita
1046 1206 1164 1247 ferret
1178 1230 1187 1246 ,
1205 1209 1362 1239 comitem
1377 1207 1474 1239 escitii
1519 1220 1520 1241 3

137 1252 358 1290 promittebat.
374 1255 412 1285 ut
426 1253 559 1285 secretis
572 1254 727 1293 Augustae
745 1254 897 1294 precibus
910 1254 1037 1285 veniam
1058 1253 1219 1292 obtinuit,
1239 1253 1409 1294 paullatim
1426 1262 1473 1286 se·
1517 1270 1519 1284 ,ι

140 1299 295 1338 gregaria
312 1300 448 1338 marito,
469 1300 613 1331 dividere
630 1300 851 1331 defensionem
874 1301 986 1341 coepit.
1012 1300 1099 1341 quod
1124 1309 1198 1332 reus
1216 1302 1388 1341 postquam
1410 1300 1473 1332 sibi

139 1345 306 1377 exitiabile
321 1346 487 1386 intelligit,
502 1355 542 1377 an
557 1346 666 1378 adhuc
679 1348 882 1386 experiretur
896 1347 1048 1378 dubitans
1061 1371 1069 1386 ‚
1091 1346 1298 1378 hortantibus
1315 1347 1389 1379 filiis
1410 1347 1472 1379 du·
1517 1381 1519 1388 J

138 1392 188 1422 rat
210 1393 352 1424 mentem
366 1416 374 1430 ‚
401 1393 616 1432 senatumque
635 1401 765 1424 rursum
786 1393 985 1433 ingreditur3
1007 1393 1323 1434 redintegratamque
1345 1403 1472 1426 accusa·

137 1437 281 1479 tionem,
306 1439 446 1470 infensas
463 1441 595 1471 Patrum
611 1447 727 1479 voces,
741 1439 877 1471 adversa
891 1443 923 1471 et
940 1448 1027 1472 saeva
1049 1443 1167 1471 cuncta
1181 1449 1367 1481 perpessus,
1383 1441 1472 1473 nullo

138 1486 243 1525 magis
259 1486 434 1518 exterritus
461 1488 508 1518 est
532 1495 630 1526 quam
657 1486 745 1526 quod
764 1486 931 1518 Tiberium
956 1487 1026 1518 sine
1055 1487 1284 1528 miseratione,
1307 1487 1376 1520 sine
1400 1487 1468 1529 ira,
1515 1487 1517 1500 ⁹

138 1532 337 1564 obstinatum
354 1533 564 1573 clausumque
577 1532 678 1573 vidit,
696 1542 736 1564 ne
753 1543 818 1573 quo
832 1534 952 1566 affectu
967 1536 1242 1574 perrumperetur.
1266 1534 1386 1566 relatus
1409 1535 1470 1567 do-

139 1588 227 1611 mum
242 1603 249 1618 ‚
265 1581 432 1620 tamquam
449 1579 668 1611 defensionem
686 1580 719 1610 in
742 1581 908 1620 posterum
926 1580 1155 1620 meditaretur,
1173 1589 1277 1621 pauca
1294 1580 1471 1613 conscribit
1509 1580 1510 1585 ’

138 1626 352 1666 obsignatque
377 1628 410 1658 et
436 1626 551 1658 liberto
565 1626 676 1658 tradit.
703 1629 773 1657 tum
800 1627 895 1658 solita
914 1627 1058 1659 curando
1080 1627 1211 1668 corpori
1236 1629 1426 1668 exsequitur
1442 1627 1470 1662 ².
1508 1621 1515 1669 J

138 1672 213 1704 dein
232 1674 369 1704 multam
391 1676 467 1714 post
484 1674 632 1713 noctem,
646 1682 773 1714 egressa
788 1674 939 1705 cubiculo
957 1683 1079 1713 uxore,
1104 1675 1232 1715 operiri
1241 1674 1339 1715 fores
1349 1674 1469 1715 jussit:
1508 1681 1509 1685 ’

138 1723 170 1752 et
185 1721 289 1760 coepta
305 1721 376 1752 luce
394 1721 541 1761 perfosso
558 1721 667 1761 iugulo
679 1745 688 1760 ‚
700 1720 829 1760 jacente
843 1721 933 1752 humi
954 1720 1059 1761 gladio
1070 1744 1079 1759 ,
1098 1722 1246 1761 repertus
1269 1723 1326 1753 est.
1507 1743 1508 1747 ,

179 1771 260 1800 XVI.
285 1767 403 1799 Audire
418 1776 468 1798 me
482 1767 619 1798 memini
635 1775 677 1798 ex
695 1766 900 1807 senioribus,
923 1767 1032 1798 visum
1049 1767 1167 1808 saepius
1180 1767 1265 1798 inter
1283 1776 1399 1799 manus
1420 1767 1470 1799 Pi·
1514 1774 1515 1777 ’

139 1815 228 1847 sonis
245 1814 409 1853 libellum,
427 1823 525 1854 quem
543 1814 611 1855 ipse
624 1823 690 1845 non
712 1814 909 1855 vulgaverit3
927 1813 983 1846 sed
1007 1815 1130 1846 amicos
1147 1814 1217 1854 ejus
1243 1814 1445 1847 dictitavisse
1459 1838 1469 1854 ‚
1506 1811 1507 1814 ’

140 1875 154 1890 ι
171 1862 293 1893 litteras
315 1860 433 1892 Tiberii
457 1862 490 1892 et
511 1861 664 1892 mandata
681 1860 715 1891 in
733 1861 961 1893 Germanicum
981 1861 1165 1901 contineri,
1189 1869 1226 1892 ac
1242 1861 1439 1894 destinatum
1456 1861 1465 1880 ¹

140 1921 155 1936 α
173 1907 435 1949 promere‘apud
456 1909 586 1946 Patres,
605 1907 852 1948 principemque
870 1916 1022 1948 arguere,
1042 1908 1077 1939 ni
1095 1907 1205 1939 elusus
1229 1916 1248 1939 a
1271 1908 1384 1939 Seiano
1413 1917 1469 1949 per
1505 1905 1511 1922 ³

139 1968 156 1983 «
174 1964 257 1986 vana
272 1954 433 1995 promissa
447 1955 546 1993 soret;
566 1962 625 1985 nec
641 1954 734 1985 illum
753 1956 870 1994 sponte
885 1955 1099 1995 exstinctum,
1113 1962 1225 1986 verum
1241 1954 1384 1986 immisso
1398 1963 1467 1995 per·
1510 1959 1511 1962 ’

140 2014 155 2028 ε
174 2004 350 2033 cussore.”=›
367 2009 506 2040 quorum
520 2002 673 2032 neutrum
689 2001 960 2040 asseveraverim;
976 2010 1079 2042 neque
1090 2003 1199 2032 tamen
1213 2001 1359 2032 occulere
1371 2001 1468 2032 debui

138 2051 302 2079 narratum
319 2048 359 2079 ab
373 2048 434 2088 iis,
457 2047 514 2089 qui
531 2049 673 2080 nostram
691 2049 731 2080 ad
757 2049 926 2089 juventam
953 2048 1165 2079 duraverunt.
1186 2051 1310 2087 Caesar,
1328 2047 1412 2080 flexo
1431 2049 1466 2080 in
1503 2052 1510 2057 ’

139 2095 330 2127 moestitiam
348 2103 422 2134 ore,
435 2103 537 2128 suam
550 2095 717 2128 invidiam
732 2097 799 2129 tali
816 2097 928 2128 morte
946 2095 1130 2136 quaesitam
1142 2116 1153 2135 ,
1168 2095 1254 2135 apud
1268 2097 1418 2127 senatum
1428 2094 1463 2135 ’ς

139 2176 160 2195 ³.
171 2170 204 2193 V.
220 2169 254 2198 11,
267 2172 304 2192 ⁷5.
319 2181 348 2185 —
360 2173 375 2192 ⁴
385 2169 414 2193 In
427 2169 560 2198 iudicium
574 2170 683 2195 adduct.

167 2204 235 2228 XIV.
247 2209 266 2229 ι.
279 2204 386 2228 Infirma
397 2204 456 2228 tuit.
469 2217 499 2222 —
510 2209 535 2229 2.
549 2206 592 2229 Sc.
601 2211 717 2231 veneno.
727 2218 756 2224 —
769 2211 784 2230 a
798 2206 844 2232 Sc.
861 2205 1023 2230 Germanici.
1035 2217 1061 2222 —
1070 2209 1094 2228 Δ.
1107 2204 1232 2234 Quaedam
1251 2203 1295 2228 hic
1307 2204 1391 2228 verba
1404 2211 1464 2235 per—

142 2241 247 2267 ierunt,
265 2239 364 2268 quibus
378 2239 554 2264 indicabatur
573 2246 695 2270 quaenam
713 2240 815 2270 scripta
838 2241 978 2264 senatores
1002 2239 1034 2264 ad
1054 2245 1163 2263 causam
1184 2239 1402 2268 cognoscendam
1420 2239 1463 2263 vel
1501 2240 1502 2243 ’

140 2275 314 2299 accusatores
327 2274 555 2304 expostulassent.
570 2287 598 2292 —-
611 2281 633 2298 s.
650 2277 692 2300 Sc.
711 2276 807 2303 scalas,
821 2275 911 2299 locum
926 2275 1091 2304 praecipitem
1112 2275 1138 2298 in
1155 2274 1226 2298 clivo
1241 2274 1399 2304 Capitolino,
1412 2280 1462 2305 per
1506 2273 1507 2277 ’

139 2316 220 2340 quem
238 2309 332 2339 capitis
346 2309 465 2334 damnati
486 2311 513 2333 et
532 2309 671 2334 interfecti
692 2311 768 2334 uncis
788 2311 815 2334 iu
833 2310 951 2334 Tiberim
973 2309 1163 2335 trahebantur.
1183 2309 1367 2338 Βῐυειίεόαητ,
1382 2309 1409 2333 in
1429 2314 1461 2334 eo
1504 2332 1506 2335 ,
1537 2312 1539 2328 2

140 2346 218 2370 erant
235 2346 265 2368 ut
277 2345 381 2368 tractas
395 2343 655 2374 divellerent;q110d
670 2344 805 2374 fecissent,
824 2345 854 2368 m*
869 2346 921 2369 etc.
1504 2372 1505 2378 ἵ

169 2381 226 2405 XV.
245 2385 266 2403 ι.
285 2379 425 2409 Ambiguae
437 2380 508 2405 tnter
519 2380 717 2405 absolutionem
732 2382 760 2405 et
776 2380 1044 2405 condemnationem.
1059 2392 1087 2398 ·-—
1101 2385 1122 2404 2.
1138 2381 1230 2410 navat,
1245 2379 1366 2410 ungitur,
1378 2379 1459 2404 frica-

142 2418 194 2445 tur,
213 2416 369 2445 extergitur,
382 2417 479 2440 coeuat.

172 2450 240 2476 XVI.
254 2456 274 2475 ι.
288 2451 330 2474 Sc.
348 2450 431 2474 tuisse
443 2450 542 2475 Pisoni.
553 2463 580 2469 —
591 2454 613 2476 2.
624 2450 670 2475 Sc.
694 2451 774 2481 dicit;
796 2451 818 2475 si
835 2451 942 2481 quidem
963 2451 1039 2475 locus
1060 2451 1104 2474 hic
1120 2450 1225 2480 integer
1242 2451 1290 2480 est,
1317 2449 1350 2473 de
1363 2454 1416 2479 qua
1426 2452 1459 2473 re
