<?xml version="1.0" encoding="UTF-8"?>
<!DOCTYPE html PUBLIC "-//W3C//DTD XHTML 1.0 Transitional//EN"
    "http://www.w3.org/TR/xhtml1/DTD/xhtml1-transitional.dtd">
<html xmlns="http://www.w3.org/1999/xhtml" xml:lang="en" lang="en">
 <head>
  <title>
</title>
<meta http-equiv="Content-Type" content="text/html;charset=utf-8" />
  <meta name='ocr-system' content='tesseract 3.04.00' />
  <meta name='ocr-capabilities' content='ocr_page ocr_carea ocr_par ocr_line ocrx_word'/>
</head>
<body>
  <div class='ocr_page' id='page_1' title='image "./operaquaesupersu00taciuoft_0217.png"; bbox 0 0 1539 2668; ppageno 0'>
   <div class='ocr_carea' id='block_1_1' title="bbox 476 147 1379 183">
    <p class='ocr_par' dir='ltr' id='par_1_1' title="bbox 476 147 1379 183">
     <span class='ocr_line' id='line_1_1' title="bbox 476 147 1379 183; baseline 0.007 -6"><span class='ocrx_word' id='word_1_1' title='bbox 476 150 511 178; x_wconf 79' lang='lat' dir='ltr'>A.</span> <span class='ocrx_word' id='word_1_2' title='bbox 536 150 574 178; x_wconf 89' lang='lat' dir='ltr'>U.</span> <span class='ocrx_word' id='word_1_3' title='bbox 601 150 636 179; x_wconf 90' lang='lat' dir='ltr'>C.</span> <span class='ocrx_word' id='word_1_4' title='bbox 655 150 727 179; x_wconf 90' lang='lat'><strong>807.</strong></span> <span class='ocrx_word' id='word_1_5' title='bbox 753 151 789 178; x_wconf 73' lang='lat' dir='ltr'>A.</span> <span class='ocrx_word' id='word_1_6' title='bbox 808 151 848 179; x_wconf 88' lang='lat' dir='ltr'>&#39;C.</span> <span class='ocrx_word' id='word_1_7' title='bbox 874 147 926 179; x_wconf 81' lang='lat'>54.</span> <span class='ocrx_word' id='word_1_8' title='bbox 1313 152 1379 183; x_wconf 76' lang='lat'>185</span> 
     </span>
    </p>
   </div>
   <div class='ocr_carea' id='block_1_2' title="bbox 49 214 1397 2385">
    <p class='ocr_par' dir='ltr' id='par_1_2' title="bbox 49 214 1387 725">
     <span class='ocr_line' id='line_1_2' title="bbox 51 214 1383 260; baseline 0.004 -13"><span class='ocrx_word' id='word_1_9' title='bbox 51 218 88 247; x_wconf 92' lang='lat' dir='ltr'>L.</span> <span class='ocrx_word' id='word_1_10' title='bbox 108 214 214 246; x_wconf 87' lang='lat' dir='ltr'>Silano</span> <span class='ocrx_word' id='word_1_11' title='bbox 229 224 340 247; x_wconf 81' lang='lat' dir='ltr'><strong>necem</strong></span> <span class='ocrx_word' id='word_1_12' title='bbox 358 216 468 247; x_wconf 91' lang='lat' dir='ltr'>molita</span> <span class='ocrx_word' id='word_1_13' title='bbox 488 217 625 248; x_wconf 84' lang='lat' dir='ltr'>ultorem</span> <span class='ocrx_word' id='word_1_14' title='bbox 642 217 823 257; x_wconf 80' lang='lat' dir='ltr'>metuebat,</span> <span class='ocrx_word' id='word_1_15' title='bbox 836 217 948 249; x_wconf 86' lang='lat' dir='ltr'>crebra</span> <span class='ocrx_word' id='word_1_16' title='bbox 963 217 1052 257; x_wconf 75' lang='lat' dir='ltr'>vulgi</span> <span class='ocrx_word' id='word_1_17' title='bbox 1068 218 1165 257; x_wconf 82' lang='lat' dir='ltr'>fama,</span> <span class='ocrx_word' id='word_1_18' title='bbox 1177 221 1383 260; x_wconf 81' lang='lat' dir='ltr'>anteponen-</span> 
     </span>
     <span class='ocr_line' id='line_1_3' title="bbox 53 261 1384 306; baseline 0.005 -12"><span class='ocrx_word' id='word_1_19' title='bbox 53 261 138 294; x_wconf 86' lang='lat' dir='ltr'>dum</span> <span class='ocrx_word' id='word_1_20' title='bbox 162 271 231 294; x_wconf 83' lang='lat' dir='ltr'>esse</span> <span class='ocrx_word' id='word_1_21' title='bbox 247 262 389 294; x_wconf 51' lang='lat' dir='ltr'>vixdum</span> <span class='ocrx_word' id='word_1_22' title='bbox 404 265 594 303; x_wconf 72' lang='lat' dir='ltr'>pueritiam</span> <span class='ocrx_word' id='word_1_23' title='bbox 619 273 749 304; x_wconf 71' lang='lat' dir='ltr'>eqresso</span> <span class='ocrx_word' id='word_1_24' title='bbox 767 267 896 297; x_wconf 67' lang='lat' dir='ltr'>Nerone*</span> <span class='ocrx_word' id='word_1_25' title='bbox 921 267 955 296; x_wconf 77' lang='lat' dir='ltr'>et</span> <span class='ocrx_word' id='word_1_26' title='bbox 973 266 1159 305; x_wconf 75' lang='lat' dir='ltr'>imperium</span> <span class='ocrx_word' id='word_1_27' title='bbox 1183 275 1246 306; x_wconf 83' lang='lat' dir='ltr'>per</span> <span class='ocrx_word' id='word_1_28' title='bbox 1271 268 1384 301; x_wconf 76' lang='lat' dir='ltr'>scelus</span> 
     </span>
     <span class='ocr_line' id='line_1_4' title="bbox 53 307 1385 356; baseline 0.006 -16"><span class='ocrx_word' id='word_1_29' title='bbox 53 307 181 348; x_wconf 74' lang='lat' dir='ltr'>adepto</span> <span class='ocrx_word' id='word_1_30' title='bbox 198 311 312 341; x_wconf 75' lang='lat' dir='ltr'>virum</span> <span class='ocrx_word' id='word_1_31' title='bbox 328 312 433 342; x_wconf 81' lang='lat' dir='ltr'>oetatc</span> <span class='ocrx_word' id='word_1_32' title='bbox 448 313 637 351; x_wconf 66' lang='lat' dir='ltr'>composita</span> <span class='ocrx_word' id='word_1_33' title='bbox 649 335 658 350; x_wconf 95' lang='lat'>,</span> <span class='ocrx_word' id='word_1_34' title='bbox 681 313 869 351; x_wconf 73' lang='lat' dir='ltr'>insontem,</span> <span class='ocrx_word' id='word_1_35' title='bbox 884 312 1032 344; x_wconf 68' lang='lat' dir='ltr'>nobilem</span> <span class='ocrx_word' id='word_1_36' title='bbox 1048 314 1101 352; x_wconf 81' lang='lat' dir='ltr'>et,</span> <span class='ocrx_word' id='word_1_37' title='bbox 1115 313 1202 352; x_wconf 89' lang='lat' dir='ltr'>quod</span> <span class='ocrx_word' id='word_1_38' title='bbox 1217 314 1296 345; x_wconf 90' lang='lat' dir='ltr'>tunc</span> <span class='ocrx_word' id='word_1_39' title='bbox 1314 324 1385 356; x_wconf 86' lang='lat' dir='ltr'>spe·</span> 
     </span>
     <span class='ocr_line' id='line_1_5' title="bbox 51 355 1386 402; baseline 0.005 -16"><span class='ocrx_word' id='word_1_40' title='bbox 51 355 194 387; x_wconf 85' lang='lat' dir='ltr'>ctaretur</span> <span class='ocrx_word' id='word_1_41' title='bbox 206 381 215 396; x_wconf 91' lang='lat'>,</span> <span class='ocrx_word' id='word_1_42' title='bbox 244 365 262 388; x_wconf 81' lang='lat' dir='ltr'>e</span> <span class='ocrx_word' id='word_1_43' title='bbox 295 359 473 388; x_wconf 82' lang='lat' dir='ltr'>Coesarum</span> <span class='ocrx_word' id='word_1_44' title='bbox 498 360 643 397; x_wconf 62' lang='lat' dir='ltr'>posteris</span> <span class='ocrx_word' id='word_1_45' title='bbox 661 369 670 389; x_wconf 91' lang='grc'>.·</span> <span class='ocrx_word' id='word_1_46' title='bbox 687 359 806 399; x_wconf 85' lang='lat' dir='ltr'>quippe</span> <span class='ocrx_word' id='word_1_47' title='bbox 819 362 851 390; x_wconf 84' lang='lat' dir='ltr'>et</span> <span class='ocrx_word' id='word_1_48' title='bbox 870 359 995 391; x_wconf 85' lang='lat' dir='ltr'>Silanus</span> <span class='ocrx_word' id='word_1_49' title='bbox 1010 359 1076 390; x_wconf 84' lang='lat' dir='ltr'>divi</span> <span class='ocrx_word' id='word_1_50' title='bbox 1095 360 1228 399; x_wconf 76' lang='lat' dir='ltr'>Augusti</span> <span class='ocrx_word' id='word_1_51' title='bbox 1243 360 1386 402; x_wconf 83' lang='lat' dir='ltr'>abnepos</span> 
     </span>
     <span class='ocr_line' id='line_1_6' title="bbox 49 403 1387 446; baseline 0.003 -11"><span class='ocrx_word' id='word_1_52' title='bbox 49 404 122 435; x_wconf 84' lang='lat' dir='ltr'>erat</span> <span class='ocrx_word' id='word_1_53' title='bbox 138 403 163 434; x_wconf 89' lang='lat'>².</span> <span class='ocrx_word' id='word_1_54' title='bbox 185 404 255 435; x_wconf 79' lang='lat' dir='ltr'>haec</span> <span class='ocrx_word' id='word_1_55' title='bbox 273 413 369 435; x_wconf 87' lang='lat' dir='ltr'>causa</span> <span class='ocrx_word' id='word_1_56' title='bbox 385 405 485 435; x_wconf 89' lang='lat' dir='ltr'>necis.</span> <span class='ocrx_word' id='word_1_57' title='bbox 503 405 641 436; x_wconf 90' lang='lat' dir='ltr'>ministri</span> <span class='ocrx_word' id='word_1_58' title='bbox 655 406 742 436; x_wconf 82' lang='lat' dir='ltr'>suere</span> <span class='ocrx_word' id='word_1_59' title='bbox 766 410 798 437; x_wconf 88' lang='lat' dir='ltr'>P.</span> <span class='ocrx_word' id='word_1_60' title='bbox 816 406 917 445; x_wconf 89' lang='lat' dir='ltr'>Celer,</span> <span class='ocrx_word' id='word_1_61' title='bbox 935 415 1032 446; x_wconf 84' lang='lat' dir='ltr'>eques</span> <span class='ocrx_word' id='word_1_62' title='bbox 1048 410 1223 446; x_wconf 88' lang='lat' dir='ltr'>Romanus,</span> <span class='ocrx_word' id='word_1_63' title='bbox 1233 410 1266 439; x_wconf 90' lang='lat' dir='ltr'>et</span> <span class='ocrx_word' id='word_1_64' title='bbox 1276 409 1387 441; x_wconf 84' lang='lat' dir='ltr'>Helius</span> 
     </span>
     <span class='ocr_line' id='line_1_7' title="bbox 52 448 1385 494; baseline 0.003 -12"><span class='ocrx_word' id='word_1_65' title='bbox 52 448 208 489; x_wconf 83' lang='lat' dir='ltr'>libertus,</span> <span class='ocrx_word' id='word_1_66' title='bbox 231 451 276 482; x_wconf 90' lang='lat' dir='ltr'>rei</span> <span class='ocrx_word' id='word_1_67' title='bbox 296 451 448 482; x_wconf 81' lang='lat' dir='ltr'>familiari</span> <span class='ocrx_word' id='word_1_68' title='bbox 462 452 620 493; x_wconf 89' lang='lat' dir='ltr'>Principis</span> <span class='ocrx_word' id='word_1_69' title='bbox 634 452 665 483; x_wconf 93' lang='lat' dir='ltr'>in</span> <span class='ocrx_word' id='word_1_70' title='bbox 682 453 757 484; x_wconf 85' lang='lat' dir='ltr'>Asia</span> <span class='ocrx_word' id='word_1_71' title='bbox 770 453 910 493; x_wconf 83' lang='lat' dir='ltr'><strong>impositi</strong></span> <span class='ocrx_word' id='word_1_72' title='bbox 924 453 949 484; x_wconf 80' lang='lat'>³.</span> <span class='ocrx_word' id='word_1_73' title='bbox 968 454 1008 484; x_wconf 93' lang='lat' dir='ltr'>ab</span> <span class='ocrx_word' id='word_1_74' title='bbox 1025 453 1074 485; x_wconf 89' lang='lat' dir='ltr'>bis</span> <span class='ocrx_word' id='word_1_75' title='bbox 1091 455 1277 494; x_wconf 84' lang='lat' dir='ltr'><strong>proconsuli</strong></span> <span class='ocrx_word' id='word_1_76' title='bbox 1291 464 1385 487; x_wconf 85' lang='lat' dir='ltr'>vene-</span> 
     </span>
     <span class='ocr_line' id='line_1_8' title="bbox 53 497 1386 542; baseline 0.003 -13"><span class='ocrx_word' id='word_1_77' title='bbox 53 507 133 530; x_wconf 90' lang='lat' dir='ltr'>num</span> <span class='ocrx_word' id='word_1_78' title='bbox 151 498 236 529; x_wconf 86' lang='lat' dir='ltr'>inter</span> <span class='ocrx_word' id='word_1_79' title='bbox 252 497 364 538; x_wconf 83' lang='lat' dir='ltr'>epulas</span> <span class='ocrx_word' id='word_1_80' title='bbox 376 498 488 529; x_wconf 89' lang='lat' dir='ltr'>datum</span> <span class='ocrx_word' id='word_1_81' title='bbox 503 502 553 531; x_wconf 92' lang='lat' dir='ltr'>est</span> <span class='ocrx_word' id='word_1_82' title='bbox 566 500 708 540; x_wconf 81' lang='lat' dir='ltr'>apertius</span> <span class='ocrx_word' id='word_1_83' title='bbox 725 509 822 539; x_wconf 88' lang='lat' dir='ltr'>quam</span> <span class='ocrx_word' id='word_1_84' title='bbox 840 502 876 531; x_wconf 91' lang='lat' dir='ltr'>ut</span> <span class='ocrx_word' id='word_1_85' title='bbox 891 500 1044 532; x_wconf 85' lang='lat' dir='ltr'>fallerent.</span> <span class='ocrx_word' id='word_1_86' title='bbox 1068 505 1133 532; x_wconf 87' lang='lat' dir='ltr'>Nec</span> <span class='ocrx_word' id='word_1_87' title='bbox 1151 502 1257 533; x_wconf 87' lang='lat' dir='ltr'>minus</span> <span class='ocrx_word' id='word_1_88' title='bbox 1274 510 1386 542; x_wconf 90' lang='lat' dir='ltr'>prope-</span> 
     </span>
     <span class='ocr_line' id='line_1_9' title="bbox 53 544 1385 589; baseline 0.003 -14"><span class='ocrx_word' id='word_1_89' title='bbox 53 545 125 576; x_wconf 88' lang='lat' dir='ltr'>rato</span> <span class='ocrx_word' id='word_1_90' title='bbox 150 544 335 584; x_wconf 76' lang='lat' dir='ltr'>Narcissus,</span> <span class='ocrx_word' id='word_1_91' title='bbox 360 545 485 577; x_wconf 89' lang='lat' dir='ltr'>Claudii</span> <span class='ocrx_word' id='word_1_92' title='bbox 510 547 666 585; x_wconf 89' lang='lat' dir='ltr'>libertus,</span> <span class='ocrx_word' id='word_1_93' title='bbox 685 546 723 578; x_wconf 76' lang='lat' dir='ltr'>(le</span> <span class='ocrx_word' id='word_1_94' title='bbox 748 547 840 586; x_wconf 88' lang='lat' dir='ltr'>cujus</span> <span class='ocrx_word' id='word_1_95' title='bbox 860 547 974 587; x_wconf 82' lang='lat' dir='ltr'>jurgiis</span> <span class='ocrx_word' id='word_1_96' title='bbox 999 548 1151 579; x_wconf 85' lang='lat' dir='ltr'>adversus</span> <span class='ocrx_word' id='word_1_97' title='bbox 1176 548 1385 589; x_wconf 71' lang='lat' dir='ltr'><strong>Agrippinam</strong></span> 
     </span>
     <span class='ocr_line' id='line_1_10' title="bbox 52 591 1386 635; baseline 0.001 -11"><span class='ocrx_word' id='word_1_98' title='bbox 52 591 167 631; x_wconf 86' lang='lat' dir='ltr'>retuli,</span> <span class='ocrx_word' id='word_1_99' title='bbox 185 600 298 632; x_wconf 89' lang='lat' dir='ltr'>aspera</span> <span class='ocrx_word' id='word_1_100' title='bbox 311 593 459 624; x_wconf 83' lang='lat' dir='ltr'>custodia</span> <span class='ocrx_word' id='word_1_101' title='bbox 474 595 506 625; x_wconf 91' lang='lat' dir='ltr'>et</span> <span class='ocrx_word' id='word_1_102' title='bbox 524 594 714 626; x_wconf 81' lang='lat' dir='ltr'>necessitate</span> <span class='ocrx_word' id='word_1_103' title='bbox 728 597 871 625; x_wconf 87' lang='lat' dir='ltr'>extrema</span> <span class='ocrx_word' id='word_1_104' title='bbox 886 594 895 612; x_wconf 71' lang='lat'><strong><em>⁴</em></strong></span> <span class='ocrx_word' id='word_1_105' title='bbox 915 595 955 625; x_wconf 89' lang='lat' dir='ltr'>ad</span> <span class='ocrx_word' id='word_1_106' title='bbox 976 596 1113 626; x_wconf 87' lang='lat' dir='ltr'>mortem</span> <span class='ocrx_word' id='word_1_107' title='bbox 1137 596 1254 635; x_wconf 84' lang='lat' dir='ltr'>agitur,</span> <span class='ocrx_word' id='word_1_108' title='bbox 1282 596 1386 627; x_wconf 86' lang='lat' dir='ltr'>invito</span> 
     </span>
     <span class='ocr_line' id='line_1_11' title="bbox 53 639 1387 682; baseline 0.004 -13"><span class='ocrx_word' id='word_1_109' title='bbox 53 639 214 679; x_wconf 83' lang='lat' dir='ltr'><strong>Principe,</strong></span> <span class='ocrx_word' id='word_1_110' title='bbox 232 640 324 679; x_wconf 88' lang='lat' dir='ltr'>cujus</span> <span class='ocrx_word' id='word_1_111' title='bbox 349 639 466 672; x_wconf 85' lang='lat' dir='ltr'>abditis</span> <span class='ocrx_word' id='word_1_112' title='bbox 490 641 596 673; x_wconf 87' lang='lat' dir='ltr'>adbuc</span> <span class='ocrx_word' id='word_1_113' title='bbox 611 641 701 673; x_wconf 81' lang='lat' dir='ltr'>vitiis</span> <span class='ocrx_word' id='word_1_114' title='bbox 718 650 774 681; x_wconf 92' lang='lat' dir='ltr'>per</span> <span class='ocrx_word' id='word_1_115' title='bbox 796 641 966 673; x_wconf 78' lang='lat' dir='ltr'>avaritiam</span> <span class='ocrx_word' id='word_1_116' title='bbox 988 651 1026 673; x_wconf 88' lang='lat' dir='ltr'>ac</span> <span class='ocrx_word' id='word_1_117' title='bbox 1048 641 1283 682; x_wconf 81' lang='lat' dir='ltr'>prodigentiam</span> <span class='ocrx_word' id='word_1_118' title='bbox 1306 643 1387 675; x_wconf 88' lang='lat' dir='ltr'>mire</span> 
     </span>
     <span class='ocr_line' id='line_1_12' title="bbox 53 686 261 725; baseline 0.005 -9"><span class='ocrx_word' id='word_1_119' title='bbox 53 686 261 725; x_wconf 83' lang='lat' dir='ltr'>congruebat.</span> 
     </span>
    </p>

    <p class='ocr_par' dir='ltr' id='par_1_3' title="bbox 51 733 1392 1385">
     <span class='ocr_line' id='line_1_13' title="bbox 95 733 1388 774; baseline 0.004 -10"><span class='ocrx_word' id='word_1_120' title='bbox 95 736 134 764; x_wconf 87' lang='lat' dir='ltr'>Il.</span> <span class='ocrx_word' id='word_1_121' title='bbox 160 733 335 774; x_wconf 85' lang='lat' dir='ltr'>Ibaturque</span> <span class='ocrx_word' id='word_1_122' title='bbox 350 734 381 764; x_wconf 90' lang='lat' dir='ltr'>iu</span> <span class='ocrx_word' id='word_1_123' title='bbox 401 734 504 766; x_wconf 83' lang='lat' dir='ltr'>caedes</span> <span class='ocrx_word' id='word_1_124' title='bbox 516 758 524 773; x_wconf 93' lang='lat'>‚</span> <span class='ocrx_word' id='word_1_125' title='bbox 547 735 608 766; x_wconf 88' lang='lat' dir='ltr'>nisi</span> <span class='ocrx_word' id='word_1_126' title='bbox 625 734 773 766; x_wconf 78' lang='lat' dir='ltr'>Afranius</span> <span class='ocrx_word' id='word_1_127' title='bbox 790 739 908 767; x_wconf 90' lang='lat' dir='ltr'>Burrus</span> <span class='ocrx_word' id='word_1_128' title='bbox 923 737 956 767; x_wconf 85' lang='lat' dir='ltr'>et</span> <span class='ocrx_word' id='word_1_129' title='bbox 970 739 1110 768; x_wconf 81' lang='lat' dir='ltr'>Annaeus</span> <span class='ocrx_word' id='word_1_130' title='bbox 1123 740 1241 769; x_wconf 88' lang='lat' dir='ltr'>Seneca</span> <span class='ocrx_word' id='word_1_131' title='bbox 1258 737 1388 768; x_wconf 84' lang='lat' dir='ltr'>obviam</span> 
     </span>
     <span class='ocr_line' id='line_1_14' title="bbox 54 779 1386 824; baseline 0.004 -13"><span class='ocrx_word' id='word_1_132' title='bbox 54 779 164 811; x_wconf 84' lang='lat' dir='ltr'>issent.</span> <span class='ocrx_word' id='word_1_133' title='bbox 191 781 224 811; x_wconf 84' lang='grc' dir='ltr'>1ιί</span> <span class='ocrx_word' id='word_1_134' title='bbox 242 784 382 812; x_wconf 87' lang='lat' dir='ltr'>rectores</span> <span class='ocrx_word' id='word_1_135' title='bbox 398 781 614 821; x_wconf 79' lang='lat' dir='ltr'>imperatoriae</span> <span class='ocrx_word' id='word_1_136' title='bbox 634 784 777 822; x_wconf 79' lang='lat' dir='ltr'>juventae</span> <span class='ocrx_word' id='word_1_137' title='bbox 805 784 837 813; x_wconf 88' lang='lat' dir='ltr'>et</span> <span class='ocrx_word' id='word_1_138' title='bbox 851 784 973 821; x_wconf 87' lang='lat' dir='ltr'>(rarum</span> <span class='ocrx_word' id='word_1_139' title='bbox 991 784 1024 814; x_wconf 93' lang='lat' dir='ltr'>in</span> <span class='ocrx_word' id='word_1_140' title='bbox 1040 784 1195 816; x_wconf 81' lang='lat' dir='ltr'>societate</span> <span class='ocrx_word' id='word_1_141' title='bbox 1220 784 1386 824; x_wconf 85' lang='lat' dir='ltr'>potentiae)</span> 
     </span>
     <span class='ocr_line' id='line_1_15' title="bbox 55 827 1389 869; baseline 0.004 -11"><span class='ocrx_word' id='word_1_142' title='bbox 55 827 250 867; x_wconf 84' lang='lat' dir='ltr'>concordes,</span> <span class='ocrx_word' id='word_1_143' title='bbox 278 828 406 860; x_wconf 76' lang='lat' dir='ltr'>diversa</span> <span class='ocrx_word' id='word_1_144' title='bbox 427 830 495 859; x_wconf 86' lang='lat' dir='ltr'>arte</span> <span class='ocrx_word' id='word_1_145' title='bbox 517 838 554 860; x_wconf 81' lang='lat' dir='ltr'>ex</span> <span class='ocrx_word' id='word_1_146' title='bbox 579 838 674 868; x_wconf 80' lang='lat' dir='ltr'>aequo</span> <span class='ocrx_word' id='word_1_147' title='bbox 695 829 875 869; x_wconf 85' lang='lat' dir='ltr'>pollebant,</span> <span class='ocrx_word' id='word_1_148' title='bbox 896 834 1016 861; x_wconf 87' lang='lat' dir='ltr'>Burrus</span> <span class='ocrx_word' id='word_1_149' title='bbox 1038 831 1234 862; x_wconf 89' lang='lat' dir='ltr'>militaribus</span> <span class='ocrx_word' id='word_1_150' title='bbox 1253 833 1339 863; x_wconf 88' lang='lat' dir='ltr'>curis</span> <span class='ocrx_word' id='word_1_151' title='bbox 1355 833 1389 864; x_wconf 70' lang='lat' dir='ltr'>et</span> 
     </span>
     <span class='ocr_line' id='line_1_16' title="bbox 55 875 1392 920; baseline 0.004 -15"><span class='ocrx_word' id='word_1_152' title='bbox 55 875 226 906; x_wconf 84' lang='lat' dir='ltr'>severitate</span> <span class='ocrx_word' id='word_1_153' title='bbox 242 884 387 914; x_wconf 85' lang='lat' dir='ltr'>morum,</span> <span class='ocrx_word' id='word_1_154' title='bbox 405 879 522 907; x_wconf 88' lang='lat' dir='ltr'>Seneca</span> <span class='ocrx_word' id='word_1_155' title='bbox 537 877 702 916; x_wconf 78' lang='lat' dir='ltr'>praeceptis</span> <span class='ocrx_word' id='word_1_156' title='bbox 725 876 919 916; x_wconf 79' lang='lat' dir='ltr'>eloquentiae</span> <span class='ocrx_word' id='word_1_157' title='bbox 939 879 972 908; x_wconf 88' lang='lat' dir='ltr'>et</span> <span class='ocrx_word' id='word_1_158' title='bbox 996 877 1149 909; x_wconf 85' lang='lat' dir='ltr'>comitate</span> <span class='ocrx_word' id='word_1_159' title='bbox 1166 879 1300 910; x_wconf 80' lang='lat' dir='ltr'>honesta</span> <span class='ocrx_word' id='word_1_160' title='bbox 1313 904 1321 918; x_wconf 95' lang='lat'>,</span> <span class='ocrx_word' id='word_1_161' title='bbox 1338 880 1392 920; x_wconf 69' lang='lat' dir='ltr'>iu·</span> 
     </span>
     <span class='ocr_line' id='line_1_17' title="bbox 53 922 1391 966; baseline 0.004 -14"><span class='ocrx_word' id='word_1_162' title='bbox 53 922 168 952; x_wconf 81' lang='lat' dir='ltr'>vantes</span> <span class='ocrx_word' id='word_1_163' title='bbox 181 922 330 960; x_wconf 81' lang='lat' dir='ltr'>invicem,</span> <span class='ocrx_word' id='word_1_164' title='bbox 348 932 414 962; x_wconf 92' lang='lat' dir='ltr'>quo</span> <span class='ocrx_word' id='word_1_165' title='bbox 428 923 552 954; x_wconf 79' lang='lat' dir='ltr'>facilius</span> <span class='ocrx_word' id='word_1_166' title='bbox 566 923 722 954; x_wconf 82' lang='lat' dir='ltr'>lubricam</span> <span class='ocrx_word' id='word_1_167' title='bbox 738 923 895 963; x_wconf 87' lang='lat' dir='ltr'>Principis</span> <span class='ocrx_word' id='word_1_168' title='bbox 911 925 1053 963; x_wconf 87' lang='lat' dir='ltr'>aetatem,</span> <span class='ocrx_word' id='word_1_169' title='bbox 1069 925 1096 955; x_wconf 89' lang='lat' dir='ltr'>si</span> <span class='ocrx_word' id='word_1_170' title='bbox 1111 925 1265 957; x_wconf 79' lang='lat' dir='ltr'>virtutem</span> <span class='ocrx_word' id='word_1_171' title='bbox 1282 935 1391 966; x_wconf 88' lang='lat' dir='ltr'>asper-</span> 
     </span>
     <span class='ocr_line' id='line_1_18' title="bbox 53 968 1390 1012; baseline 0.005 -13"><span class='ocrx_word' id='word_1_172' title='bbox 53 969 198 1008; x_wconf 89' lang='lat' dir='ltr'>naretur,</span> <span class='ocrx_word' id='word_1_173' title='bbox 213 968 434 1009; x_wconf 86' lang='lat' dir='ltr'>voluptatibus</span> <span class='ocrx_word' id='word_1_174' title='bbox 457 970 618 1002; x_wconf 85' lang='lat' dir='ltr'>concessis</span> <span class='ocrx_word' id='word_1_175' title='bbox 648 971 836 1001; x_wconf 88' lang='lat' dir='ltr'>retinerent.</span> <span class='ocrx_word' id='word_1_176' title='bbox 867 972 1036 1002; x_wconf 86' lang='lat' dir='ltr'>Certamen</span> <span class='ocrx_word' id='word_1_177' title='bbox 1054 971 1182 1012; x_wconf 85' lang='lat' dir='ltr'>utrique</span> <span class='ocrx_word' id='word_1_178' title='bbox 1200 981 1302 1004; x_wconf 87' lang='lat' dir='ltr'>unum</span> <span class='ocrx_word' id='word_1_179' title='bbox 1320 976 1390 1007; x_wconf 79' lang='lat' dir='ltr'>erat</span> 
     </span>
     <span class='ocr_line' id='line_1_19' title="bbox 55 1016 1390 1060; baseline 0.004 -14"><span class='ocrx_word' id='word_1_180' title='bbox 55 1017 168 1047; x_wconf 83' lang='lat' dir='ltr'>contra</span> <span class='ocrx_word' id='word_1_181' title='bbox 190 1016 341 1047; x_wconf 75' lang='lat' dir='ltr'>ferociam</span> <span class='ocrx_word' id='word_1_182' title='bbox 361 1017 565 1057; x_wconf 78' lang='lat' dir='ltr'>Agrippinae,</span> <span class='ocrx_word' id='word_1_183' title='bbox 587 1026 660 1057; x_wconf 86' lang='lat' dir='ltr'>quae</span> <span class='ocrx_word' id='word_1_184' title='bbox 674 1017 801 1048; x_wconf 89' lang='lat' dir='ltr'>cunctis</span> <span class='ocrx_word' id='word_1_185' title='bbox 823 1018 916 1048; x_wconf 87' lang='lat' dir='ltr'>malae</span> <span class='ocrx_word' id='word_1_186' title='bbox 930 1017 1163 1050; x_wconf 88' lang='lat' dir='ltr'>dominationis</span> <span class='ocrx_word' id='word_1_187' title='bbox 1180 1020 1390 1060; x_wconf 87' lang='lat' dir='ltr'>cupidinibus</span> 
     </span>
     <span class='ocr_line' id='line_1_20' title="bbox 55 1062 1389 1107; baseline 0.004 -14"><span class='ocrx_word' id='word_1_188' title='bbox 55 1062 209 1103; x_wconf 83' lang='lat' dir='ltr'>flagrans,</span> <span class='ocrx_word' id='word_1_189' title='bbox 230 1063 367 1095; x_wconf 85' lang='lat' dir='ltr'>babebat</span> <span class='ocrx_word' id='word_1_190' title='bbox 382 1064 414 1095; x_wconf 93' lang='lat' dir='ltr'>in</span> <span class='ocrx_word' id='word_1_191' title='bbox 432 1064 577 1104; x_wconf 90' lang='lat' dir='ltr'>partibus</span> <span class='ocrx_word' id='word_1_192' title='bbox 593 1064 783 1103; x_wconf 88' lang='lat' dir='ltr'>Pallantem,</span> <span class='ocrx_word' id='word_1_193' title='bbox 795 1074 860 1105; x_wconf 92' lang='lat' dir='ltr'>quo</span> <span class='ocrx_word' id='word_1_194' title='bbox 876 1069 1007 1096; x_wconf 85' lang='lat' dir='ltr'>auctore</span> <span class='ocrx_word' id='word_1_195' title='bbox 1021 1066 1172 1097; x_wconf 90' lang='lat' dir='ltr'>Claudius</span> <span class='ocrx_word' id='word_1_196' title='bbox 1198 1067 1322 1107; x_wconf 87' lang='lat' dir='ltr'>nuptiis</span> <span class='ocrx_word' id='word_1_197' title='bbox 1339 1068 1389 1098; x_wconf 86' lang='lat' dir='ltr'>in·</span> 
     </span>
     <span class='ocr_line' id='line_1_21' title="bbox 57 1109 1390 1153; baseline 0.004 -12"><span class='ocrx_word' id='word_1_198' title='bbox 57 1109 154 1141; x_wconf 81' lang='lat' dir='ltr'>oestis</span> <span class='ocrx_word' id='word_1_199' title='bbox 170 1112 202 1142; x_wconf 89' lang='lat' dir='ltr'>et</span> <span class='ocrx_word' id='word_1_200' title='bbox 217 1110 389 1150; x_wconf 83' lang='lat' dir='ltr'>adoptione</span> <span class='ocrx_word' id='word_1_201' title='bbox 403 1112 540 1142; x_wconf 58' lang='lat' dir='ltr'>exitiosa</span> <span class='ocrx_word' id='word_1_202' title='bbox 556 1115 658 1142; x_wconf 82' lang='lat' dir='ltr'>semet</span> <span class='ocrx_word' id='word_1_203' title='bbox 673 1114 882 1151; x_wconf 85' lang='lat' dir='ltr'>perverterat.</span> <span class='ocrx_word' id='word_1_204' title='bbox 896 1112 953 1143; x_wconf 91' lang='lat' dir='ltr'>sed</span> <span class='ocrx_word' id='word_1_205' title='bbox 966 1121 1071 1153; x_wconf 88' lang='lat' dir='ltr'>neque</span> <span class='ocrx_word' id='word_1_206' title='bbox 1087 1113 1205 1144; x_wconf 85' lang='lat' dir='ltr'>Neroni</span> <span class='ocrx_word' id='word_1_207' title='bbox 1230 1114 1313 1145; x_wconf 77' lang='lat' dir='ltr'>infra</span> <span class='ocrx_word' id='word_1_208' title='bbox 1324 1123 1390 1146; x_wconf 81' lang='lat' dir='ltr'>ser-</span> 
     </span>
     <span class='ocr_line' id='line_1_22' title="bbox 56 1157 1392 1200; baseline 0.004 -13"><span class='ocrx_word' id='word_1_209' title='bbox 56 1157 135 1187; x_wconf 86' lang='lat' dir='ltr'>vos¹</span> <span class='ocrx_word' id='word_1_210' title='bbox 157 1157 340 1197; x_wconf 77' lang='lat' dir='ltr'>ingenium3</span> <span class='ocrx_word' id='word_1_211' title='bbox 358 1159 390 1188; x_wconf 86' lang='lat' dir='ltr'>et</span> <span class='ocrx_word' id='word_1_212' title='bbox 403 1157 517 1197; x_wconf 87' lang='lat' dir='ltr'>Pallas,</span> <span class='ocrx_word' id='word_1_213' title='bbox 528 1159 610 1189; x_wconf 87' lang='lat' dir='ltr'>tristi</span> <span class='ocrx_word' id='word_1_214' title='bbox 623 1159 803 1198; x_wconf 81' lang='lat' dir='ltr'>arrogantia</span> <span class='ocrx_word' id='word_1_215' title='bbox 818 1159 949 1190; x_wconf 85' lang='lat' dir='ltr'>modum</span> <span class='ocrx_word' id='word_1_216' title='bbox 962 1159 1068 1191; x_wconf 87' lang='lat' dir='ltr'>liberti</span> <span class='ocrx_word' id='word_1_217' title='bbox 1080 1169 1239 1200; x_wconf 83' lang='lat' dir='ltr'>egressus,</span> <span class='ocrx_word' id='word_1_218' title='bbox 1253 1161 1392 1193; x_wconf 72' lang='lat' dir='ltr'>taedium</span> 
     </span>
     <span class='ocr_line' id='line_1_23' title="bbox 57 1204 1389 1248; baseline 0.003 -12"><span class='ocrx_word' id='word_1_219' title='bbox 57 1204 109 1236; x_wconf 91' lang='lat' dir='ltr'>sui</span> <span class='ocrx_word' id='word_1_220' title='bbox 132 1207 288 1236; x_wconf 77' lang='lat' dir='ltr'>moverat.</span> <span class='ocrx_word' id='word_1_221' title='bbox 307 1204 472 1245; x_wconf 88' lang='lat' dir='ltr'>propalam</span> <span class='ocrx_word' id='word_1_222' title='bbox 497 1208 606 1236; x_wconf 86' lang='lat' dir='ltr'>tamen</span> <span class='ocrx_word' id='word_1_223' title='bbox 626 1215 737 1236; x_wconf 86' lang='lat' dir='ltr'>omnes</span> <span class='ocrx_word' id='word_1_224' title='bbox 758 1206 789 1236; x_wconf 90' lang='lat' dir='ltr'>in</span> <span class='ocrx_word' id='word_1_225' title='bbox 806 1214 877 1236; x_wconf 85' lang='lat' dir='ltr'>eam</span> <span class='ocrx_word' id='word_1_226' title='bbox 903 1206 1040 1238; x_wconf 85' lang='lat' dir='ltr'>bonores</span> <span class='ocrx_word' id='word_1_227' title='bbox 1062 1207 1324 1248; x_wconf 84' lang='lat' dir='ltr'>cumulabantur,</span> <span class='ocrx_word' id='word_1_228' title='bbox 1347 1211 1389 1241; x_wconf 87' lang='lat' dir='ltr'>si-</span> 
     </span>
     <span class='ocr_line' id='line_1_24' title="bbox 57 1252 1389 1293; baseline 0.005 -12"><span class='ocrx_word' id='word_1_229' title='bbox 57 1260 222 1292; x_wconf 86' lang='lat' dir='ltr'>gnumque</span> <span class='ocrx_word' id='word_1_230' title='bbox 238 1261 326 1283; x_wconf 90' lang='lat' dir='ltr'>more</span> <span class='ocrx_word' id='word_1_231' title='bbox 342 1252 466 1283; x_wconf 85' lang='lat' dir='ltr'>militiae</span> <span class='ocrx_word' id='word_1_232' title='bbox 478 1253 595 1292; x_wconf 90' lang='lat' dir='ltr'>petenti</span> <span class='ocrx_word' id='word_1_233' title='bbox 609 1252 740 1284; x_wconf 87' lang='lat' dir='ltr'>tribuno</span> <span class='ocrx_word' id='word_1_234' title='bbox 753 1252 842 1284; x_wconf 89' lang='lat' dir='ltr'>dedit</span> <span class='ocrx_word' id='word_1_235' title='bbox 867 1255 1004 1293; x_wconf 67' lang='lat' dir='ltr'>optemae</span> <span class='ocrx_word' id='word_1_236' title='bbox 1024 1256 1163 1286; x_wconf 75' lang='lat' dir='ltr'>matris.</span> <span class='ocrx_word' id='word_1_237' title='bbox 1182 1255 1304 1286; x_wconf 78' lang='lat' dir='ltr'>decreti</span> <span class='ocrx_word' id='word_1_238' title='bbox 1321 1259 1352 1287; x_wconf 87' lang='lat' dir='ltr'>et</span> <span class='ocrx_word' id='word_1_239' title='bbox 1370 1265 1389 1287; x_wconf 87' lang='lat' dir='ltr'>a</span> 
     </span>
     <span class='ocr_line' id='line_1_25' title="bbox 58 1298 1392 1340; baseline 0.004 -12"><span class='ocrx_word' id='word_1_240' title='bbox 58 1301 171 1329; x_wconf 86' lang='lat' dir='ltr'>senatu</span> <span class='ocrx_word' id='word_1_241' title='bbox 187 1298 255 1330; x_wconf 76' lang='lat' dir='ltr'>(luo</span> <span class='ocrx_word' id='word_1_242' title='bbox 273 1300 427 1338; x_wconf 79' lang='lat' dir='ltr'>lictores,</span> <span class='ocrx_word' id='word_1_243' title='bbox 440 1298 645 1339; x_wconf 70' lang='lat' dir='ltr'>flaminium</span> <span class='ocrx_word' id='word_1_244' title='bbox 674 1300 858 1332; x_wconf 74' lang='lat' dir='ltr'>Claudiale</span> <span class='ocrx_word' id='word_1_245' title='bbox 869 1299 895 1340; x_wconf 83' lang='lat'>²,</span> <span class='ocrx_word' id='word_1_246' title='bbox 918 1300 1014 1331; x_wconf 87' lang='lat' dir='ltr'>simul</span> <span class='ocrx_word' id='word_1_247' title='bbox 1034 1300 1182 1332; x_wconf 76' lang='lat' dir='ltr'>Claudio</span> <span class='ocrx_word' id='word_1_248' title='bbox 1198 1310 1392 1334; x_wconf 68' lang='lat' dir='ltr'>censormm</span> 
     </span>
     <span class='ocr_line' id='line_1_26' title="bbox 51 1344 554 1385; baseline 0 -9"><span class='ocrx_word' id='word_1_249' title='bbox 51 1344 180 1385; x_wconf 75' lang='lat' dir='ltr'>J&#39;unzcs,</span> <span class='ocrx_word' id='word_1_250' title='bbox 196 1349 228 1377; x_wconf 90' lang='lat' dir='ltr'>et</span> <span class='ocrx_word' id='word_1_251' title='bbox 244 1355 320 1376; x_wconf 81' lang='lat' dir='ltr'>mox</span> <span class='ocrx_word' id='word_1_252' title='bbox 334 1349 554 1378; x_wconf 76' lang='lat' dir='ltr'>consecratio.</span> 
     </span>
    </p>

    <p class='ocr_par' dir='ltr' id='par_1_4' title="bbox 59 1393 1397 2350">
     <span class='ocr_line' id='line_1_27' title="bbox 101 1393 1391 1437; baseline 0.003 -14"><span class='ocrx_word' id='word_1_253' title='bbox 101 1396 158 1424; x_wconf 87' lang='lat'><em>111.</em></span> <span class='ocrx_word' id='word_1_254' title='bbox 182 1394 240 1424; x_wconf 88' lang='lat' dir='ltr'>Die</span> <span class='ocrx_word' id='word_1_255' title='bbox 256 1393 378 1424; x_wconf 77' lang='lat' dir='ltr'>funeris</span> <span class='ocrx_word' id='word_1_256' title='bbox 391 1394 610 1426; x_wconf 84' lang='lat' dir='ltr'>laudationem</span> <span class='ocrx_word' id='word_1_257' title='bbox 627 1395 697 1433; x_wconf 89' lang='lat' dir='ltr'>ejus</span> <span class='ocrx_word' id='word_1_258' title='bbox 711 1394 862 1434; x_wconf 87' lang='lat' dir='ltr'>Princeps</span> <span class='ocrx_word' id='word_1_259' title='bbox 877 1403 1012 1426; x_wconf 85' lang='lat' dir='ltr'>exorsus</span> <span class='ocrx_word' id='word_1_260' title='bbox 1029 1396 1089 1426; x_wconf 86' lang='lat' dir='ltr'>est.</span> <span class='ocrx_word' id='word_1_261' title='bbox 1108 1394 1184 1426; x_wconf 88' lang='lat' dir='ltr'>dum</span> <span class='ocrx_word' id='word_1_262' title='bbox 1200 1398 1391 1437; x_wconf 70' lang='lat' dir='ltr'>antiquila-</span> 
     </span>
     <span class='ocr_line' id='line_1_28' title="bbox 60 1440 1391 1482; baseline 0.003 -11"><span class='ocrx_word' id='word_1_263' title='bbox 60 1441 127 1471; x_wconf 82' lang='lat' dir='ltr'>tem</span> <span class='ocrx_word' id='word_1_264' title='bbox 142 1440 305 1480; x_wconf 67' lang='lat' dir='ltr'>qenerisss,</span> <span class='ocrx_word' id='word_1_265' title='bbox 324 1442 526 1472; x_wconf 78' lang='lat' dir='ltr'>consulatus</span> <span class='ocrx_word' id='word_1_266' title='bbox 543 1450 584 1473; x_wconf 88' lang='lat' dir='ltr'>ac</span> <span class='ocrx_word' id='word_1_267' title='bbox 601 1441 794 1482; x_wconf 65' lang='lat' dir='ltr'>triumphos</span> <span class='ocrx_word' id='word_1_268' title='bbox 808 1441 995 1481; x_wconf 42' lang='grc' dir='ltr'>“ι)ιιῃ“οι·“ιιηιἦ</span> <span class='ocrx_word' id='word_1_269' title='bbox 1013 1442 1234 1482; x_wconf 85' lang='lat' dir='ltr'>enumerabat,</span> <span class='ocrx_word' id='word_1_270' title='bbox 1246 1443 1391 1477; x_wconf 72' lang='lat' dir='ltr'>intentus</span> 
     </span>
     <span class='ocr_line' id='line_1_29' title="bbox 59 1486 1394 1528; baseline 0.003 -10"><span class='ocrx_word' id='word_1_271' title='bbox 59 1486 129 1527; x_wconf 87' lang='lat' dir='ltr'>ipse</span> <span class='ocrx_word' id='word_1_272' title='bbox 145 1490 177 1519; x_wconf 91' lang='lat' dir='ltr'>et</span> <span class='ocrx_word' id='word_1_273' title='bbox 192 1488 308 1527; x_wconf 91' lang='lat' dir='ltr'>ceteri,</span> <span class='ocrx_word' id='word_1_274' title='bbox 328 1488 528 1520; x_wconf 71' lang='lat' dir='ltr'>liberalium</span> <span class='ocrx_word' id='word_1_275' title='bbox 557 1498 689 1528; x_wconf 86' lang='lat' dir='ltr'>quoque</span> <span class='ocrx_word' id='word_1_276' title='bbox 712 1490 843 1519; x_wconf 74' lang='lat' dir='ltr'>artium</span> <span class='ocrx_word' id='word_1_277' title='bbox 866 1489 1153 1528; x_wconf 84' lang='lat' dir='ltr'>commemoratio,</span> <span class='ocrx_word' id='word_1_278' title='bbox 1178 1491 1211 1520; x_wconf 88' lang='lat' dir='ltr'>et</span> <span class='ocrx_word' id='word_1_279' title='bbox 1231 1490 1317 1521; x_wconf 68' lang='lat' dir='ltr'>nihil</span> <span class='ocrx_word' id='word_1_280' title='bbox 1341 1500 1394 1522; x_wconf 54' lang='lat' dir='ltr'>rc*</span> 
     </span>
     <span class='ocr_line' id='line_1_30' title="bbox 59 1535 1391 1576; baseline 0.002 -10"><span class='ocrx_word' id='word_1_281' title='bbox 59 1537 158 1576; x_wconf 79' lang='lat' dir='ltr'>yente</span> <span class='ocrx_word' id='word_1_282' title='bbox 171 1543 208 1566; x_wconf 88' lang='lat' dir='ltr'>eo</span> <span class='ocrx_word' id='word_1_283' title='bbox 222 1535 422 1575; x_wconf 77' lang='lat' dir='ltr'>reipublicoe</span> <span class='ocrx_word' id='word_1_284' title='bbox 436 1538 534 1567; x_wconf 59' lang='lat' dir='ltr'>trans-ce</span> <span class='ocrx_word' id='word_1_285' title='bbox 551 1536 594 1567; x_wconf 84' lang='lat' dir='ltr'>ab</span> <span class='ocrx_word' id='word_1_286' title='bbox 609 1537 766 1567; x_wconf 68' lang='lat' dir='ltr'>externis</span> <span class='ocrx_word' id='word_1_287' title='bbox 791 1535 973 1575; x_wconf 73' lang='lat' dir='ltr'>accidisse,</span> <span class='ocrx_word' id='word_1_288' title='bbox 991 1536 1102 1576; x_wconf 89' lang='lat' dir='ltr'>pronis</span> <span class='ocrx_word' id='word_1_289' title='bbox 1119 1536 1238 1568; x_wconf 85' lang='lat' dir='ltr'>animis</span> <span class='ocrx_word' id='word_1_290' title='bbox 1256 1538 1366 1569; x_wconf 86' lang='lat' dir='ltr'>audita</span> <span class='ocrx_word' id='word_1_291' title='bbox 1381 1549 1391 1570; x_wconf 75' lang='lat' dir='ltr'><em>z</em></span> 
     </span>
     <span class='ocr_line' id='line_1_31' title="bbox 60 1582 1390 1626; baseline 0.004 -14"><span class='ocrx_word' id='word_1_292' title='bbox 60 1584 231 1623; x_wconf 86' lang='lat' dir='ltr'>postquam</span> <span class='ocrx_word' id='word_1_293' title='bbox 250 1582 288 1613; x_wconf 82' lang='lat' dir='ltr'>ad</span> <span class='ocrx_word' id='word_1_294' title='bbox 301 1582 555 1622; x_wconf 75' lang='lat' dir='ltr'>providenciam</span> <span class='ocrx_word' id='word_1_295' title='bbox 571 1584 843 1623; x_wconf 70' lang='lat' dir='ltr'>sapientiamque</span> <span class='ocrx_word' id='word_1_296' title='bbox 856 1583 965 1622; x_wconf 82' lang='lat' dir='ltr'>ssexit,</span> <span class='ocrx_word' id='word_1_297' title='bbox 984 1592 1079 1614; x_wconf 90' lang='lat' dir='ltr'>nemo</span> <span class='ocrx_word' id='word_1_298' title='bbox 1097 1583 1175 1614; x_wconf 91' lang='lat' dir='ltr'>risui</span> <span class='ocrx_word' id='word_1_299' title='bbox 1192 1587 1368 1624; x_wconf 88' lang='lat' dir='ltr'>temperare</span> <span class='ocrx_word' id='word_1_300' title='bbox 1380 1609 1390 1626; x_wconf 93' lang='lat'>,</span> 
     </span>
     <span class='ocr_line' id='line_1_32' title="bbox 60 1630 1392 1671; baseline 0.003 -11"><span class='ocrx_word' id='word_1_301' title='bbox 60 1638 257 1669; x_wconf 89' lang='lat' dir='ltr'>quamquam</span> <span class='ocrx_word' id='word_1_302' title='bbox 275 1630 377 1660; x_wconf 91' lang='lat' dir='ltr'>oratio</span> <span class='ocrx_word' id='word_1_303' title='bbox 393 1639 412 1660; x_wconf 87' lang='lat' dir='ltr'>a</span> <span class='ocrx_word' id='word_1_304' title='bbox 427 1633 547 1661; x_wconf 87' lang='lat' dir='ltr'>seneca</span> <span class='ocrx_word' id='word_1_305' title='bbox 574 1630 754 1670; x_wconf 86' lang='lat' dir='ltr'>composita</span> <span class='ocrx_word' id='word_1_306' title='bbox 776 1630 916 1661; x_wconf 88' lang='lat' dir='ltr'>multum</span> <span class='ocrx_word' id='word_1_307' title='bbox 940 1630 1048 1661; x_wconf 90' lang='lat' dir='ltr'>cultus</span> <span class='ocrx_word' id='word_1_308' title='bbox 1067 1631 1253 1671; x_wconf 82' lang='lat' dir='ltr'>praeferret,</span> <span class='ocrx_word' id='word_1_309' title='bbox 1279 1635 1315 1662; x_wconf 87' lang='lat' dir='ltr'>ut</span> <span class='ocrx_word' id='word_1_310' title='bbox 1331 1632 1392 1666; x_wconf 76' lang='lat' dir='ltr'>suit</span> 
     </span>
     <span class='ocr_line' id='line_1_33' title="bbox 59 1676 1393 1717; baseline 0.001 -8"><span class='ocrx_word' id='word_1_311' title='bbox 59 1676 105 1709; x_wconf 92' lang='lat' dir='ltr'>illi</span> <span class='ocrx_word' id='word_1_312' title='bbox 127 1676 197 1707; x_wconf 87' lang='lat' dir='ltr'>viro</span> <span class='ocrx_word' id='word_1_313' title='bbox 225 1676 390 1716; x_wconf 82' lang='lat' dir='ltr'>ingenium</span> <span class='ocrx_word' id='word_1_314' title='bbox 415 1685 580 1707; x_wconf 84' lang='lat' dir='ltr'>amoenum</span> <span class='ocrx_word' id='word_1_315' title='bbox 608 1678 641 1708; x_wconf 92' lang='lat' dir='ltr'>et</span> <span class='ocrx_word' id='word_1_316' title='bbox 666 1677 822 1717; x_wconf 85' lang='lat' dir='ltr'>temporis</span> <span class='ocrx_word' id='word_1_317' title='bbox 846 1678 916 1716; x_wconf 88' lang='lat' dir='ltr'>ejus</span> <span class='ocrx_word' id='word_1_318' title='bbox 937 1677 1069 1709; x_wconf 90' lang='lat' dir='ltr'>auribus</span> <span class='ocrx_word' id='word_1_319' title='bbox 1097 1679 1393 1710; x_wconf 69' lang='lat' dir='ltr'>accommodatum,</span> 
     </span>
     <span class='ocr_line' id='line_1_34' title="bbox 60 1724 1389 1766; baseline 0.002 -11"><span class='ocrx_word' id='word_1_320' title='bbox 60 1724 267 1756; x_wconf 83' lang='lat' dir='ltr'>Annotabant</span> <span class='ocrx_word' id='word_1_321' title='bbox 283 1724 423 1755; x_wconf 87' lang='lat' dir='ltr'>seniores</span> <span class='ocrx_word' id='word_1_322' title='bbox 433 1749 442 1764; x_wconf 94' lang='lat'>,</span> <span class='ocrx_word' id='word_1_323' title='bbox 461 1724 578 1764; x_wconf 92' lang='lat' dir='ltr'>quibus</span> <span class='ocrx_word' id='word_1_324' title='bbox 593 1725 734 1756; x_wconf 90' lang='lat' dir='ltr'>otiosum</span> <span class='ocrx_word' id='word_1_325' title='bbox 750 1727 800 1756; x_wconf 92' lang='lat' dir='ltr'>est</span> <span class='ocrx_word' id='word_1_326' title='bbox 814 1726 923 1756; x_wconf 89' lang='lat' dir='ltr'>vetera</span> <span class='ocrx_word' id='word_1_327' title='bbox 939 1727 971 1757; x_wconf 89' lang='lat' dir='ltr'>et</span> <span class='ocrx_word' id='word_1_328' title='bbox 985 1724 1155 1765; x_wconf 78' lang='lat' dir='ltr'>praesentia</span> <span class='ocrx_word' id='word_1_329' title='bbox 1176 1727 1389 1766; x_wconf 84' lang='lat' dir='ltr'>contendere,</span> 
     </span>
     <span class='ocr_line' id='line_1_35' title="bbox 60 1773 1393 1813; baseline 0.003 -11"><span class='ocrx_word' id='word_1_330' title='bbox 60 1773 214 1812; x_wconf 69' lang='lat' dir='ltr'>primum</span> <span class='ocrx_word' id='word_1_331' title='bbox 236 1780 280 1802; x_wconf 73' lang='lat' dir='ltr'>ex</span> <span class='ocrx_word' id='word_1_332' title='bbox 299 1773 359 1810; x_wconf 75' lang='lat' dir='ltr'>iis,</span> <span class='ocrx_word' id='word_1_333' title='bbox 388 1773 580 1811; x_wconf 66' lang='lat' dir='ltr'>quirerum</span> <span class='ocrx_word' id='word_1_334' title='bbox 599 1773 706 1811; x_wconf 75' lang='lat' dir='ltr'>potiti</span> <span class='ocrx_word' id='word_1_335' title='bbox 720 1773 852 1811; x_wconf 80' lang='lat' dir='ltr'>essent,</span> <span class='ocrx_word' id='word_1_336' title='bbox 878 1773 1049 1803; x_wconf 79' lang='lat' dir='ltr'>Neronem</span> <span class='ocrx_word' id='word_1_337' title='bbox 1062 1773 1189 1805; x_wconf 75' lang='lat' dir='ltr'>alienae</span> <span class='ocrx_word' id='word_1_338' title='bbox 1204 1773 1393 1813; x_wconf 71' lang='lat' dir='ltr'>facundia&gt;</span> 
     </span>
     <span class='ocr_line' id='line_1_36' title="bbox 62 1818 1396 1860; baseline 0.004 -12"><span class='ocrx_word' id='word_1_339' title='bbox 62 1819 202 1858; x_wconf 73' lang='lat' dir='ltr'>equisse.</span> <span class='ocrx_word' id='word_1_340' title='bbox 224 1826 300 1849; x_wconf 88' lang='lat' dir='ltr'>narn</span> <span class='ocrx_word' id='word_1_341' title='bbox 328 1818 468 1849; x_wconf 83' lang='lat' dir='ltr'>dictator</span> <span class='ocrx_word' id='word_1_342' title='bbox 499 1821 605 1849; x_wconf 82' lang='lat' dir='ltr'>Caesar</span> <span class='ocrx_word' id='word_1_343' title='bbox 635 1818 772 1849; x_wconf 89' lang='lat' dir='ltr'>summis</span> <span class='ocrx_word' id='word_1_344' title='bbox 797 1818 982 1849; x_wconf 89' lang='lat' dir='ltr'>oratoribus</span> <span class='ocrx_word' id='word_1_345' title='bbox 1010 1820 1166 1859; x_wconf 85' lang='lat' dir='ltr'>aemulus;</span> <span class='ocrx_word' id='word_1_346' title='bbox 1191 1823 1223 1852; x_wconf 89' lang='lat' dir='ltr'>et</span> <span class='ocrx_word' id='word_1_347' title='bbox 1248 1824 1396 1860; x_wconf 79' lang='lat' dir='ltr'>Augusto</span> 
     </span>
     <span class='ocr_line' id='line_1_37' title="bbox 63 1864 1395 1905; baseline 0.002 -10"><span class='ocrx_word' id='word_1_348' title='bbox 63 1868 211 1905; x_wconf 86' lang='lat' dir='ltr'>prompta</span> <span class='ocrx_word' id='word_1_349' title='bbox 234 1873 270 1895; x_wconf 92' lang='lat' dir='ltr'>ac</span> <span class='ocrx_word' id='word_1_350' title='bbox 288 1865 469 1904; x_wconf 84' lang='lat' dir='ltr'>profluens,</span> <span class='ocrx_word' id='word_1_351' title='bbox 487 1873 560 1904; x_wconf 86' lang='lat' dir='ltr'>quae</span> <span class='ocrx_word' id='word_1_352' title='bbox 577 1864 704 1896; x_wconf 89' lang='lat' dir='ltr'>deceret</span> <span class='ocrx_word' id='word_1_353' title='bbox 722 1864 903 1904; x_wconf 88' lang='lat' dir='ltr'>Principem</span> <span class='ocrx_word' id='word_1_354' title='bbox 916 1887 924 1903; x_wconf 91' lang='lat'>,</span> <span class='ocrx_word' id='word_1_355' title='bbox 941 1865 1128 1905; x_wconf 81' lang='lat' dir='ltr'>eloquentia</span> <span class='ocrx_word' id='word_1_356' title='bbox 1144 1867 1217 1897; x_wconf 83' lang='lat' dir='ltr'>suit.</span> <span class='ocrx_word' id='word_1_357' title='bbox 1246 1867 1395 1899; x_wconf 84' lang='lat' dir='ltr'>Tiberius</span> 
     </span>
     <span class='ocr_line' id='line_1_38' title="bbox 62 1911 1397 1953; baseline 0.003 -11"><span class='ocrx_word' id='word_1_358' title='bbox 62 1914 165 1944; x_wconf 90' lang='lat' dir='ltr'>artem</span> <span class='ocrx_word' id='word_1_359' title='bbox 183 1921 313 1952; x_wconf 87' lang='lat' dir='ltr'>quoque</span> <span class='ocrx_word' id='word_1_360' title='bbox 330 1912 483 1951; x_wconf 82' lang='lat' dir='ltr'>callebat,</span> <span class='ocrx_word' id='word_1_361' title='bbox 503 1920 569 1951; x_wconf 87' lang='lat' dir='ltr'>qua</span> <span class='ocrx_word' id='word_1_362' title='bbox 584 1911 682 1942; x_wconf 91' lang='lat' dir='ltr'>verba</span> <span class='ocrx_word' id='word_1_363' title='bbox 697 1911 911 1951; x_wconf 87' lang='lat' dir='ltr'>expenderet,</span> <span class='ocrx_word' id='word_1_364' title='bbox 931 1914 1001 1943; x_wconf 89' lang='lat' dir='ltr'>tum</span> <span class='ocrx_word' id='word_1_365' title='bbox 1017 1913 1144 1944; x_wconf 85' lang='lat' dir='ltr'>validus</span> <span class='ocrx_word' id='word_1_366' title='bbox 1158 1913 1319 1953; x_wconf 83' lang='lat' dir='ltr'>sensibus,</span> <span class='ocrx_word' id='word_1_367' title='bbox 1336 1918 1397 1946; x_wconf 83' lang='lat' dir='ltr'>aut</span> 
     </span>
     <span class='ocr_line' id='line_1_39' title="bbox 62 1958 1396 1998; baseline 0.001 -8"><span class='ocrx_word' id='word_1_368' title='bbox 62 1959 207 1990; x_wconf 86' lang='lat' dir='ltr'>consulto</span> <span class='ocrx_word' id='word_1_369' title='bbox 224 1959 403 1998; x_wconf 72' lang='lat' dir='ltr'>ambiguus,</span> <span class='ocrx_word' id='word_1_370' title='bbox 422 1960 519 1989; x_wconf 88' lang='lat' dir='ltr'>etiam</span> <span class='ocrx_word' id='word_1_371' title='bbox 531 1962 565 1989; x_wconf 89' lang='lat' dir='ltr'>C.</span> <span class='ocrx_word' id='word_1_372' title='bbox 584 1959 721 1989; x_wconf 79' lang='lat' dir='ltr'>Caesaris</span> <span class='ocrx_word' id='word_1_373' title='bbox 745 1958 877 1990; x_wconf 84' lang='lat' dir='ltr'>turbata</span> <span class='ocrx_word' id='word_1_374' title='bbox 898 1967 992 1989; x_wconf 82' lang='lat' dir='ltr'>inens</span> <span class='ocrx_word' id='word_1_375' title='bbox 1011 1960 1078 1989; x_wconf 89' lang='lat' dir='ltr'>vim</span> <span class='ocrx_word' id='word_1_376' title='bbox 1094 1959 1223 1990; x_wconf 87' lang='lat' dir='ltr'>dicendi</span> <span class='ocrx_word' id='word_1_377' title='bbox 1240 1969 1305 1991; x_wconf 92' lang='lat' dir='ltr'>non</span> <span class='ocrx_word' id='word_1_378' title='bbox 1321 1969 1396 1991; x_wconf 74' lang='lat' dir='ltr'>cor·</span> 
     </span>
     <span class='ocr_line' id='line_1_40' title="bbox 61 2005 1394 2047; baseline -0.001 -8"><span class='ocrx_word' id='word_1_379' title='bbox 61 2007 158 2047; x_wconf 90' lang='lat' dir='ltr'>rupit.</span> <span class='ocrx_word' id='word_1_380' title='bbox 181 2015 242 2037; x_wconf 89' lang='lat' dir='ltr'>nec</span> <span class='ocrx_word' id='word_1_381' title='bbox 266 2006 300 2037; x_wconf 90' lang='lat' dir='ltr'>in</span> <span class='ocrx_word' id='word_1_382' title='bbox 325 2006 458 2037; x_wconf 75' lang='lat' dir='ltr'>Claudio</span> <span class='ocrx_word' id='word_1_383' title='bbox 471 2030 480 2045; x_wconf 91' lang='lat'>‚</span> <span class='ocrx_word' id='word_1_384' title='bbox 496 2006 625 2045; x_wconf 88' lang='lat' dir='ltr'>quoties</span> <span class='ocrx_word' id='word_1_385' title='bbox 641 2005 796 2036; x_wconf 88' lang='lat' dir='ltr'>meditata</span> <span class='ocrx_word' id='word_1_386' title='bbox 812 2005 1062 2045; x_wconf 83' lang='lat' dir='ltr'>dissererentur,</span> <span class='ocrx_word' id='word_1_387' title='bbox 1080 2006 1271 2046; x_wconf 85' lang='lat' dir='ltr'>elegantiam</span> <span class='ocrx_word' id='word_1_388' title='bbox 1288 2007 1394 2047; x_wconf 88' lang='lat' dir='ltr'>requi—</span> 
     </span>
     <span class='ocr_line' id='line_1_41' title="bbox 59 2052 1393 2093; baseline 0.001 -8"><span class='ocrx_word' id='word_1_389' title='bbox 59 2062 160 2086; x_wconf 84' lang='lat' dir='ltr'>rereS.</span> <span class='ocrx_word' id='word_1_390' title='bbox 193 2057 275 2084; x_wconf 86' lang='lat' dir='ltr'>Nero</span> <span class='ocrx_word' id='word_1_391' title='bbox 305 2053 481 2093; x_wconf 85' lang='lat' dir='ltr'>puerilibus</span> <span class='ocrx_word' id='word_1_392' title='bbox 507 2053 616 2083; x_wconf 86' lang='lat' dir='ltr'>statim</span> <span class='ocrx_word' id='word_1_393' title='bbox 645 2053 738 2083; x_wconf 91' lang='lat' dir='ltr'>annis</span> <span class='ocrx_word' id='word_1_394' title='bbox 757 2052 905 2083; x_wconf 80' lang='lat' dir='ltr'>vividum</span> <span class='ocrx_word' id='word_1_395' title='bbox 925 2052 1069 2083; x_wconf 88' lang='lat' dir='ltr'>animum</span> <span class='ocrx_word' id='word_1_396' title='bbox 1088 2052 1122 2083; x_wconf 91' lang='lat' dir='ltr'>in</span> <span class='ocrx_word' id='word_1_397' title='bbox 1147 2053 1208 2084; x_wconf 85' lang='lat' dir='ltr'>alia</span> <span class='ocrx_word' id='word_1_398' title='bbox 1234 2053 1393 2086; x_wconf 81' lang='lat' dir='ltr'>detorsit:</span> 
     </span>
     <span class='ocr_line' id='line_1_42' title="bbox 60 2100 1396 2142; baseline 0 -9"><span class='ocrx_word' id='word_1_399' title='bbox 60 2102 197 2140; x_wconf 83' lang='lat' dir='ltr'>caelare,</span> <span class='ocrx_word' id='word_1_400' title='bbox 218 2102 347 2141; x_wconf 80' lang='lat' dir='ltr'>pingere</span> <span class='ocrx_word' id='word_1_401' title='bbox 360 2125 369 2140; x_wconf 89' lang='lat'>‚</span> <span class='ocrx_word' id='word_1_402' title='bbox 399 2103 514 2131; x_wconf 88' lang='lat' dir='ltr'>cantus</span> <span class='ocrx_word' id='word_1_403' title='bbox 540 2103 596 2130; x_wconf 89' lang='lat' dir='ltr'>aut</span> <span class='ocrx_word' id='word_1_404' title='bbox 613 2100 754 2139; x_wconf 85' lang='lat' dir='ltr'>regimen</span> <span class='ocrx_word' id='word_1_405' title='bbox 774 2108 942 2139; x_wconf 71' lang='lat' dir='ltr'>equorum</span> <span class='ocrx_word' id='word_1_406' title='bbox 960 2108 1130 2139; x_wconf 81' lang='lat' dir='ltr'>exercere3</span> <span class='ocrx_word' id='word_1_407' title='bbox 1159 2103 1192 2132; x_wconf 90' lang='lat' dir='ltr'>et</span> <span class='ocrx_word' id='word_1_408' title='bbox 1219 2101 1396 2142; x_wconf 87' lang='lat' dir='ltr'>aliquando</span> 
     </span>
     <span class='ocr_line' id='line_1_43' title="bbox 61 2146 1194 2189; baseline -0.003 -10"><span class='ocrx_word' id='word_1_409' title='bbox 61 2148 260 2180; x_wconf 87' lang='lat' dir='ltr'>carminibus</span> <span class='ocrx_word' id='word_1_410' title='bbox 272 2148 446 2189; x_wconf 80' lang='lat' dir='ltr'>pangendis</span> <span class='ocrx_word' id='word_1_411' title='bbox 464 2147 569 2178; x_wconf 89' lang='lat' dir='ltr'>inesse</span> <span class='ocrx_word' id='word_1_412' title='bbox 582 2146 642 2178; x_wconf 90' lang='lat' dir='ltr'>sibi</span> <span class='ocrx_word' id='word_1_413' title='bbox 658 2147 815 2178; x_wconf 88' lang='lat' dir='ltr'>elementa</span> <span class='ocrx_word' id='word_1_414' title='bbox 827 2146 983 2178; x_wconf 84' lang='lat' dir='ltr'>doctrinae</span> <span class='ocrx_word' id='word_1_415' title='bbox 997 2147 1194 2179; x_wconf 88' lang='lat' dir='ltr'>ostendebat.</span> 
     </span>
     <span class='ocr_line' id='line_1_44' title="bbox 60 2211 1391 2242; baseline 0.002 -6"><span class='ocrx_word' id='word_1_416' title='bbox 60 2213 125 2242; x_wconf 71' lang='lat' dir='ltr'>jano</span> <span class='ocrx_word' id='word_1_417' title='bbox 137 2213 246 2242; x_wconf 85' lang='lat' dir='ltr'>scripsit</span> <span class='ocrx_word' id='word_1_418' title='bbox 265 2214 320 2237; x_wconf 87' lang='lat' dir='ltr'>suis</span> <span class='ocrx_word' id='word_1_419' title='bbox 335 2213 439 2236; x_wconf 89' lang='lat' dir='ltr'>meritis</span> <span class='ocrx_word' id='word_1_420' title='bbox 453 2212 486 2236; x_wconf 85' lang='lat' dir='ltr'>ad</span> <span class='ocrx_word' id='word_1_421' title='bbox 499 2213 641 2242; x_wconf 85' lang='lat' dir='ltr'>imperium</span> <span class='ocrx_word' id='word_1_422' title='bbox 659 2213 755 2236; x_wconf 82' lang='lat' dir='ltr'>evecto</span> <span class='ocrx_word' id='word_1_423' title='bbox 767 2230 772 2240; x_wconf 88' lang='lat'><strong>‚</strong></span> <span class='ocrx_word' id='word_1_424' title='bbox 785 2213 910 2235; x_wconf 82' lang='lat' dir='ltr'>emortua</span> <span class='ocrx_word' id='word_1_425' title='bbox 922 2211 1024 2235; x_wconf 84' lang='lat' dir='ltr'>familia</span> <span class='ocrx_word' id='word_1_426' title='bbox 1038 2212 1182 2236; x_wconf 72' lang='lat' dir='ltr'>caesarum.</span> <span class='ocrx_word' id='word_1_427' title='bbox 1192 2224 1223 2229; x_wconf 89' lang='lat'><em>—</em></span> <span class='ocrx_word' id='word_1_428' title='bbox 1236 2217 1260 2236; x_wconf 82' lang='lat'>2.</span> <span class='ocrx_word' id='word_1_429' title='bbox 1275 2213 1315 2237; x_wconf 81' lang='lat' dir='ltr'>lta</span> <span class='ocrx_word' id='word_1_430' title='bbox 1333 2220 1338 2237; x_wconf 91' lang='lat'><strong>:</strong></span> <span class='ocrx_word' id='word_1_431' title='bbox 1354 2214 1391 2238; x_wconf 84' lang='lat' dir='ltr'>Ex</span> 
     </span>
     <span class='ocr_line' id='line_1_45' title="bbox 64 2247 1391 2278; baseline 0 -5"><span class='ocrx_word' id='word_1_432' title='bbox 64 2250 186 2278; x_wconf 76' lang='lat' dir='ltr'>Augusto</span> <span class='ocrx_word' id='word_1_433' title='bbox 199 2249 285 2277; x_wconf 81' lang='lat' dir='ltr'>Julia;</span> <span class='ocrx_word' id='word_1_434' title='bbox 301 2255 333 2273; x_wconf 80' lang='lat' dir='ltr'>ex</span> <span class='ocrx_word' id='word_1_435' title='bbox 350 2249 402 2273; x_wconf 87' lang='lat' dir='ltr'>hac</span> <span class='ocrx_word' id='word_1_436' title='bbox 425 2250 454 2272; x_wconf 83' lang='lat' dir='ltr'>et</span> <span class='ocrx_word' id='word_1_437' title='bbox 473 2249 565 2273; x_wconf 86' lang='lat' dir='ltr'>Marco</span> <span class='ocrx_word' id='word_1_438' title='bbox 577 2249 696 2278; x_wconf 76' lang='lat' dir='ltr'>Agrippa</span> <span class='ocrx_word' id='word_1_439' title='bbox 718 2248 799 2276; x_wconf 85' lang='lat' dir='ltr'>Julia,</span> <span class='ocrx_word' id='word_1_440' title='bbox 820 2254 887 2271; x_wconf 81' lang='lat' dir='ltr'>uxor</span> <span class='ocrx_word' id='word_1_441' title='bbox 902 2248 927 2272; x_wconf 86' lang='lat' dir='ltr'>L.</span> <span class='ocrx_word' id='word_1_442' title='bbox 943 2247 1042 2272; x_wconf 82' lang='lat' dir='ltr'>AEmilii</span> <span class='ocrx_word' id='word_1_443' title='bbox 1057 2247 1148 2276; x_wconf 82' lang='lat' dir='ltr'>Pauli;</span> <span class='ocrx_word' id='word_1_444' title='bbox 1167 2254 1200 2272; x_wconf 79' lang='lat' dir='ltr'>ex</span> <span class='ocrx_word' id='word_1_445' title='bbox 1225 2248 1266 2272; x_wconf 87' lang='lat' dir='ltr'>his</span> <span class='ocrx_word' id='word_1_446' title='bbox 1289 2249 1391 2274; x_wconf 77' lang='lat' dir='ltr'>AEmilia</span> 
     </span>
     <span class='ocr_line' id='line_1_46' title="bbox 64 2283 1395 2315; baseline -0.001 -5"><span class='ocrx_word' id='word_1_447' title='bbox 64 2284 173 2314; x_wconf 85' lang='lat' dir='ltr'>Lepida,</span> <span class='ocrx_word' id='word_1_448' title='bbox 187 2291 255 2309; x_wconf 80' lang='lat' dir='ltr'>uxor</span> <span class='ocrx_word' id='word_1_449' title='bbox 269 2286 346 2315; x_wconf 76' lang='lat' dir='ltr'>Appii</span> <span class='ocrx_word' id='word_1_450' title='bbox 360 2286 432 2310; x_wconf 90' lang='lat' dir='ltr'>Junii</span> <span class='ocrx_word' id='word_1_451' title='bbox 442 2285 540 2314; x_wconf 81' lang='lat' dir='ltr'>Silani;</span> <span class='ocrx_word' id='word_1_452' title='bbox 552 2291 584 2309; x_wconf 82' lang='lat' dir='ltr'>ex</span> <span class='ocrx_word' id='word_1_453' title='bbox 598 2285 639 2308; x_wconf 84' lang='lat' dir='ltr'>bis</span> <span class='ocrx_word' id='word_1_454' title='bbox 653 2285 687 2308; x_wconf 82' lang='lat' dir='ltr'>M.</span> <span class='ocrx_word' id='word_1_455' title='bbox 701 2285 729 2308; x_wconf 83' lang='lat' dir='ltr'>et</span> <span class='ocrx_word' id='word_1_456' title='bbox 744 2284 772 2308; x_wconf 70' lang='lat'>1„</span> <span class='ocrx_word' id='word_1_457' title='bbox 785 2284 875 2314; x_wconf 84' lang='lat' dir='ltr'>Silani,</span> <span class='ocrx_word' id='word_1_458' title='bbox 889 2283 923 2307; x_wconf 88' lang='lat' dir='ltr'>de</span> <span class='ocrx_word' id='word_1_459' title='bbox 933 2283 1032 2313; x_wconf 82' lang='lat' dir='ltr'>quihus</span> <span class='ocrx_word' id='word_1_460' title='bbox 1051 2283 1106 2308; x_wconf 87' lang='lat' dir='ltr'>hic.</span> <span class='ocrx_word' id='word_1_461' title='bbox 1119 2295 1149 2300; x_wconf 94' lang='lat'>—</span> <span class='ocrx_word' id='word_1_462' title='bbox 1161 2289 1183 2307; x_wconf 74' lang='lat'>5.</span> <span class='ocrx_word' id='word_1_463' title='bbox 1196 2285 1395 2309; x_wconf 80' lang='lat' dir='ltr'>Procuratores</span> 
     </span>
     <span class='ocr_line' id='line_1_47' title="bbox 63 2319 510 2350; baseline -0.002 -6"><span class='ocrx_word' id='word_1_464' title='bbox 63 2319 130 2344; x_wconf 76' lang='lat' dir='ltr'>fisci.</span> <span class='ocrx_word' id='word_1_465' title='bbox 143 2332 172 2337; x_wconf 91' lang='lat'>—</span> <span class='ocrx_word' id='word_1_466' title='bbox 183 2325 206 2344; x_wconf 76' lang='lat'>⁴.</span> <span class='ocrx_word' id='word_1_467' title='bbox 221 2321 354 2350; x_wconf 83' lang='lat' dir='ltr'>imperato</span> <span class='ocrx_word' id='word_1_468' title='bbox 368 2320 510 2350; x_wconf 87' lang='lat' dir='ltr'>supplicio.</span> 
     </span>
    </p>

    <p class='ocr_par' dir='ltr' id='par_1_5' title="bbox 96 2354 1391 2385">
     <span class='ocr_line' id='line_1_48' title="bbox 96 2354 1391 2385; baseline 0.001 -7"><span class='ocrx_word' id='word_1_469' title='bbox 96 2355 129 2378; x_wconf 90' lang='lat' dir='ltr'>ll.</span> <span class='ocrx_word' id='word_1_470' title='bbox 157 2361 177 2379; x_wconf 79' lang='grc' dir='ltr'>ι.</span> <span class='ocrx_word' id='word_1_471' title='bbox 192 2356 335 2380; x_wconf 87' lang='lat' dir='ltr'>Servorum</span> <span class='ocrx_word' id='word_1_472' title='bbox 356 2357 553 2380; x_wconf 80' lang='lat' dir='ltr'>libertorumve</span> <span class='ocrx_word' id='word_1_473' title='bbox 574 2356 703 2385; x_wconf 75' lang='lat' dir='ltr'>potentiae</span> <span class='ocrx_word' id='word_1_474' title='bbox 716 2355 881 2384; x_wconf 85' lang='lat' dir='ltr'>subjectum.</span> <span class='ocrx_word' id='word_1_475' title='bbox 896 2366 926 2371; x_wconf 92' lang='lat'>—</span> <span class='ocrx_word' id='word_1_476' title='bbox 939 2359 962 2378; x_wconf 76' lang='lat'>2.</span> <span class='ocrx_word' id='word_1_477' title='bbox 973 2355 1007 2378; x_wconf 87' lang='lat' dir='ltr'>Ut</span> <span class='ocrx_word' id='word_1_478' title='bbox 1020 2354 1082 2377; x_wconf 87' lang='lat' dir='ltr'>olim</span> <span class='ocrx_word' id='word_1_479' title='bbox 1100 2354 1172 2377; x_wconf 86' lang='lat' dir='ltr'>Livia</span> <span class='ocrx_word' id='word_1_480' title='bbox 1190 2360 1244 2378; x_wconf 87' lang='lat' dir='ltr'>uno</span> <span class='ocrx_word' id='word_1_481' title='bbox 1255 2355 1351 2379; x_wconf 74' lang='lat' dir='ltr'>lictore</span> <span class='ocrx_word' id='word_1_482' title='bbox 1363 2356 1391 2379; x_wconf 83' lang='lat' dir='ltr'>et</span> 
     </span>
    </p>
   </div>
   <div class='ocr_carea' id='block_1_3' title="bbox 64 2389 1392 2457">
    <p class='ocr_par' dir='ltr' id='par_1_6' title="bbox 64 2389 1392 2457">
     <span class='ocr_line' id='line_1_49' title="bbox 65 2389 1392 2420; baseline -0.001 -5"><span class='ocrx_word' id='word_1_483' title='bbox 65 2391 183 2415; x_wconf 82' lang='lat' dir='ltr'>flaminio</span> <span class='ocrx_word' id='word_1_484' title='bbox 194 2392 336 2420; x_wconf 74' lang='lat' dir='ltr'>Augustali</span> <span class='ocrx_word' id='word_1_485' title='bbox 349 2393 453 2416; x_wconf 86' lang='lat' dir='ltr'>ornata.</span> <span class='ocrx_word' id='word_1_486' title='bbox 466 2403 494 2408; x_wconf 89' lang='lat'><em>—</em></span> <span class='ocrx_word' id='word_1_487' title='bbox 507 2392 552 2414; x_wconf 81' lang='lat'>111.</span> <span class='ocrx_word' id='word_1_488' title='bbox 567 2397 589 2415; x_wconf 75' lang='lat'>³.</span> <span class='ocrx_word' id='word_1_489' title='bbox 608 2392 637 2415; x_wconf 90' lang='lat' dir='ltr'>V.</span> <span class='ocrx_word' id='word_1_490' title='bbox 650 2391 698 2415; x_wconf 79' lang='grc' dir='ltr'>ΧΗ</span> <span class='ocrx_word' id='word_1_491' title='bbox 712 2410 717 2420; x_wconf 85' lang='lat'><em>‚</em></span> <span class='ocrx_word' id='word_1_492' title='bbox 730 2395 773 2416; x_wconf 75' lang='lat'>253</span> <span class='ocrx_word' id='word_1_493' title='bbox 797 2391 836 2419; x_wconf 84' lang='lat' dir='ltr'>lv,</span> <span class='ocrx_word' id='word_1_494' title='bbox 854 2395 875 2414; x_wconf 83' lang='lat' dir='ltr'>o.</span> <span class='ocrx_word' id='word_1_495' title='bbox 893 2402 923 2407; x_wconf 88' lang='lat'>—-</span> <span class='ocrx_word' id='word_1_496' title='bbox 935 2394 958 2415; x_wconf 70' lang='lat'>⁴.</span> <span class='ocrx_word' id='word_1_497' title='bbox 975 2389 1200 2419; x_wconf 74' lang='lat' dir='ltr'>Duodetriqinta</span> <span class='ocrx_word' id='word_1_498' title='bbox 1213 2391 1392 2418; x_wconf 78' lang='lat' dir='ltr'>consulatus,</span> 
     </span>
     <span class='ocr_line' id='line_1_50' title="bbox 64 2423 1391 2457; baseline 0 -8"><span class='ocrx_word' id='word_1_499' title='bbox 64 2423 230 2451; x_wconf 68' lang='lat' dir='ltr'>dictaturas</span> <span class='ocrx_word' id='word_1_500' title='bbox 244 2428 376 2457; x_wconf 79' lang='lat' dir='ltr'>quinque,</span> <span class='ocrx_word' id='word_1_501' title='bbox 390 2432 527 2451; x_wconf 76' lang='lat' dir='ltr'>censuras</span> <span class='ocrx_word' id='word_1_502' title='bbox 540 2428 658 2456; x_wconf 77' lang='lat' dir='ltr'>septem,</span> <span class='ocrx_word' id='word_1_503' title='bbox 678 2425 838 2455; x_wconf 72' lang='lat' dir='ltr'>triumphos</span> <span class='ocrx_word' id='word_1_504' title='bbox 859 2426 977 2455; x_wconf 78' lang='lat' dir='ltr'>septem,</span> <span class='ocrx_word' id='word_1_505' title='bbox 1000 2424 1074 2448; x_wconf 79' lang='lat' dir='ltr'>duas</span> <span class='ocrx_word' id='word_1_506' title='bbox 1099 2425 1244 2449; x_wconf 74' lang='lat' dir='ltr'>ovationes</span> <span class='ocrx_word' id='word_1_507' title='bbox 1279 2426 1391 2449; x_wconf 79' lang='lat' dir='ltr'>sueton.</span> 
     </span>
    </p>
   </div>
  </div>
 </body>
</html>
