1539 2668
0 2448 15 2514 l·

478 176 514 204 A.
538 175 577 204 U.
602 175 636 204 C·
660 175 732 205 773.
757 175 792 204 Α.
817 176 853 206 C.
877 176 928 206 20.
1329 176 1368 208 71

42 249 230 290 crebrisque
254 248 563 289 interrogationibus
585 248 751 288 exquirit,
778 249 917 290 qualem
944 249 1022 280 Piso
1052 247 1142 281 diem
1167 258 1371 290 supremum

43 299 244 338 noctemque
260 298 433 337 exeqisset.
452 300 548 335 atque
569 295 644 327 illo³
669 295 823 337 pleraque
839 297 1016 337 sapienter,
1040 296 1190 336 quaedam
1211 299 1372 330 inconsul-

42 345 108 377 tius
121 344 351 385 respondente,
376 343 494 375 recitat
510 342 676 374 codicillos
690 351 709 373 a
724 343 843 375 Pisone
858 345 893 375 in
906 343 997 375 hunc
1011 342 1114 375 ferme
1130 343 1263 375 modum
1284 354 1372 376 com-

43 391 167 431 positos
186 401 193 421 :
214 404 229 418 «
243 390 488 430 conspiratione
503 390 713 421 inimicorum
725 390 757 421 et
778 390 904 422 invidia
917 390 991 422 falsi
1008 390 1155 422 criminis
1171 400 1345 432 oppressus
1359 416 1372 434 ‚

43 450 61 465 α
80 441 239 478 quatenus
254 437 383 469 veritati
401 439 432 468 et
447 437 643 469 innocentiae
658 445 739 468 meae
759 446 922 477 nusquam
938 437 1029 469 locus
1046 439 1116 478 est,
1139 437 1218 470 deos
1238 439 1373 471 immor-

45 497 61 512 «
77 486 156 517 tales
167 488 270 517 testor
282 484 403 516 vixisse
416 493 480 524 me,
496 488 614 524 Caesar,
629 493 703 515 cum
719 483 782 516 fide
795 485 969 517 adversum
985 486 1036 524 te,
1050 493 1155 526 neque
1169 486 1230 516 alia
1245 486 1278 517 in
1299 495 1373 519 ma-

44 545 59 560 «
76 534 158 564 trem
172 534 261 563 tuam
281 532 424 571 pietate3
440 541 565 572 vosque
582 540 639 563 oro
651 555 659 571 ‚
678 531 786 563 liberis
805 532 887 564 meis
903 532 1083 564 consulatis
1096 556 1105 572 ‚
1121 541 1161 564 ex
1178 533 1298 573 quibus
1312 537 1372 566 Cn.

46 592 61 607 α
79 580 152 610 Piso
166 578 395 619 qualicumque
412 579 553 610 fortunae
572 587 654 610 meae
682 587 748 609 non
766 579 817 611 est
832 579 1007 619 adjunctus
1020 603 1030 619 ,
1059 588 1161 620 quum
1184 588 1281 612 omne
1309 581 1373 612 hoc

44 638 61 653 «ι
77 628 205 666 tempus
217 625 250 656 in
267 626 352 657 Urbe
369 625 488 665 egerit,
505 629 547 657 Μ.
566 626 638 657 Piso
652 628 794 666 repetere
810 626 934 667 Syriam
950 626 1140 658 dehortatus
1154 627 1205 659 est
1218 627 1244 657 ⁴.
1274 629 1374 668 atqu’e

44 684 60 699 «ι
77 672 202 704 utinam
216 681 274 712 ego
287 673 397 713 potius
411 672 479 704 filio
491 672 605 712 juveni
619 696 628 712 ,
646 681 745 713 quam
762 673 816 704 ille
828 674 912 713 patri
929 673 1000 705 seni
1012 673 1172 706 cessisset.
1191 682 1230 706 eo
1252 674 1373 716 impen-

44 731 61 746 α
76 719 143 751 sius
155 728 285 760 precor,
301 728 341 751 ne
354 728 436 751 meae
453 719 622 760 pravitatis
631 728 742 761 poenas
753 719 907 752 innoxius
920 719 1000 752 luat.
1018 729 1076 761 per
1091 720 1239 761 quinque
1251 724 1283 753 et
1296 730 1373 762 qua-

44 777 59 792 «
79 766 226 807 draginta
243 776 401 798 annorum
423 766 640 807 obsequium,
667 776 724 808 per
751 768 922 807 collegium
944 768 1131 799 consulatus
1147 767 1159 786 ⁵
1171 791 1180 807 ‚
1206 769 1372 808 quondam

42 824 58 838 ι
76 813 154 844 divo
174 816 317 854 Augusto
334 814 458 854 parenti
475 817 533 845 tuo
549 814 708 854 probatus
723 838 731 853 ,
745 815 777 846 et
790 814 850 846 tibi
867 814 991 845 amicus
1004 839 1012 853 ‚
1030 823 1090 845 nec
1106 814 1283 855 quidquam
1300 818 1373 856 post

43 871 60 887 ι
76 860 147 892 haec
161 864 332 901 rogaturus
345 885 354 901 ,
373 861 510 893 salutem
528 861 668 893 infelicis
685 861 742 892 filii
759 870 849 901 rogo.
869 874 886 889 n
904 861 944 893 de
969 861 1121 893 Plancina
1138 861 1217 893 nihii
1234 862 1372 894 addidit.

79 909 178 939 xvn.
203 909 277 940 Post
301 916 375 948 quae
397 908 545 939 Tiberius
571 908 809 940 adolescentem
832 908 968 940 crimine
997 908 1102 939 civilis
1124 907 1198 939 belli
1223 909 1375 948 purgavit

40 949 169 996 (patris
180 956 308 996 quippe
315 955 419 995 Jussa
434 963 494 987 nec
503 957 660 995 potuisse
666 954 789 996 filium
801 955 1023 996 detrectare),
1038 955 1134 986 simul
1153 955 1374 988 nobilitatem

39 999 173 1041 domus,
187 1003 295 1033 etiam
307 1003 413 1043 ipsius
428 1010 563 1043 quoquo
579 1002 678 1034 modo
692 1004 809 1034 meriti
822 1010 963 1042 gravem
976 1010 1097 1034 casum
1114 1002 1296 1034 miseratus.
1315 1013 1374 1043 pro

26 1047 194 1080 Plancina
210 1057 284 1080 cum
298 1049 420 1089 pudore
435 1050 467 1081 et
482 1049 604 1089 flagitio
621 1049 629 1067 ¹
650 1049 820 1088 disseruit,
839 1050 965 1081 matris
979 1057 1097 1089 preces
1114 1049 1294 1081 obtendens
1307 1075 1315 1090 ,
1339 1051 1373 1082 in

39 1102 139 1134 quam
153 1096 267 1136 optimi
281 1097 440 1137 quusque
459 1097 577 1128 secreti
599 1098 733 1137 questus
758 1096 859 1136 magis
879 1096 1115 1128 ardescebant:
1137 1108 1153 1124 a
1172 1096 1205 1128 id
1227 1105 1302 1137 ergo
1326 1099 1373 1130 sas

43 1153 60 1170 α
75 1141 157 1174 aviae
170 1166 180 1182 ,
206 1143 457 1174 interfectricem
480 1144 608 1184 nepotis
637 1144 800 1184 aspicere,
818 1142 960 1183 alloqui,
979 1143 1103 1183 eripere
1127 1144 1266 1175 senatui.
1284 1145 1373 1185 quod

43 1200 58 1215 σι
72 1197 132 1229 pro
145 1189 297 1221 omnibus
310 1190 438 1221 civibus
451 1191 537 1230 leges
553 1190 733 1230 obtineant,
751 1190 809 1221 uni
822 1190 1012 1221 Germanico
1027 1199 1093 1221 non
1108 1190 1291 1230 contigisse.
1315 1191 1374 1222 Vi-

41 1247 59 1262 «
72 1236 151 1267 tellii
168 1237 201 1268 et
216 1236 346 1268 Veranii
362 1245 442 1268 voce
462 1237 616 1268 defletum
632 1240 791 1268 Caesarem
809 1245 817 1266 ε
836 1235 877 1267 ab
891 1237 1088 1276 Imperatore
1106 1238 1138 1268 et
1153 1240 1299 1277 Augusta
1319 1238 1374 1270 de·

41 1295 58 1311 a
72 1283 197 1315 sensam
211 1284 409 1315 Plancinam.
424 1285 557 1324 perinde
575 1293 699 1316 venena
712 1286 745 1316 et
762 1286 848 1315 artes
866 1284 933 1315 tam
947 1283 1087 1315 feliciter
1109 1289 1257 1324 expertas
1272 1286 1374 1319 verte-

40 1341 58 1357 α
71 1332 120 1362 ret
134 1330 167 1362 in
182 1330 393 1371 Agrippinam
404 1354 412 1369 ,
428 1331 461 1362 in
475 1331 594 1362 liberos
608 1331 693 1371 ejus,
711 1331 938 1371 egregiamque
954 1330 1061 1362 aviam
1079 1339 1117 1362 ac
1134 1331 1286 1371 patruum
1302 1340 1374 1364 sau-

41 1389 59 1404 «ι
71 1377 167 1417 guine
181 1377 372 1409 miserrimae
391 1378 509 1409 domus
526 1378 711 1409 exsatiaret.
730 1390 746 1405 »ι
768 1376 907 1408 Biduum
921 1385 1020 1417 super
1038 1377 1109 1408 haec
1123 1376 1135 1395 ²
1155 1377 1295 1416 imagine
1321 1388 1375 1411 co·

37 1423 191 1464 gnitionis
204 1424 432 1465 absumptum,
453 1426 588 1464 urgente
603 1424 733 1455 Tiberio
749 1423 866 1455 liberos
884 1423 1029 1463 Pisonis,
1051 1425 1203 1456 matrem
1221 1426 1273 1455 uti
1298 1427 1372 1457 tue·

40 1473 175 1503 rentur.
189 1473 222 1504 et
237 1480 338 1512 quum
362 1472 566 1503 accusatores
579 1480 616 1502 ac
634 1472 736 1503 testes
758 1471 907 1502 certatim
923 1471 1132 1511 perorarent,
1157 1471 1375 1512 respondente

37 1517 148 1558 nullo,
171 1519 335 1550 miseratio
351 1518 364 1537 ³
387 1528 488 1560 quam
510 1518 635 1550 invidia
657 1518 844 1559 augebatur.
869 1517 996 1558 primus
1018 1518 1211 1549 sententiam
1244 1521 1375 1559 rogatus

39 1565 189 1597 Aurelius
201 1566 294 1598 Cotta
308 1566 419 1598 consul
436 1566 446 1607 (
456 1574 532 1597 nam
548 1566 706 1597 referente
718 1564 728 1583 ⁴
750 1569 875 1597 Caesare
886 1589 895 1604 ,
910 1565 1118 1604 magistratus
1136 1574 1173 1596 co
1189 1565 1286 1597 etiam
1304 1574 1374 1596 mu-

38 1620 117 1644 nere
142 1612 394 1653 fungebantur),
420 1626 435 1641 «ι
450 1621 569 1644 nomen
584 1612 709 1644 Pisonis
725 1611 903 1643 radendum
922 1611 1016 1643 fastis
1028 1625 1042 1639 n
1059 1613 1198 1652 censuit,
1218 1625 1233 1639 «
1247 1615 1373 1652 partem

40 1658 230 1691 «bonorum
254 1660 508 1701 publicandam,
539 1669 613 1700 pars
636 1662 672 1691 ut
696 1661 756 1690 Cn.
781 1659 889 1691 Pisoni
908 1658 973 1690 filio
997 1659 1250 1699 concederetur,
1280 1659 1375 1699 isque

41 1718 57 1733 ι
73 1714 259 1746 praenomen
276 1709 438 1748 mutaret3
456 1711 499 1739 M.
513 1707 589 1738 Piso
602 1732 610 1746 ‚
630 1709 727 1738 exuta
744 1706 905 1746 dignitate
921 1706 933 1724 ⁵
955 1707 986 1737 et
1002 1707 1138 1746 accepto
1161 1706 1375 1749 quinquagies

41 1763 58 1779 ι
72 1755 233 1795 sestertio,
246 1754 280 1786 in
297 1754 409 1786 decem
426 1763 528 1786 annos
541 1754 737 1795 relegaturss,
753 1762 905 1786 concessa
923 1752 1085 1786 Plancinae
1095 1753 1319 1785 incolumitate
1332 1753 1375 1785 ob

43 1810 58 1825 α
72 1808 184 1840 preces
202 1804 365 1842 Augustae,
381 1815 396 1829 »

81 1850 195 1879 XVIII.
217 1849 321 1880 Multa
334 1858 374 1880 ex
387 1856 425 1880 ea
440 1848 599 1880 sententia
612 1847 758 1887 mitigata
771 1847 849 1880 sunt
863 1856 881 1879 a
894 1847 1067 1888 Principe:
1085 1855 1128 1879 ne
1144 1856 1266 1879 nomen
1282 1849 1373 1879 Piso-

40 1894 93 1925 m‘s
98 1893 212 1933 fastis
224 1897 448 1934 eximeretur,
464 1895 604 1935 quando
619 1896 665 1926 M.
681 1895 835 1935 Antonii,
851 1896 910 1935 qui
928 1893 1058 1926 bellum
1070 1895 1202 1934 patriae
1215 1894 1373 1934 fecisset,

41 1941 114 1972 Iuli
127 1943 285 1981 Antonii,
300 1943 359 1983 qui
373 1941 513 1973 domum
535 1942 682 1981 Auqusti
696 1940 886 1981 violasset,
900 1942 1093 1972 manerent,
1119 1942 1151 1971 et
1165 1944 1208 1971 M.
1227 1941 1374 1972 Pisonem

40 1986 227 2025 ignominiae
243 1989 383 2029 exemit,
405 1988 629 2028 concessitque
645 1987 675 2019 ei
700 1989 834 2028 paterna
857 1987 963 2027 bona,
983 1987 1062 2018 satis
1081 1987 1212 2027 firmus,
1234 1988 1376 2027 ut·saepe

39 2035 239 2076 memoravi,
263 2035 438 2068 adversum
467 2035 638 2076 pecuniam
651 2059 660 2075 ‚
689 2037 722 2066 et
753 2036 825 2066 tum
840 2033 964 2074 pudore
991 2033 1151 2065 absolutae
1180 2034 1343 2066 Plancinae
1361 2034 1369 2052 ¹

41 2110 124 2135 etiam
136 2116 254 2140 sequens
263 2111 451 2136 illo'dubltare
460 2110 533 2135 sinit.
547 2123 576 2128 -
585 2115 608 2134 5.
629 2110 746 2133 Videtur
757 2115 816 2134 esse
835 2108 959 2138 libertus,
980 2109 1024 2133 cul
1038 2109 1098 2134 Piso
1114 2109 1216 2139 scripta
1231 2109 1372 2139 obsignata

41 2145 200 2171 tradiderat.
210 2158 240 2164 -
251 2152 275 2171 ⁴.
285 2148 370 2177 supra
387 2147 420 2176 11,
433 2151 474 2172 ⁷6.
489 2158 517 2164 -
528 2151 552 2170 s.
567 2146 632 2170 Cum
646 2145 758 2169 Tiberio
778 2144 874 2169 consul
886 2144 978 2169 iuerat
989 2145 1055 2170 anni
1069 2145 1099 2170 U.
1110 2149 1165 2174 7⁴⁷,
1174 2150 1238 2170 cum
1251 2146 1374 2175 Augusto

41 2182 106 2205 anni
119 2186 172 2206 ⁷51.

70 2216 154 2241 XVII.
169 2222 192 2241 i.
210 2217 251 2242 lta
263 2219 295 2242 ut
305 2217 359 2242 hoc
373 2219 398 2243 ei
411 2219 483 2243 esset
495 2217 584 2248 pudor
596 2217 653 2246 (res
674 2216 811 2246 pudenda)
824 2216 852 2240 et
862 2215 1003 2246 flagitium.
1014 2228 1043 2233 -
1055 2221 1078 2240 2.
1093 2216 1238 2241 Praeterea.
1249 2228 1279 2234 -
1292 2221 1315 2240 5.
1329 2217 1373 2240 Sc.

41 2251 196 2281 potius-⁴.
209 2253 381 2283 Proponente
393 2254 499 2278 senatui
513 2253 548 2277 ed
556 2252 767 2280 decernendum,
781 2251 838 2275 scil.
849 2253 881 2275 ut
893 2252 921 2275 in
930 2251 982 2275 hac
995 2257 1077 2276 causa
1091 2253 1172 2276 etiam
1187 2252 1371 2281 magistratus,

41 2286 174 2315 consules,
189 2290 327 2318 praetores,
339 2290 402 2318 etc.‚
418 2289 581 2313 sententiam
602 2293 663 2312 cum
679 2288 777 2311 ceteris
791 2287 964 2311 senatoribus
976 2288 1155 2317 rogarentur;
1170 2287 1197 2311 id
1214 2286 1286 2316 quod
1307 2288 1373 2310 ante

42 2319 227 2349 Imperatores
243 2330 380 2354 nunquam
396 2324 508 2349 factum.
523 2337 552 2341 -
565 2329 578 2347 a
591 2325 632 2348 Sc⁴
645 2323 792 2347 senatoria.
805 2335 833 2339 -
845 2327 869 2346 c.
884 2322 943 2347 Dici
965 2322 1086 2347 debehat
1109 2323 1312 2352 relevaretur.-
1322 2320 1371 2345 sed

41 2354 153 2380 Tacitus
166 2358 270 2388 reliqua
280 2361 424 2384 sententiae
433 2366 446 2383 a
462 2361 540 2383 Cotta
555 2359 635 2382 dictae
649 2359 785 2382 narrando
797 2358 964 2388 exsequitur,
978 2358 1009 2382 ut
1021 2357 1102 2382 simul
1110 2357 1214 2383 indicet
1227 2362 1290 2382 vere
1301 2357 1371 2382 rele-

42 2391 139 2419 gatum
151 2398 218 2417 esse.
235 2395 431 2427 Quinquayies
440 2396 513 2423 sest„
529 2394 615 2418 ferme
628 2399 760 2421 2,000‚000.

73 2425 166 2451 XVIII.
183 2433 202 2453 ι.
217 2429 254 2453 Eo
265 2430 337 2459 quod
351 2430 468 2460 pudebat
481 2429 566 2459 ipsum
580 2429 756 2455 absolutionis
777 2428 918 2454 Plancinae.
