1539 2668
536 201 635 230 VITA
656 201 755 230 JULII
778 200 990 230 AGRICOLAE.
1368 201 1423 230 431

105 287 180 319 quae
202 278 234 310 in
252 277 417 319 quaestum
442 277 567 316 reperta
589 275 658 315 ipso
680 274 802 306 tributo
817 273 945 315 gravius
960 271 1191 304 tolerabantur.
1218 281 1358 313 namque
1372 282 1430 314 per

106 326 284 357 ludibrium
300 324 441 356 assidere
457 323 572 354 clausis
589 322 712 353 horreis
723 322 734 339 ‘³
754 324 785 353 et
802 330 908 353 emere
921 321 1008 352 ultro
1025 319 1187 351 frumenta
1201 320 1209 337 ³
1233 329 1269 351 ac
1289 320 1428 351 vendere

104 372 208 413 pretio
220 372 231 390 ὃ
252 371 459 412 cogebantur.
477 369 622 401 devortia
639 369 791 399 itinerum
814 370 846 400 et
861 367 1081 407 longinquitas
1096 367 1262 406 regionum
1276 368 1286 385 ³·
1306 367 1426 398 indice-

104 419 210 458 batur,
227 420 262 451 ut
278 419 425 450 civitates
447 427 464 449 a
484 417 644 458 proximis
659 417 801 447 hibernis
817 417 848 446 in
863 417 985 446 remota
998 417 1030 446 et
1046 414 1120 446 avia
1133 415 1309 453 deferrent,
1326 414 1428 446 donec

103 467 191 507 quod
205 466 354 498 omnibus
367 466 400 496 in
415 468 568 506 promptu
583 466 672 502 erat,
688 464 797 504 paucis
813 465 838 481 ¹⁰
855 463 1018 494 lucrosum
1034 462 1132 493 fieret.

143 517 207 546 XX.
232 518 307 545 Haec
323 516 427 553 primo
444 512 553 544 statim
573 520 657 542 anno
681 511 925 551 comprimendo
947 510 1106 549 egregiam
1137 510 1256 541 samam
1279 510 1349 549 paci
1368 518 1426 540 cn·-

102 561 289 599 cumdedit3
315 569 389 601 quae
414 561 465 592 vel
482 560 605 591 incuria
626 559 677 590 vel
704 559 872 590 tolerantia
897 558 1042 598 priorum
1069 557 1155 589 haud
1192 558 1299 589 minus
1329 566 1426 597 quam

102 609 221 640 bellum
236 608 424 640 timebatur.
442 608 497 639 sed
513 608 568 639 ubi
592 610 688 639 aestas
708 607 840 638 advenit
851 630 859 645 ‚
875 607 1040 636 contracto
1061 605 1226 645 exercitu,
1241 605 1380 636 militnm
1396 605 1426 635 in

101 657 228 696 agmine
241 656 373 687 laudare
391 655 606 694 modestiam,
623 654 774 693 disjectos
796 662 943 685 coercere
959 663 965 683 :
982 653 1052 683 loca
1075 653 1187 684 castris
1203 655 1272 693 ipse
1289 661 1403 693 capere
1418 677 1426 689 ‚

100 704 252 735 aestuaria
268 713 305 735 ac
323 704 421 735 silvas
434 704 501 743 ipse
516 705 710 743 praetentare
729 713 735 733 :
756 704 788 733 et
810 701 890 732 nillil
902 700 1038 731 interim
1052 701 1138 740 apud
1157 701 1265 732 hostes
1279 701 1427 741 quietum

100 750 178 792 pati,
194 751 368 791 quominus
381 751 496 781 subitis
513 750 703 781 excursibus
718 749 925 790 popularetur
942 759 948 779 ε
963 751 1072 787 atque,
1090 748 1145 779 ubi
1159 749 1236 779 satis
1251 748 1425 786 terruerat,

100 798 262 838 parcendo
285 807 398 829 rursus
412 798 616 829 irritamenta
633 798 738 838 pacis¹
761 799 935 828 ostentare.
957 796 1082 836 Quibus
1099 795 1194 827 rebus
1217 797 1330 828 multae
1345 797 1426 828 civi-

101 847 205 885 tates,
224 854 297 885 quae
316 845 348 875 in
372 845 464 876 illum
485 845 569 876 diem
591 854 631 876 ex
655 854 750 884 {elluo
768 846 898 883 egerant
912 844 938 882 ²,
960 844 1043 874 datis
1066 842 1251 882 obsidibus,
1275 844 1354 875 iram
1372 853 1424 884 po-

99 900 211 932 suere,
235 894 267 923 et
289 892 448 931 praesidiis
470 892 676 932 castellisque
701 891 934 930 circumdatae,
959 892 1048 921 tanta
1065 891 1188 922 ratione
1211 900 1370 930 curaque,
1390 893 1426 922 ut

97 939 184 973 nulla
197 940 273 970 ante
286 938 458 970 Britanniae
472 948 556 970 nova
569 949 643 979 pars
655 940 679 971 ³.

138 990 218 1018 XXI.
231 986 402 1018 Illacessita
419 987 548 1017 transiit
568 996 711 1026 sequens
727 987 842 1025 hiems,
858 984 1075 1016 saluberrimis
1091 985 1233 1015 consiliis
1243 984 1423 1025 absumpta.

96 1041 239 1074 namque
251 1057 260 1073 ,
278 1034 316 1064 ut
334 1033 481 1064 homines
497 1033 633 1073 dispersi
649 1043 686 1065 ac
700 1034 813 1073 rudes,
832 1040 936 1072 eoque
952 1031 1037 1062 bello
1051 1031 1158 1062 faciles
1171 1056 1179 1071 ‚
1198 1032 1298 1072 quieti
1315 1034 1347 1063 et
1359 1033 1427 1063 otio

96 1090 154 1122 per
167 1081 351 1120 voluptates
367 1083 608 1121 assuescerent,
625 1081 745 1112 hortari
764 1080 913 1121 privatim
928 1103 937 1118 ,
953 1079 1106 1119 adjuvare
1127 1079 1272 1119 publice,
1295 1081 1330 1111 ut
1347 1081 1424 1111 tem-

96 1127 150 1168 pla
163 1152 171 1167 ‚
190 1128 260 1158 sora
273 1152 281 1167 ‚
298 1127 415 1158 domus
432 1129 638 1159 exstruerent
649 1152 657 1167 ‚
676 1128 836 1159 laudando
852 1128 1038 1168 promptos,
1054 1127 1086 1157 et
1100 1126 1285 1164 castigando
1300 1136 1423 1166 segnes

96 1176 143 1206 ita
155 1176 286 1206 honoris
302 1175 468 1206 aemulatio
482 1184 540 1215 pro
555 1175 746 1206 necessitate
760 1177 840 1206 erat.
854 1177 919 1213 jam
933 1183 1010 1204 vcro
1024 1174 1206 1213 principum
1222 1174 1300 1205 lilios
1314 1175 1429 1206 libera-v

95 1222 181 1253 libus
197 1223 323 1253 artibus
337 1222 477 1261 erudire,
493 1224 526 1253 et
540 1222 667 1261 ingenia
680 1222 908 1252 Britannorum
923 1221 1038 1252 studiis
1054 1221 1214 1252 Gallorum
1229 1221 1387 1252 anteferre
1399 1222 1425 1261 ¹,

95 1270 132 1301 ut
144 1293 152 1309 ‚
166 1269 222 1309 qui
239 1269 336 1300 modo
351 1269 491 1308 linguam
509 1273 687 1300 Romanam
706 1269 901 1307 abnuebant,
916 1268 1132 1307 eloquentiam
1148 1268 1423 1308 concupiscerent.

95 1316 168 1347 inde
182 1316 280 1347 etiam
296 1316 425 1347 babitus
440 1316 542 1347 nostri
560 1317 675 1355 honor,
690 1319 722 1346 et
736 1316 884 1355 frequens
897 1317 990 1354 loga;
1006 1315 1235 1354 paullatimque
1248 1315 1424 1347 discessum

95 1363 136 1394 ad
161 1363 374 1394 delinimenta
398 1363 552 1394 vitiorum
566 1389 574 1403 ‚
600 1363 745 1404 porticus
759 1388 767 1402 ‚
788 1365 821 1394 et
844 1363 976 1401 balnea,
999 1364 1031 1394 et
1049 1362 1274 1393 conviviorum
1299 1363 1423 1403 elegan-

94 1412 173 1443 tiam
190 1420 196 1440 :
213 1410 308 1450 idque
322 1410 407 1450 apud
421 1411 588 1451 imperitos
605 1411 806 1443 humanitas
817 1410 828 1427 ²
846 1410 1037 1448 vocabatur,
1055 1418 1155 1450 quum
1174 1418 1246 1449 pars
1262 1410 1426 1442 servitutis

94 1458 188 1488 esset.

137 1508 230 1535 XXII.
250 1505 378 1536 Tertius
391 1505 640 1545 expeditionum
656 1513 759 1536 annus
772 1513 872 1536 novas
887 1506 997 1544 gentes
1013 1504 1139 1543 aperuit
1151 1528 1160 1542 ,
1176 1505 1308 1535 vastatis
1321 1513 1426 1544 usque

95 1551 135 1582 ad
151 1555 253 1582 Taum
271 1552 449 1591 (aestuario
467 1561 585 1583 nomen
607 1553 674 1591 est)
691 1552 889 1583 nationibus.
911 1561 975 1591 qna
999 1551 1170 1582 tormidine
1189 1552 1292 1582 territi
1314 1552 1425 1584 hostes

95 1607 290 1639 quamquam
302 1599 523 1630 conflictatum
534 1601 631 1631 saevis
641 1599 891 1639 tempestatibus
901 1599 1079 1629 exercitum
1093 1599 1246 1630 lacessere
1258 1608 1321 1629 non
1333 1600 1425 1638 ausi;

94 1645 314 1686 ponendisque
328 1647 459 1686 insuper
472 1648 613 1679 castellis
630 1649 771 1688 spatium
788 1648 862 1678 suit.
881 1645 1086 1677 aunotabant
1103 1646 1221 1685 periti,
1239 1654 1302 1676 non
1324 1647 1425 1677 alium

95 1692 211 1724 ducem
228 1696 488 1734 opportunitates
504 1695 652 1727 locorum
670 1695 847 1735 sapientius
864 1694 976 1734 legisse
992 1705 999 1724 2
1015 1695 1140 1726 nullum
1157 1694 1198 1725 ab
1212 1694 1358 1733 Agricola
1372 1704 1426 1735 po·

95 1740 192 1771 situm
209 1741 378 1771 castellum
399 1744 455 1772 aut
474 1742 505 1772 vi
522 1743 667 1773 bostium
681 1745 904 1782 expugnatum
916 1766 924 1781 ‚
943 1744 1000 1773 aut
1018 1742 1165 1782 pactione
1177 1750 1215 1772 ac
1230 1741 1304 1780 fuga
1320 1741 1425 1773 deser-

96 1787 178 1822 tum.
197 1786 324 1818 Crebrae
344 1788 530 1828 eruptiones
549 1799 556 1819 :
579 1798 654 1819 nam
677 1789 836 1820 adversus
858 1797 968 1819 moras
993 1789 1170 1820 obsidionis
1188 1788 1304 1819 annuis
1325 1790 1427 1831 copiis

94 1831 317 1864 firmabantur.
345 1835 390 1865 ita
415 1835 580 1875 intrepida
603 1836 647 1866 ibi
673 1837 796 1874 hiems,
813 1838 844 1867 et
866 1836 926 1867 sibi
953 1836 1089 1875 quisque
1112 1835 1281 1875 praesidio,
1297 1836 1421 1867 irritis¹

95 1879 243 1911 hostibus
261 1889 363 1920 eoque
386 1881 655 1921 desperantibus,
673 1882 747 1921 quia
760 1906 768 1921 ‚
788 1883 874 1913 soliti
891 1883 1082 1922 plerumque
1096 1882 1213 1912 damna
1235 1882 1358 1914 aestatis
1375 1882 1424 1913 hi..

94 1925 204 1958 bernis
220 1929 391 1960 eventibus
407 1938 544 1969 pensare
555 1953 564 1969 ,
583 1931 656 1960 tum
670 1930 782 1960 aestate
799 1930 896 1969 atque
911 1929 1016 1960 hieme
1027 1929 1121 1968 juxta
1135 1929 1344 1969 pellebantur.
1359 1934 1426 1961 Nec

95 2040 119 2058 e.
140 2034 181 2058 Sc.
196 2033 258 2061 suiS,
272 2039 356 2063 usque
367 2033 430 2056 dum
448 2035 584 2058 Romanus
599 2034 772 2064 magistratus
785 2035 929 2057 adveniret
943 2033 1078 2057 frumenta
1091 2032 1226 2056 aestimans
1241 2034 1269 2056 et
1282 2033 1424 2058 decumam

95 2070 344 2093 constituens.-7.
363 2070 478 2093 Decimis
497 2076 573 2093 usum
596 2076 706 2094 suorum
730 2071 930 2094 frumentorum
950 2070 1094 2093 redimere.
1106 2074 1167 2091 —8.
1180 2069 1225 2092 Sc.
1243 2071 1393 2094 constituto
1410 2078 1424 2095 a

95 2105 229 2129 Romanis.
241 2110 302 2128 -9,
323 2105 352 2128 In
371 2111 436 2134 quas
455 2105 624 2134 deportanda
642 2107 733 2130 essent
749 2107 896 2130 frumenta.
908 2117 936 2121 —-
950 2110 986 2129 ιο.
1004 2104 1133 2128 Praetecto
1151 2103 1262 2132 ejusque
1281 2106 1424 2134 ministris,

97 2141 179 2163 aucto
195 2145 243 2169 per
256 2139 428 2170 longinquam
440 2141 671 2165 transvectionem
685 2143 781 2171 pretio.

126 2175 183 2198 XX.
196 2180 215 2199 ι.
230 2176 293 2204 Quae
310 2176 343 2198 ad
359 2181 451 2204 pacem
472 2176 635 2199 servandam
652 2178 777 2201 excitent.
790 2189 817 2193 -
828 2181 850 2199 2.
868 2178 953 2206 AEquo
976 2176 1065 2200 Marte
1083 2176 1208 2200 Romanis
1222 2177 1379 2201 restiterant
1398 2178 1426 2200 et

96 2209 202 2234 illibata
214 2210 341 2234 libertate
356 2217 466 2235 sua—3.
483 2213 522 2235 lta
540 2213 668 2235 Gordium
681 2213 783 2236 nodum
797 2213 876 2242 hujus
892 2212 958 2239 loci,
973 2212 1093 2236 nondum
1109 2218 1124 2235 a
1138 2218 1274 2241 quoquam
1287 2212 1407 2236 solutum
1417 2231 1423 2241 ,

97 2245 223 2269 dissecui.
237 2246 387 2275 Legebatur
400 2252 476 2271 nova
485 2253 558 2276 pars
574 2248 732 2272 illacessc'm
750 2248 916 2272 transierit.
929 2246 1050 2277 Sequens
1066 2247 1154 2271 hiems
1167 2249 1220 2271 etc.
1236 2247 1327 2271 Altera
1338 2249 1425 2272 hiems

98 2280 224 2304 lacessita
237 2280 334 2308 fuerat,
350 2288 430 2311 quum
449 2285 615 2308 transvecta
623 2284 687 2314 J'am
701 2285 800 2308 oescccte
813 2283 1011 2312 expeditionem
1024 2283 1052 2306 in
1066 2283 1213 2307 Ordovicas
1226 2283 1424 2312 suscipiendam

95 2315 245 2344 iudicasset
255 2316 387 2345 Agricola,
402 2323 425 2341 c.
440 2324 475 2342 ιε.

128 2350 196 2374 XXI.
218 2356 239 2374 ι.
252 2351 326 2375 Ultra
339 2353 426 2377 studia
443 2354 580 2378 Gallorum
602 2361 777 2385 promovere.
798 2355 952 2386 Ante-serre
964 2355 1010 2380 hio
1023 2355 1120 2385 agendi
1136 2354 1250 2379 verbum
1261 2372 1267 2384 ,
1283 2360 1338 2380 non
1353 2355 1430 2386 judi«

100 2385 180 2410 candi
195 2387 297 2409 este—2.
315 2387 375 2411 Sive
387 2389 493 2414 cultus.

127 2420 212 2445 xxti.
228 2427 248 2446 ι.
263 2423 314 2451 spe
327 2421 478 2454 frustratis,
491 2426 523 2450 ut
533 2425 608 2452 Hist.
623 2427 667 2455 IV,
681 2431 717 2451 52.
