1539 2668
515 201 554 230 U.
577 200 611 229 C.
636 199 708 230 773.
732 200 769 230 A.
793 200 828 230 C.
853 201 906 231 20.
1302 203 1342 234 69

13 279 134 321 petum
151 278 320 317 patronos
341 274 481 317 petenti,
503 274 607 314 iisque
629 274 758 306 diversa
779 274 1016 306 excusantibus
1031 273 1066 314 ³,
1090 277 1134 306 Μ.
1154 276 1295 316 Lepidus
1309 277 1343 310 et

18 329 53 358 L.
70 325 143 356 Piso
158 325 191 355 et
207 323 367 355 Livineius
377 321 519 361 Regulus
532 322 666 361 affuere,
684 324 808 353 arrecta
821 322 831 340 ⁴
851 322 940 353 omni
953 321 1097 361 civitate,
1112 323 1345 363 quantafides

17 373 138 403 amicis
156 371 364 409 Germanici,
385 368 610 409 quaefiducz'a
631 377 711 408 reo;
728 369 832 401 satin’
848 369 1019 401 cohiberet
1033 377 1075 401 ac
1085 372 1262 409 premeret
1274 379 1345 403 sen·

15 427 75 450 sus
88 427 166 450 suos
183 416 345 450 Tiberius.
367 415 408 446 iis
425 416 510 447 haud
529 415 607 447 alias
625 415 635 434 ⁵
655 416 811 448 intentior
826 416 966 457 populus
986 416 1059 457 plus
1085 415 1149 447 sibi
1172 416 1207 447 in
1225 417 1347 449 Princi-

16 474 90 506 pem
102 464 240 496 occultae
256 463 346 494 vocis
358 464 415 494 aut
429 462 610 503 suspicacis
632 463 754 495 silentii
772 464 931 503 permisit.

58 515 125 544 XII.
149 511 207 542 Die
234 513 368 541 senatus
396 514 505 541 Caesar
531 510 714 542 orationem
739 510 852 542 habuit
875 510 1034 543 meditato
1058 510 1316 550 temperamento
1337 518 1347 540 :

18 571 35 586 «ι
49 558 149 599 patris
165 556 217 588 sui
233 556 372 596 legatum
388 559 486 597 atque
499 557 641 588 amicum
656 557 810 588 Pisonem
827 558 938 597 fuisse,
953 557 1199 597 adjutoremque
1217 561 1348 589 Germa-

17 618 35 633 «
51 605 125 636 nico
147 603 259 634 datum
273 612 291 634 a
306 612 354 643 se,
372 607 504 635 auctore
520 605 652 643 senatu,
670 604 768 636 rebus
782 605 867 645 apud
887 605 1052 637 Orientem
1068 603 1346 636 administrandis.

17 664 34 679 ιι
49 650 138 682 illic¹
167 651 372 682 contumacia
396 652 429 682 et
456 651 689 683 certaminibus
712 654 894 692 asperasset
919 652 1075 691 juvenem
1100 651 1255 691 exituque
1278 653 1350 691 ejus

18 697 180 729 «laetatus
198 701 304 736 esset,
324 706 367 729 an
383 697 504 729 scelere
530 698 763 737 exstinxisset,
788 698 921 738 integris
947 699 1066 730 animis
1090 697 1351 737 dijudicandum.

17 756 35 772 ι
50 752 127 775 nam
151 744 178 775 si
203 744 327 784 legatus
350 743 447 775 officii
470 745 647 785 terminos,
676 745 871 786 obsequium
886 754 961 785 erga
986 746 1215 786 imperatorem
1235 744 1350 784 exuit,

17 804 33 820 ι
50 791 259 832 eJusdemque
273 794 376 823 morte
390 793 422 823 et
439 792 529 823 luctu
545 800 619 824 meo
639 791 769 824 laetatus
786 795 835 824 est
848 817 856 832 ,
873 792 972 824 odero
987 801 1205 833 seponamque
1222 801 1241 823 a
1253 791 1352 823 domo

18 851 34 866 α
51 847 143 878 mea,
161 840 194 870 et
215 838 358 879 privatas
386 837 575 870 inimicitias
590 848 656 870 non
678 841 712 872 vi
737 840 896 880 Principis
914 840 1054 871 ulciscar
1071 849 1078 870 :
1102 839 1153 871 sin
1177 839 1301 870 facinus
1317 839 1353 870 in

18 897 35 912 «ι
49 886 282 926 cujuscumque
305 885 495 917 mortalium
514 895 594 917 nece
618 886 857 918 vindicandum
881 887 1064 926 detegitur,
1096 895 1153 917 vos
1185 894 1263 917 vero
1279 884 1290 902 ²
1320 887 1354 917 et

15 942 32 960 ‹
49 932 168 964 liberos
184 932 365 964 Germanici
382 935 414 965 et
428 941 487 964 nos
505 936 656 974 parentes
677 934 776 974 Justis
794 933 918 965 solatiis
935 934 1066 964 afficite.
1087 933 1250 973 simulque
1272 932 1353 964 illud

17 990 34 1006 a
50 979 361 1020 reputate‚turbide
378 981 410 1011 et
430 980 585 1012 seditiose
608 981 800 1013 tractaverit
826 981 988 1012 exercitus
1011 981 1104 1020 Piso,
1128 980 1265 1021 quaesita
1288 979 1354 1011 sint

17 1037 34 1053 α
50 1034 107 1066 per
125 1026 335 1058 ambitionem
349 1027 458 1059 studia
474 1027 617 1059 militum
630 1051 640 1067 ‚
656 1029 755 1059 armis
772 1028 909 1068 repetita
926 1028 1094 1068 provincia
1107 1052 1115 1067 ‚
1134 1036 1174 1058 an
1190 1027 1269 1058 falsa
1283 1027 1354 1058 liaec

18 1085 34 1100 a
52 1073 85 1104 in
100 1074 206 1114 majus
222 1074 429 1114 vulgaverint
448 1077 651 1106 accusatores
666 1084 675 1106 τ
697 1084 837 1115 quorum
854 1084 912 1115 ego
926 1075 1038 1106 nimiis
1055 1073 1173 1106 studiis
1188 1074 1259 1113 jure
1277 1083 1352 1105 suc-

18 1131 35 1147 ιι
51 1127 176 1151 censeo.
192 1129 269 1152 nam
284 1130 349 1162 quo
366 1121 523 1161 pertinuit
542 1122 666 1153 nudare
684 1131 802 1162 corpus
819 1125 851 1153 et
865 1121 1135 1153 contrectandum
1149 1121 1237 1161 vulgi
1251 1121 1353 1153 oculis

16 1178 35 1194 α
51 1167 237 1207 permittere
253 1167 264 1185 ³
279 1190 288 1206 ‚
310 1167 499 1207 differrique
515 1169 614 1200 etiam
631 1177 688 1209 per
714 1170 886 1208 externos,
913 1171 1082 1209 tamquam
1104 1177 1230 1200 veneno
1252 1168 1354 1199 inter-

18 1225 34 1240 «
52 1214 167 1253 ceptus
183 1216 285 1254 esset,
301 1214 329 1245 si
352 1214 477 1246 incerta
496 1215 603 1246 adbuc
619 1215 681 1246 ista
703 1218 736 1246 et
752 1215 929 1247 scrutanda
947 1217 1049 1247 sunt?
1071 1215 1177 1247 Desseo
1203 1214 1354 1255 equidem

17 1274 33 1286 κ
51 1260 155 1291 filium
172 1269 302 1299 meum,
322 1269 514 1301 semperque
532 1261 656 1292 deflebo
672 1271 679 1292 :
698 1262 756 1293 sed
773 1271 880 1302 neque
893 1271 985 1293 reum
1006 1262 1162 1302 prohibeo
1178 1261 1354 1302 quominus

16 1320 34 1332 «
50 1309 167 1339 cuncta
194 1308 353 1348 proferat,
376 1308 497 1348 quibus
522 1308 710 1340 innocentia
736 1310 804 1349 ejus
835 1309 1019 1349 sublevari,
1048 1310 1124 1347 aut,
1148 1309 1176 1340 si
1199 1317 1263 1348 qua
1294 1308 1356 1340 fuit

19 1365 35 1381 ι
52 1354 207 1394 iniquitas
223 1355 427 1393 Germanici,
446 1356 578 1394 coargui
596 1357 723 1395 possit;
748 1365 873 1396 vosque
890 1365 949 1387 oro
966 1365 1027 1395 ne,
1058 1356 1135 1396 quia
1157 1355 1263 1386 dolori
1282 1364 1355 1387 meo

19 1413 36 1429 ιι
53 1409 150 1432 causa
165 1409 310 1433 connexa
333 1402 402 1440 est,
423 1401 551 1441 objecta
570 1402 707 1433 crimina
723 1411 782 1442 pro
809 1402 995 1442 approbatis
1023 1402 1202 1442 accipiatis.
1222 1403 1249 1433 si
1275 1411 1355 1442 quos

20 1460 36 1475 ιι
55 1448 254 1488 propinquus
271 1448 402 1487 sanguis
419 1451 476 1480 aut
492 1448 570 1479 fides
587 1458 646 1480 sua
664 1450 817 1489 patronos
830 1449 940 1488 dedit,
960 1452 1118 1489 quantum
1136 1449 1275 1489 quisque
1291 1449 1357 1480 elo-

20 1506 36 1521 ι
54 1496 187 1535 quentia
201 1498 232 1527 et
248 1504 327 1526 cura
344 1494 451 1534 valet,
466 1496 580 1536 juvate
597 1496 846 1536 periclitantem.
864 1495 905 1526 ad
928 1496 1068 1527 eundem
1085 1496 1245 1534 lahorem,
1270 1504 1353 1527 ean—

21 1555 37 1570 «
55 1541 128 1573 dem
142 1543 358 1574 constantiam
373 1545 577 1574 accusatores
602 1543 723 1574 hortor.
752 1542 786 1574 id
806 1543 913 1574 solum
937 1543 1126 1575 Germanico
1150 1552 1248 1583 super
1268 1543 1354 1582 leges

21 1601 37 1616 ιι
54 1589 313 1629 praestiterImus,
329 1588 417 1629 quod
434 1589 468 1620 in
485 1589 577 1621 curia
593 1590 703 1630 potius
720 1599 817 1630 quam
832 1590 867 1621 in
882 1590 966 1629 foro,
984 1590 1071 1630 apud
1091 1592 1241 1621 senatum
1255 1598 1356 1629 quam

20 1647 37 1663 σι
55 1636 139 1676 apud
154 1636 281 1676 judices
293 1636 334 1667 de
356 1637 461 1668 morte
477 1637 548 1676 ejus
562 1638 759 1676 anquiritur.
775 1639 883 1669 cetera
896 1638 966 1678 pari
982 1637 1143 1669 modestia
1162 1638 1354 1668 tractentur.

21 1694 37 1710 a
54 1691 149 1714 nemo
164 1683 261 1715 Drusi
279 1683 429 1714 lacrimas
441 1706 450 1722 ,
478 1692 575 1715 nemo
600 1684 789 1715 moestitiam
806 1693 913 1716 meam
933 1686 1081 1724 spectet,
1104 1692 1164 1716 nec
1187 1683 1214 1715 si
1233 1691 1297 1723 qua
1315 1683 1351 1715 in

21 1741 38 1756 ιι
53 1738 112 1761 nos
128 1730 265 1762 adversa
279 1730 458 1769 finguntur.
476 1742 493 1757 »
1287 1760 1292 1764 .

60 1779 143 1808 xl11.
159 1777 240 1808 Exin
255 1777 398 1808 biduum
411 1776 612 1808 criminibus
622 1777 818 1817 objiciendis
829 1778 993 1813 statuitur,
1006 1780 1126 1819 utque,
1143 1785 1204 1809 sex
1216 1776 1352 1808 dierum

20 1826 131 1863 spatio
144 1824 333 1863 interjecto,
350 1832 430 1855 reus
443 1832 507 1863 per
522 1824 680 1856 triduum
695 1824 955 1864 defenderetur.
975 1827 1049 1857 tum
1065 1824 1229 1856 Fulcinius
1242 1825 1353 1854 vetera

21 1872 53 1902 et
65 1870 173 1901 inania
181 1871 319 1909 orditur,
332 1871 509 1902 ambitiose
520 1879 696 1912 avareque
704 1871 866 1904 habitam
877 1875 1087 1914 Hispaniam
1100 1873 1107 1891 ¹
1125 1871 1238 1912 .·.quod
1246 1879 1352 1911 neque

21 1918 207 1948 convictum
225 1925 319 1948 noxae
335 1916 345 1934 ²
366 1926 438 1956 τεο,
458 1917 486 1948 si
503 1918 644 1948 recentia
665 1920 837 1958 purgaret,
854 1927 959 1959 neque
972 1919 1143 1951 defensum
1157 1918 1354 1950 absolutioni

21 1966 107 2003 erat,
129 1964 155 1995 si
168 1966 333 1996 teneretur
355 1964 533 2003 majoribus
557 1964 698 2004 flagitiis.
724 1966 799 2005 post
813 1974 910 2005 quem
935 1969 1084 1998 Servaeus
1100 1969 1132 1997 et
1147 1965 1307 1997 Veranius
1322 1966 1355 1997 et

20 2010 171 2042 Vitellius
185 2011 344 2042 consimili
359 2011 479 2049 studio,
499 2010 557 2042 sed
574 2011 678 2043 multa
692 2012 877 2052 eloquentia
893 2012 1052 2052 Vitellius,
1070 2013 1231 2053 obJecere,
1250 2025 1266 2039 «
1281 2012 1355 2044 odio

24 2072 41 2088 ιι
57 2059 242 2093 Germanici
259 2060 289 2090 et
305 2067 413 2090 rerum
431 2067 590 2090 novarum
607 2059 715 2090 studio
730 2060 880 2091 Pisonem
894 2060 1010 2100 vulgus
1026 2060 1169 2091 militum
1187 2068 1244 2099 per
1260 2060 1356 2090 licen-

23 2118 41 2134 «
58 2107 136 2138 tiam
154 2109 186 2138 et
207 2106 368 2138 sociorum
385 2106 524 2145 injurias
557 2114 595 2138 eo
621 2115 724 2146 usque
751 2106 956 2147 corrupisse,
978 2107 1014 2138 ut
1026 2115 1160 2147 parens
1183 2107 1354 2146 leqiomcm

25 2165 41 2181 n
58 2163 77 2185 a
90 2154 271 2185 deterrimis
286 2153 521 2194 appellaretur;
538 2154 652 2185 contra
666 2154 698 2184 in
715 2154 875 2194 optimum
895 2162 1056 2194 quemque
1067 2177 1077 2193 ‚
1096 2153 1238 2184 maxime
1253 2153 1287 2184 in
1304 2162 1355 2184 co·

26 2212 42 2227 «ι
59 2201 154 2232 mites
167 2202 199 2232 et
216 2200 340 2232 amicos
358 2199 562 2240 Germanici,
581 2200 734 2240 saevisse;
758 2203 924 2240 postremo
944 2201 1053 2241 ipsum
1075 2200 1305 2232 devotionibus
1322 2201 1355 2232 et

25 2259 42 2275 ιι
59 2255 184 2279 veneno
200 2247 401 2288 peremisse:
424 2256 516 2280 sacra
540 2247 617 2279 hinc
629 2250 662 2280 et
685 2247 927 2280 immolationes
950 2247 1107 2280 nefandas
1124 2247 1227 2288 ipsius
1255 2248 1356 2287 atque

24 2351 65 2383 (et
75 2351 285 2376 detrectantium
298 2352 352 2377 hoc
365 2353 474 2380 munus)
486 2352 696 2382 proferentibus.
704 2357 762 2377 -4,
771 2352 862 2377 Ιηῐὴοο
874 2353 981 2378 intenta
991 2352 1097 2378 animis.
1106 2364 1136 2371 —
1145 2356 1169 2377 u.
1178 2351 1268 2377 Haud
1277 2349 1354 2376 altas

24 2388 53 2412 et
66 2386 99 2411 ad
112 2387 252 2412 intentior
265 2389 293 2412 et
307 2388 340 2411 ad
348 2388 417 2417 plus
427 2388 482 2413 sibi
494 2388 627 2416 permisit
636 2387 716 2412 simul
728 2387 911 2412 referendum.

2 2452 4 2454 ‚
54 2422 112 2446 xn.
129 2427 149 2446 i.
161 2422 275 2452 supple:
289 2424 389 2447 utrum.
407 2436 435 2440 —
451 2427 474 2446 2.
487 2424 564 2447 'runc
577 2429 634 2447 vos,
648 2436 675 2441 —
692 2429 717 2448 5.
731 2423 765 2446 V.
779 2422 814 2452 11,
826 2427 862 2447 ⁷5.

53 2457 126 2484 xm.
143 2457 222 2490 ΜΞΝ
240 2458 299 2483 Piso
313 2459 427 2488 Augusti
439 2458 546 2488 legatus
557 2458 711 2485 tuerat-2.
723 2458 880 2489 probatum,
890 2463 974 2488 noxae
987 2458 1046 2486 slve
1061 2457 1174 2487 noxium
1190 2457 1250 2483 erat
1261 2461 1352 2482 reo.-
