1539 2668
155 130 217 163 214
533 126 667 155 TACITI
690 125 901 155 ANNALIUM
923 125 998 154 Lm.
1020 126 1102 156 xlv.

155 212 229 238 mm
241 210 351 244 ,quos
365 200 449 242 regis
462 199 598 240 Apionis
613 199 777 240 quondam
795 200 897 231 avitos
912 199 924 217 ³
943 199 976 231 et
991 199 1112 240 populo
1123 203 1268 231 Romano
1290 208 1366 231 mim
1377 209 1489 241 legno¹

154 251 286 286 relictos
302 248 470 291 proximus
488 247 626 288 quisque
641 255 806 287 possessor
818 247 1003 278 invaserant
1016 271 1025 286 ,
1039 246 1230 286 diutinaque
1249 247 1423 280 lieentiaet
1435 247 1488 279 in»

153 298 241 341 Jnria
257 296 347 338 quasi
358 296 431 336 Jure
453 297 486 327 et
499 303 593 335 aequo
608 293 804 325 nitebantur.
823 294 921 334 igitur
934 293 1127 334 adjudicatis
1142 294 1225 335 agris
1241 297 1315 326 orta·
1324 294 1487 326 adversus

153 345 297 387 Judicem
310 343 449 383 invidia3
465 343 498 374 et
514 342 645 373 senatus
659 343 777 381 tynota
796 341 860 373 siba·
876 350 946 373 esse
970 341 1142 373 mandata
1163 341 1304 373 Claudii
1323 343 1356 373 et
1367 350 1489 375 consu·

159 393 304 427 lendum
322 393 523 431 Principem
537 388 715 429 respondit.
733 393 834 429 Nero,
856 389 992 429 probata
1010 389 1174 420 Strabonis
1190 389 1369 428 sententia,
1383 396 1419 421 se
1437 389 1488 421 ni-

157 441 349 474 nilominus
371 437 555 469 subvenire
566 437 664 467 sociis
677 438 712 468 et
731 438 905 477 usurpata
922 436 1103 468 concedere
1117 436 1260 476 scripsit.

201 491 281 520 XIX.
306 486 497 526 Sequuntur
515 483 658 515 virorum
676 483 848 515 illustrium
862 487 1001 524 mortes,
1018 483 1148 515 Domitii
1165 484 1230 515 Al'ri
1244 484 1277 515 et
1292 487 1334 515 M.
1353 481 1490 524 Servilii,

160 534 363 578 quisummis
379 531 556 564 honoribus
569 532 602 563 et
618 530 720 562 multa
737 531 919 572 eloquentia
933 532 1122 571 viguerant,
1145 531 1197 562 ille
1213 531 1336 562 orando
1353 539 1490 571 causas,

158 583 311 617 Servilius
328 581 382 611 diu
404 580 496 619 foro,
519 587 596 610 mox
620 578 786 610 tradendis
811 579 907 610 rebus
932 579 1086 610 Romanis
1113 578 1250 609 celebris
1272 580 1304 609 et
1333 577 1493 619 elegantia

157 631 256 669 vitae3
279 637 377 669 quam
392 626 560 659 clariorem
577 625 704 666 effecit,
722 628 757 657 ut
772 635 829 667 par
841 626 989 666 ingenio,
1006 626 1052 657 ita
1067 634 1196 657 morum
1212 626 1360 657 diversus
1375 626 1398 657 ¹.

200 681 265 709 XX.
290 681 415 708 Nerone
437 674 591 715 quartum
604 697 613 714 ,
631 674 777 705 Cornelio
804 678 900 705 Cosso
926 677 1019 704 Coss.
1041 673 1048 691 ¹
1066 673 1307 713 quinquennale
1326 673 1489 704 ludicrum

158 727 271 757 Romre
288 723 476 755 institutum
494 723 543 753 est
557 721 598 752 ad
613 730 736 752 morem
752 721 853 752 Graeci
869 720 1090 759 certaminis2,
1106 721 1196 750 varia
1209 721 1312 759 fama,
1332 721 1368 752 ut
1378 720 1496 751 cuncta

159 773 263 804 ferme
281 779 378 802 nova.
392 770 513 811 quippe
526 770 618 800 erant
632 768 687 808 qui
704 782 719 795 ιι
737 772 794 799 Cn.
813 777 944 808 quoque
957 767 1146 808 Pompeium
1163 767 1344 798 incusatum
1358 776 1377 798 a
1392 765 1496 798 senio-

163 831 179 847 «
197 819 288 850 ribus
303 832 318 846 ι»
338 818 472 856 ferrent,
489 829 506 844 «
521 816 609 857 quod
623 824 809 847 mansuram
826 816 945 846 theatri
962 815 1073 847 sedem
1089 815 1249 855 posuisset
1261 814 1272 832 ³
1287 824 1295 844 :
1313 823 1389 845 nam
1401 815 1496 845 antea

164 878 181 894 «ι
197 866 360 899 subitariis
374 864 527 906 gradibus
540 865 574 896 et
589 871 686 894 scena
705 863 737 893 in
756 866 887 903 tempus
914 865 1038 894 structa
1062 863 1154 894 ludos
1170 862 1222 893 edi
1245 862 1377 902 solitos,
1393 861 1446 893 vel

164 928 180 942 «
197 914 375 945 vetustiora
389 914 514 952 repetas
524 935 532 951 ‚
545 912 685 942 stantem
700 911 858 950 populum
871 910 1069 951 spectavisse
1085 909 1094 928 ‘⁴
1108 922 1116 949 ;
1137 910 1164 941 si
1181 910 1361 941 consideret
1371 908 1498 948 ‚⁵*tlrea-

164 976 181 991 α
199 964 250 994 tro
276 962 345 993 dies
373 961 460 992 totos
491 958 620 998 ignavia
650 957 868 989 continuaret.
898 966 939 989 ne
967 958 1226 998 spectaculorum
1255 956 1390 997 quidem
1415 955 1497 987 anti-

166 1023 181 1038 «
198 1009 308 1050 quitas
324 1009 518 1045 servaretur,
539 1006 666 1046 quoties
682 1007 837 1044 praetores
850 1005 1000 1042 ederent,
1019 1005 1106 1036 nulla
1127 1006 1280 1045 cuiquam
1300 1004 1426 1035 civium
1447 1010 1499 1033 ne-

166 1070 183 1085 «
198 1056 348 1088 cessitate
365 1054 548 1086 certandiss.
573 1055 717 1084 ceterum
736 1052 875 1083 abolitos
888 1052 1058 1092 paullatim
1084 1053 1205 1092 patrios
1223 1060 1330 1082 mores
1354 1049 1500 1081 funditus

166 1118 185 1134 κ
201 1104 301 1136 everti
319 1113 378 1144 per
393 1102 530 1134 accitam
544 1100 712 1131 lasciviam
722 1124 732 1138 ,
752 1102 799 1138 ut,
815 1099 902 1139 quod
915 1108 1054 1139 usquam
1068 1100 1233 1139 corrumpi
1248 1101 1280 1129 ct
1295 1105 1500 1136 corrumpere

167 1165 183 1180 «ι
204 1155 313 1192 queat,
324 1151 357 1181 in
367 1150 453 1181 Urbe
468 1148 607 1187 visatur,
624 1147 863 1186 degeneretque
881 1146 999 1177 studiis
1015 1147 1158 1177 externis
1172 1147 1328 1187 Juventus
1337 1143 1502 1185 gymnasia

168 1212 184 1226 κ
200 1201 232 1230 ct
249 1198 314 1229 otia
331 1200 362 1228 et
378 1199 489 1236 turpes
507 1203 634 1226 amores
649 1193 831 1225 exercendo
842 1217 850 1229 ‚
868 1192 1016 1233 Principe
1029 1195 1061 1224 et
1076 1196 1189 1224 senatu
1210 1192 1400 1224 auctoribus
1411 1215 1420 1231 ,
1445 1190 1501 1230 qui

167 1261 184 1275 «ι
203 1256 267 1277 non
284 1244 380 1276 modo
394 1242 558 1274 licentiam
575 1242 663 1272 vitiis
677 1240 902 1281 permiserint,
917 1240 970 1271 sed
989 1240 1055 1271 vim
1069 1241 1263 1279 adhibeant3
1282 1247 1430 1280 proceres
1443 1241 1503 1268 Ro·

170 1308 185 1321 «
203 1292 288 1324 mani
301 1317 309 1331 ,
324 1291 434 1331 specie
447 1290 632 1322 orationum
647 1291 679 1320 et
696 1288 876 1319 carminum
890 1311 899 1327 ,
917 1288 1016 1319 scena
1029 1284 1229 1328 polluantur?
1239 1286 1316 1327 quid
1334 1292 1503 1326 superesse

171 1354 185 1368 α
205 1341 263 1372 nisi
286 1343 321 1371 ut
337 1348 471 1379 corpora
488 1346 618 1378 quoque
631 1336 756 1367 nudent
772 1338 803 1366 et
820 1336 938 1366 caestus
951 1337 1141 1374 assumant,
1159 1343 1280 1375 easque
1307 1341 1429 1374 pusnas
1446 1340 1504 1371 pro

171 1400 187 1415 «ι
204 1387 321 1418 militia
337 1388 369 1418 et
386 1387 486 1417 armis
504 1384 703 1416 meditentur
719 1386 731 1414 Ρ
758 1392 799 1413 an
811 1382 972 1421 justitiam
991 1382 1100 1421 augeri
1117 1386 1149 1413 et
1165 1381 1311 1413 decurias
1328 1375 1477 1420 Equitum
1489 1377 1499 1394 ’ἵ

172 1448 188 1462 κ
203 1434 365 1474 egregium
381 1432 550 1473 judicandi
565 1440 685 1462 munus
702 1430 889 1470 expleturos
905 1430 931 1469 ⁵,
948 1429 974 1461 si
992 1429 1112 1461 fractos
1126 1438 1226 1460 sonos
1250 1431 1281 1460 et
1301 1426 1504 1459 dulcedinem

172 1495 188 1510 «
206 1491 325 1513 vocum
356 1481 458 1521 perite
483 1479 674 1511 audissent?
699 1481 812 1509 noctes
838 1486 966 1517 quoque
991 1476 1139 1508 dedecori
1162 1477 1325 1516 adjectas,
1351 1483 1391 1505 ne
1417 1473 1505 1513 quod

173 1542 188 1557 «ι
206 1532 334 1569 tempus
362 1527 478 1568 pudori
504 1527 717 1567 relinquatur,
750 1525 807 1556 sed
830 1527 916 1556 coetu
935 1524 1140 1564 promiscuo,
1157 1523 1246 1564 quod
1268 1521 1506 1564 perditissimus

174 1591 189 1605 ιι
207 1578 346 1618 quisque
362 1585 418 1616 per
432 1575 518 1606 diem
538 1574 778 1614 concupiverit,
794 1581 851 1612 per
870 1572 1017 1603 tenebras
1033 1571 1159 1602 audeat.
1177 1583 1192 1598 »

213 1627 296 1656 XXI.
322 1623 470 1655 Pluribus
490 1623 560 1662 ipsa
574 1620 704 1652 licentia
723 1620 892 1659 placebat,
917 1627 955 1649 ac
983 1620 1093 1650 tamen
1118 1617 1252 1648 honesta
1270 1616 1404 1647 nomina
1424 1623 1505 1655 prae·

172 1672 364 1705 tendebant:
383 1670 538 1709 «majores
551 1676 682 1708 quoque
694 1677 758 1698 non
771 1666 980 1698 abhorruisse
993 1665 1250 1705 spectaculorum
1262 1663 1508 1695 oblectamentis

176 1734 192 1749 «ι
208 1729 266 1761 pro
284 1720 433 1757 fortuna,
452 1725 526 1757 quae
538 1717 609 1747 tum
623 1716 692 1747 erat
709 1715 733 1754 ¹,
748 1724 851 1755 eoque
867 1724 885 1745 a
899 1712 1011 1745 Tuscis
1027 1713 1148 1744 accitos
1166 1712 1337 1743 histriones
1352 1710 1379 1750 2,
1393 1719 1412 1741 a
1425 1710 1509 1741 Thu-

176 1782 192 1796 «
210 1767 268 1799 riis
293 1773 451 1806 equorum
481 1763 676 1800 certamina;
704 1764 737 1794 et
762 1770 911 1803 possessa
932 1760 1052 1792 Achaia
1078 1760 1217 1800 Asiaque
1243 1758 1338 1789 ludos
1363 1756 1509 1788 curatius

177 1831 193 1845 «ι
211 1815 332 1852 edit0s3
358 1821 418 1843 nec
440 1819 638 1852 quemquam
656 1814 767 1841 Romae
784 1810 918 1840 honesto
934 1808 1005 1839 loco
1027 1809 1138 1838 ortum
1163 1806 1205 1837 ad
1227 1804 1400 1837 theatrales
1425 1805 1510 1835 artes

178 1876 193 1891 «
209 1861 474 1903 degeneravisse,
493 1857 642 1890 ducentis
656 1858 723 1898 jam
739 1857 832 1888 annis
848 1865 868 1888 a
880 1860 914 1888 L.
932 1855 1081 1887 Mummii
1097 1854 1263 1894 triumpho
1278 1852 1305 1893 ⁸,
1316 1852 1373 1893 qui
1385 1851 1511 1892 primus

178 1964 280 1989 militiae
294 1963 374 1986 daret
388 1960 433 1985 vel
444 1960 536 1990 pretio
558 1959 608 1983 vel
620 1958 655 1983 ob
668 1957 863 1982 auctoritatem
879 1955 1053 1980 familiarum.
1066 1968 1093 1971 -
1104 1960 1127 1978 5.
1141 1954 1192 1983 Qui
1207 1953 1279 1982 regis
1292 1952 1395 1980 essent,
1409 1951 1443 1975 ab
1455 1951 1510 1974 avis

179 2004 263 2028 usquc
277 1997 382 2022 traditi.
395 1996 472 2026 Apio,
484 1995 641 2025 postremus
655 1993 816 2023 Lagidarum
830 1992 857 2015 in
873 1997 959 2022 regno
973 1991 1137 2020 Cyrenaicae,
1149 1989 1275 2013 Romanis
1299 1992 1358 2010 eam
1371 1986 1510 2016 legaverat

179 2043 202 2060 a.
216 2035 247 2059 U.
259 2039 310 2057 sco.

210 2070 281 2094 xlx.
297 2074 317 2092 ι.
338 2069 380 2091 Sc.
396 2073 411 2091 a
426 2065 557 2094 Domitio,
572 2065 606 2089 de
618 2070 671 2094 quo
686 2070 767 2093 supra
781 2064 826 2091 1V,
840 2068 886 2087 ωε
904 2061 1092 2091 prosperiore
1105 2057 1273 2089 eloquentur
1291 2062 1378 2086 quam
1397 2061 1511 2079 morum

175 2107 262 2136 sama
269 2104 342 2134 suit.
538 2110 540 2113 r

212 2141 268 2164 XX.
286 2145 306 2163 ι.
326 2141 356 2162 Α.
370 2138 401 2162 U.
415 2143 467 2167 13¹3,
482 2142 509 2166 p.
525 2136 589 2160 Chr.
603 2141 638 2159 eo.
653 2149 664 2152 -
686 2140 707 2158 τε.
727 2136 864 2159 [usim-um
883 2132 1080 2163 Olympiorum,
1103 2129 1271 2160 Pythiorum‚
1283 2129 1338 2151 etc.
1354 2140 1381 2144 —
1392 2132 1413 2150 5.
1433 2129 1462 2150 Α.
1475 2126 1508 2150 U.

181 2182 234 2205 ees,
251 2180 333 2203 ⁴o‚000
347 2175 533 2203 spectatorum
546 2177 740 2201 capacem-⁴.
753 2176 758 2192 ι
774 2171 828 2195 (inf.
846 2170 932 2193 Valer-
950 2169 1019 2192 Max.
1033 2167 1096 2196 ΠΛ,
1111 2171 1190 2189 2.-5,
1203 2166 1245 2188 Sc.
1261 2165 1424 2187 eventurum
1440 2163 1510 2186 ut,—

182 2218 203 2237 s.
216 2211 268 2236 Scd
281 2210 371 2233 utilia
389 2209 534 2236 concedas,
551 2213 624 2232 nunc
638 2214 672 2231 ne
686 2208 805 2236 ipsorum
821 2205 928 2235 quidem
942 2201 1161 2233 spectaculorum
1183 2205 1285 2223 morem
1301 2199 1441 2226 antiquum
1456 2202 1512 2220 ser-

182 2248 251 2275 vari,
269 2245 419 2269 secundum
439 2250 530 2274 quem,
545 2244 653 2273 quoties
672 2245 779 2272 praetor,
792 2243 822 2265 ut
832 2242 902 2269 olim,
915 2245 961 2264 eos
975 2238 1077 2267 ederet,
1097 2242 1160 2265 non,
1178 2236 1207 2258 ut
1224 2234 1467 2263 nunc,1mperator
1483 2232 1511 2254 et

183 2282 304 2310 senatus,
319 2286 399 2304 nemo
411 2280 552 2310 quisquam
565 2279 665 2303 civium
681 2279 707 2301 in
721 2284 802 2301 scena
816 2278 922 2301 certare
940 2275 1118 2299 coaetus.—⁷.
1134 2271 1241 2301 l·'quitcs
1254 2270 1281 2293 in
1295 2270 1413 2298 quinque
1433 2267 1512 2291 decu-

185 2317 239 2340 rias
253 2315 412 2345 descriptos,
427 2320 510 2345 penes
523 2320 590 2344 quos
601 2313 767 2343 judicia—s.
782 2312 972 2336 consummate
986 2310 1014 2333 et
1027 2307 1148 2338 perfecte
1163 2306 1410 2330 administraturos.

216 2351 287 2375 XXI.
304 2356 324 2374 l.
338 2351 381 2374 Sc.
392 2350 518 2374 modica:
533 2355 617 2379 quare
631 2348 789 2378 spectacula
802 2347 944 2371 rudia—2.
960 2344 1026 2369 Vide
1040 2343 1142 2368 Livium
1159 2342 1213 2371 Vll,
1225 2346 1250 2365 2.
1266 2341 1338 2363 Idem
1352 2339 1372 2368 Ι,
1387 2343 1415 2362 ss
1428 2342 1512 2368 equo-

186 2392 254 2411 rum
269 2386 433 2411 certamina
446 2385 481 2410 ab
491 2385 588 2409 iisdem
602 2384 696 2409 ‘ruscis
710 2383 825 2408 derivat.
839 2395 865 2400 —
881 2387 904 2406 z.
923 2382 963 2406 De
974 2379 1077 2405 Achaeis
1096 2379 1125 2402 et
1138 2375 1283 2402 Corinthiis
1296 2376 1359 2400 acto
1373 2379 1400 2399 a.
1413 2373 1446 2398 U.
1459 2376 1513 2395 608.
