1539 2668
173 188 229 217 140
608 190 738 218 TAClTl
761 191 970 219 ANNALIUM
992 192 1063 220 LIB.
1090 192 1141 220 VI.

170 261 332 300 equestris
358 261 459 301 proelii
475 270 564 292 more
594 262 705 294 frontis
725 264 757 294 et
773 264 850 304 tergi
868 264 955 295 vices
971 264 996 303 ³,
1015 263 1186 304 aliquando
1203 265 1237 295 ut
1252 267 1397 297 conserta
1407 267 1491 299 acies

169 308 357 347 corporibus
380 313 409 338 et
424 308 517 347 pulsu
534 308 543 326 ⁶
564 318 726 340 armorum
739 310 911 351 pellerent,
932 312 1136 351 pellerentur.
1173 315 1305 351 Jamque
1330 314 1361 343 et
1378 313 1490 345 Albani

169 353 317 395 Iberique
343 365 493 395 prensare
507 380 515 395 ‚
533 356 703 388 detrudere
715 382 723 396 ,
739 358 912 398 ancipitem
939 368 1078 399 pugnam
1105 358 1252 389 hostibus
1280 358 1393 398 tacere,
1409 369 1491 400 quos

167 409 262 442 super
278 403 288 420 ⁵
309 412 425 442 eques,
452 406 485 433 et
512 413 529 433 a
546 404 557 420 ⁰
585 405 789 444 propioribus
807 406 995 437 vulneribus
1019 405 1142 446 pedites
1166 405 1375 438 afflictabant.
1406 408 1492 439 Inter

167 457 241 487 quae
265 451 498 481 Pharasmanes
527 451 731 491 Orodesque,
757 452 833 484 dum
861 454 1000 485 strenuis
1024 453 1159 492 adsunt,
1186 455 1241 483 aut
1268 452 1492 486 dubitantibus

166 495 381 532 subveniunt,
410 497 575 537 conspicui
602 506 705 538 eoque
722 499 833 538 gnari,
860 501 1019 539 clamore,
1047 500 1141 539 telis,
1160 500 1252 539 equis
1277 504 1491 539 concurrunt,

166 541 341 574 instantius
378 544 625 583 Pharasmanes3
653 554 728 576 nam
758 546 876 578 vulnus
903 557 959 587 per
986 548 1109 587 galeam
1138 547 1262 586 adagim
1290 556 1349 578 nec
1376 547 1492 579 iterare

167 589 288 627 valuit,
308 590 460 629 praelatus
478 591 485 608 7
507 600 609 631 equo,
629 594 660 623 et
675 593 859 625 fortissimis
877 595 1049 625 satellitum
1073 593 1316 634 protegentibus
1333 594 1489 625 saucium.

165 636 250 667 fama
266 640 373 667 tamen
386 638 483 669 occisi
496 638 574 669 falso
587 640 705 671 credita
719 642 876 672 exterruit
890 642 1034 680 Parthos,
1045 642 1278 681 victoriamque
1291 649 1491 672 concessere.

204 688 337 714 XXXVI.
364 686 439 715 Mox
457 686 636 718 Artabanus
653 689 721 719 tota
738 688 822 719 mole
838 689 926 728 regni
945 689 1047 719 ultum
1075 689 1121 720 iit.
1152 688 1266 728 peritia
1290 688 1434 719 locorum
1451 687 1491 718 ab

164 731 264 761 Iberis
291 731 404 762 melius
431 736 623 771 pugnatum.
645 744 703 765 nec
721 735 792 766 ideo
810 735 1027 774 abscedebat,
1055 737 1087 766 ni
1114 735 1287 766 contractis
1313 735 1491 775 legionibus

162 778 310 809 Vitellius
322 803 329 814 ,
347 781 377 809 et
395 779 524 811 subdito
542 791 671 812 rumore
688 784 842 822 tanquam
865 783 1127 822 Mesopotamiam
1146 782 1318 813 invasurus
1330 807 1339 821 ‚
1368 784 1490 812 metum

164 826 298 855 Romani
318 825 391 856 belli
409 827 545 858 ferisset.
567 830 635 858 tum
653 829 774 859 omissa
791 830 957 869 Armenia,
974 839 1141 868 versaeque
1163 829 1316 861 Artabani
1342 838 1407 868 res,
1426 828 1490 859 illi-

161 872 266 903 ciente
282 873 425 912 Vitellio,
438 874 633 906 desererent
648 885 760 915 reqem
773 886 905 908 sterium
921 879 954 908 in
968 886 1056 917 pace
1070 879 1102 907 et
1123 877 1275 907 adversis
1285 877 1490 916 prodieram

161 921 355 951 exitiosum.
388 922 488 960 Igitur
505 922 673 962 Sinnaces,
695 933 789 963 quem
815 927 908 955 antea
935 925 1096 955 intensum
1128 924 1304 955 memoravi
1327 925 1348 962 ¹,
1367 926 1489 964 patrem

161 967 344 1006 Abdagesen
373 968 517 1008 aliosque
549 971 694 1001 occultos
720 971 846 1002 consilii
871 973 902 1002 et
928 973 1006 1002 tunc
1035 971 1196 1002 continuis
1213 971 1356 1002 cladibus
1379 978 1489 1010 prom·—

159 1014 279 1052 ptiores
296 1014 335 1045 ad
353 1015 561 1047 desectionem
577 1018 685 1055 trahit,
699 1018 905 1049 affluentibus
920 1019 1083 1058 paullatim
1098 1019 1164 1058 qui,
1177 1020 1263 1049 metu
1280 1018 1487 1057 magisquam

159 1062 383 1093 benevolentia
400 1063 555 1103 subJ'ecti,
579 1066 713 1105 repertis
740 1066 927 1096 auctoribus·
953 1067 1150 1096 sustulerant
1168 1066 1323 1096 animum.
1350 1074 1408 1096 nec
1421 1065 1487 1104 jam

159 1109 245 1139 aliud
278 1109 439 1140 Artabano
471 1111 628 1150 reliquum
659 1122 755 1151 quam
782 1113 807 1142 si
834 1112 916 1152 (μιί2
945 1116 1154 1144 externorum
1181 1113 1309 1152 corpori
1337 1111 1488 1143 custodes

158 1155 290 1187 aderant
303 1180 312 1195 ,
329 1157 394 1187 suis
410 1158 546 1197 quisque
557 1158 688 1189 sedibus
704 1161 848 1190 extorres
861 1183 869 1197 ,
888 1161 960 1199 quis
976 1168 1081 1198 neque
1097 1159 1172 1190 boni
1189 1160 1369 1191 intellectus
1384 1168 1487 1198 neque

161 1202 238 1232 mali
259 1211 356 1241 cura,
389 1204 445 1234 sed
462 1205 609 1235 mercede
630 1205 779 1243 aluntur,
810 1206 947 1236 ministri
972 1206 1159 1237 sceleribus.
1187 1206 1236 1237 his
1255 1206 1428 1245 assumptis
1453 1205 1487 1236 in

158 1249 333 1290 longinqua
348 1251 379 1281 et
393 1251 593 1282 contermina
608 1252 744 1291 Scythiae
759 1252 866 1292 sugam
884 1253 1077 1292 maturavit,
1094 1262 1149 1293 spe
1165 1253 1276 1284 auxilii
1289 1277 1298 1293 ,
1317 1253 1390 1293 quia
1403 1256 1487 1292 Hyr-

157 1297 245 1329 canis
270 1298 513 1337 Carmaniisque
536 1308 593 1339 per
612 1298 802 1330 affinitatem
831 1300 967 1332 innexus
984 1304 1075 1331 erat:
1095 1303 1192 1341 atque
1211 1300 1222 1318 ³
1244 1301 1373 1332 interim
1392 1307 1486 1340 posse

158 1345 309 1383 Rethos,
339 1344 523 1376 absentium
563 1354 694 1386 aequos,
727 1346 945 1386 praesentibus
983 1347 1118 1378 mobiles
1131 1371 1140 1387 ‚
1177 1347 1218 1378 ad
1258 1347 1480 1386 poenitentiam

158 1392 285 1421 mutari.

197 1441 346 1468 XXXVII.
372 1440 411 1469 At
429 1438 592 1477 Vitellius,
617 1439 754 1479 profugo
769 1439 932 1472 Artabano
948 1442 981 1471 et
1001 1439 1093 1471 flexis
1110 1440 1148 1470 ad
1167 1449 1288 1471 novum
1304 1448 1410 1478 regem
1429 1448 1484 1480 po-

156 1484 314 1523 pularium
333 1485 468 1524 animis,
487 1485 634 1517 hortatus
655 1486 817 1518 Tiridaten
832 1489 969 1527 parata
984 1495 1159 1527 capessere
1172 1487 1195 1525 ¹,
1211 1487 1308 1517 robur
1323 1486 1483 1525 legionum
1534 1499 1537 1503 ·

155 1532 382 1571 sociorumque
400 1532 502 1571 ripam
529 1532 569 1563 ad
590 1533 759 1573 Euphratis
782 1533 882 1565 ducit.
907 1533 1185 1572 sacrificantibus,
1211 1542 1310 1573 quum
1327 1533 1378 1564 hic
1393 1541 1482 1564 more

154 1582 298 1610 Romano
316 1579 547 1610 suovetaurilia
563 1579 574 1597 ²
592 1580 695 1619 daret,
713 1580 765 1610 ille
781 1589 901 1620 equum
916 1580 1071 1620 placando
1086 1580 1172 1611 amni
1189 1580 1386 1617 adornasset,
1403 1588 1482 1610 nun-

154 1626 275 1658 tiavere
290 1627 424 1664 accolae,
449 1627 652 1666 Euphraten
673 1627 775 1658 nulla
790 1627 953 1658 imbrium
970 1629 1003 1658 vi
1017 1628 1136 1667 sponte
1152 1629 1184 1658 et
1208 1629 1409 1658 immensum
1431 1629 1481 1658 at·
1531 1624 1532 1633 ¹

152 1673 246 1712 tolli,
262 1674 367 1704 simul
382 1673 578 1704 albentibus
601 1675 731 1713 spumis
750 1675 786 1704 in
809 1673 949 1705 modum
969 1673 1180 1706 diadematis
1203 1675 1345 1705 sinuare
1363 1673 1479 1713 orbes,
1530 1672 1535 1706 ἶ

151 1722 344 1759 auspicium
367 1722 524 1759 prosperi
554 1722 804 1760 transyressus.
841 1720 974 1760 qnidam
1003 1720 1148 1751 callidius
1175 1719 1479 1760 interpretabantur,
1529 1733 1539 1761 ᾖ

149 1767 253 1797 inilia
270 1769 413 1797 conatus
432 1766 584 1798 secunda
606 1775 714 1807 neque
729 1766 919 1806 dtutzcrna,
939 1769 1025 1808 quia
1040 1776 1177 1805 eorum,
1202 1776 1279 1808 quce
1300 1769 1394 1798 terra
1418 1775 1479 1798 coe·
1538 1806 1539 1812 1

150 1813 222 1844 lore
235 1812 538 1852 portenderentur,
555 1813 797 1853 cercior-fides,
807 1814 1000 1853 fluminum
1023 1814 1195 1845 instabilis
1217 1816 1350 1845 natura
1374 1813 1481 1845 simul
1525 1827 1534 1847 «τ

148 1860 343 1891 ostenderet
366 1862 482 1891 omina
507 1862 725 1899 raperetque.
763 1861 822 1892 Sed
847 1862 948 1900 ponte
964 1861 1102 1891 navibus
1122 1860 1237 1892 effecto
1262 1861 1478 1900 tramissoque

148 1910 312 1948 exercitu,
338 1910 462 1950 primus
488 1910 691 1950 Ornospades
718 1911 828 1941 multis
855 1911 1002 1950 equitum
1028 1911 1172 1942 millibus
1198 1911 1231 1941 in
1249 1913 1355 1942 castra
1372 1910 1479 1949 venit,
1529 1928 1533 1951 ς

147 1957 239 1989 exsul
257 1957 420 1997 quondam
443 1959 474 1988 et
497 1957 627 1988 Tiberio
640 1982 648 1997 ,
672 1966 773 1996 quum
791 1957 1008 1989 Dalmaticum
1026 1957 1145 1989 bellum
1163 1957 1373 1996 conficeret³‚
1392 1957 1476 1989 haud

146 2005 301 2042 inglorius
315 2004 501 2043 auxiliator,
520 2013 621 2044 eoque
637 2005 769 2035 civitate
787 2009 931 2036 Romana
944 2005 1101 2044 donatus,
1123 2014 1196 2035 mox
1220 2004 1353 2044 repetita
1366 2004 1478 2035 amici·
1527 2008 1532 2031 '-

145 2052 192 2084 tia
215 2053 298 2092 regis
327 2052 430 2082 multo
457 2051 543 2091 apud
570 2060 644 2083 eum
671 2051 812 2091 honore,
837 2052 1009 2092 praefectus
1032 2052 1152 2091 campis
1181 2051 1236 2091 qui
1261 2051 1421 2090 Euphrate
1446 2052 1478 2081 et

144 2098 256 2138 Tigre,
286 2098 417 2130 inclutis
447 2097 619 2138 amnibus,
650 2098 832 2130 circumflui
864 2098 1102 2139 Mesopotamiae
1127 2106 1246 2129 nomen
1270 2099 1475 2137 acceperunt.
1526 2117 1529 2123 -

145 2194 327 2220 sarmatarum
341 2198 419 2217 arcus
432 2194 507 2223 parvi
520 2195 710 2218 erant—sse.
720 2193 988 2218 sustinerentzmodo
1001 2193 1225 2223 aggrederentur,
1237 2192 1314 2216 modo
1331 2192 1471 2216 cederent.

146 2231 202 2253 Hoc
216 2230 243 2252 et
256 2234 370 2257 sequens
382 2230 538 2258 pellerent,
555 2230 735 2258 pellerentur
748 2230 782 2253 de
800 2231 914 2259 utraque
928 2230 987 2253 acie
1001 2228 1148 2252 dictum.—
1158 2233 1182 2252 ⁴.
1195 2227 1312 2256 impulsu
1322 2245 1328 2255 ‚
1341 2227 1475 2252 collisu.-

144 2269 169 2289 ὅ.
189 2264 362 2292 Insuper—c.
377 2263 419 2287 Ab
431 2264 482 2287 hoc
499 2264 560 2287 loco
575 2264 708 2293 significat
721 2264 829 2288 modum
844 2266 871 2288 et
887 2265 1019 2288 rationem
1036 2262 1137 2292 aliquid
1152 2262 1279 2290 faciendi,
1297 2264 1327 2286 ut
1342 2262 1452 2287 Ovidius
1467 2268 1474 2285 :

145 2299 229 2323 nulla
242 2299 342 2327 faetus
355 2298 389 2321 ab
406 2300 470 2322 arte
486 2299 580 2322 decor.
591 2312 619 2316 -—
630 2305 651 2323 7.
665 2298 871 2329 Emporte'par.

174 2334 291 2358 XXXVI.
311 2339 331 2358 ι.
349 2335 433 2364 Supra
448 2340 469 2357 c.
483 2340 509 2358 ει
524 2340 581 2364 seq.
596 2347 624 2351 -
637 2339 657 2358 2.
682 2336 775 2368 Quam
785 2336 810 2359 se·
826 2335 875 2365 qui
892 2335 958 2358 dicit
971 2339 1020 2364 pro
1039 2339 1125 2364 quam
1136 2333 1199 2364 qui,
1215 2334 1277 2362 quia
1293 2334 1345 2358 hoc
1366 2338 1473 2364 quoque

144 2369 270 2393 auxilium
289 2369 423 2392 incertum
435 2371 502 2392 erat.
515 2382 541 2386 —
551 2374 574 2392 5.
588 2370 773 2398 Repetendum
787 2375 842 2399 spe,
857 2375 979 2400 sperans⁴

173 2404 306 2428 xxxvn.
324 2409 343 2427 ι.
362 2404 506 2433 Imperium
525 2404 678 2428 Parthicum
693 2405 743 2428 sibi
761 2406 816 2434 jam
835 2406 958 2434 paratum
975 2410 1120 2434 occupare.
1142 2417 1170 2420 —
1183 2408 1206 2428 2.
1222 2403 1387 2428 sacrificium
1400 2405 1470 2433 suis,

146 2439 204 2463 ovis
217 2440 245 2463 et
257 2439 336 2463 tauri.
351 2439 420 2468 llic,
433 2438 573 2467 Vitellius;
591 2439 655 2467 ille,
672 2439 815 2463 Tiridates.
827 2452 853 2456 -
869 2445 891 2463 ³.
908 2443 937 2463 A.
952 2439 980 2463 U.
995 2444 1049 2464 ⁷62.
