1539 2668
74 171 132 202 110
467 168 599 197 TACITI
622 165 829 196 ANNALIUM
851 168 923 196 LIB.
948 168 1000 196 lv.

75 259 91 273 a
108 245 193 276 idem
214 242 420 284 imperatoris
443 241 590 273 Mummii
605 241 617 259 ⁶
641 239 814 281 judicium.
843 240 888 272 sic
910 240 1074 279 Milesios,
1098 240 1253 280 permisso
1269 241 1399 282 publice

72 306 90 320 «
108 291 243 323 arbitrio
256 315 264 330 ‚
282 292 444 330 postremo
460 289 603 321 Atidium
618 288 787 320 Geminum
798 312 806 327 ,
820 290 993 329 praetorem
1015 288 1162 328 Achaiae,
1176 288 1367 321 decrevisse.
1379 303 1398 318 ›-

73 341 119 372 ita
133 338 312 371 secundum
333 337 508 369 Messenios
525 336 637 367 datum
653 336 679 367 ⁷.
696 337 734 367 Et
750 336 913 376 Segestani
930 335 1039 367 cedem
1059 337 1212 374 Veneris,
1250 339 1401 369 montem

70 386 170 427 apud
184 388 352 426 Erycum,
366 385 539 416 vetustate
553 383 727 423 dilapsam
741 385 940 415 restaurari
956 382 1177 424 postulavere,
1191 384 1266 415 nota
1279 392 1402 416 memo-

72 435 181 465 rantes
194 433 233 464 de
242 433 365 472 origine
378 433 448 471 ejus
460 433 492 463 et
505 431 578 461 laeta
592 430 719 462 Tiberio
728 430 753 462 ⁸.
766 430 908 471 suscepit
922 439 1032 461 curam
1044 430 1145 463 libens
1159 433 1196 464 ut
1209 432 1403 472 consangui-

72 489 164 512 neus.
188 483 278 511 Tunc
293 480 439 511 tractatae
456 477 705 509 Massiliensium
721 486 830 517 preces
843 501 851 517 ‚
869 477 1107 518 probatumque
1120 483 1153 510 P.
1168 479 1281 510 Rutilii
1298 488 1404 510 exem-

73 527 174 567 plum.
197 535 337 566 namque
353 535 427 557 eum
444 524 569 564 legibus
582 524 711 564 pulsum
727 526 739 542 ⁹
755 524 859 555 civem
876 525 937 555 sibi
953 526 1108 565 Smyrnaei
1119 526 1318 558 addiderant.
1337 535 1405 566 quo

67 575 143 614 jure
158 573 326 605 Vulcatius
349 573 500 604 Moschus
521 572 615 603 exsul
643 572 676 603 in
701 572 912 603 Massilienses
934 575 1101 613 receptus,
1119 573 1203 605 bona
1223 583 1281 605 sua
1301 574 1405 614 reipu-

74 621 167 653 blicae
181 629 294 652 eorum
306 645 314 659 ‚
330 622 367 650 ut
382 620 497 660 patriae
508 644 516 659 ,
532 619 716 659 reIIquerat.

115 671 221 700 XLIV.
247 667 362 698 Obiere
381 676 418 698 eo
441 676 526 698 anno
549 667 610 697 viri
627 667 749 699 nobiles
770 670 827 698 Cn.
852 667 1005 698 Lentulus
1029 668 1060 699 et
1077 672 1110 699 L.
1132 668 1305 699 Domitius.
1327 672 1406 699 Len·

71 715 154 755 tulo,
169 724 266 755 super
282 714 486 745 consulatum
500 713 507 730 ¹
528 717 560 744 et
576 714 784 755 triumphalia
800 714 840 745 de
857 714 990 745 Gaetulis
1007 715 1116 753 gloriae
1133 716 1236 746 suerat
1257 715 1339 746 hene
1356 716 1404 746 to—

73 762 172 793 lerata
189 764 359 802 paupertas
370 786 378 801 ‚
396 761 471 792 dein
490 770 615 800 magnae
633 770 711 801 opes
729 760 915 792 innocenter
930 763 1052 800 paratae
1068 765 1099 793 et
1113 761 1260 792 modeste
1273 761 1404 792 habitae.

74 810 253 840 Domitium
269 808 434 840 decoravit
451 810 544 848 pater
559 808 647 839 civili
667 809 749 839 hello
763 808 861 839 maris
878 810 992 848 potens
1004 833 1012 848 ‚
1033 809 1136 841 donec
1153 808 1281 841 Antonii
1305 807 1406 849 parti-

74 855 147 895 bus,
162 865 238 887 mox
256 856 390 887 Caesaris
407 856 609 886 misceretur.
629 864 711 886 avus
731 855 914 887 Pharsalica
930 855 997 887 acie
1014 865 1071 896 pro
1096 856 1305 896 optimatibus
1324 854 1407 886 ceei-

71 903 184 943 =de1·at;
203 903 271 943 ipse
286 903 429 934 delectus
447 903 499 933 cui
517 902 624 933 minor
638 902 778 933 Antonia
793 902 819 942 ²,
834 903 964 934 Octavia
979 904 1098 943 genita,
1113 904 1146 934 in
1161 902 1405 934 matrimonium

74 949 217 981 daretur.
236 952 308 991 post
324 949 466 981 exercitu
480 949 600 981 flumen
615 949 720 980 Albim
735 950 947 988 transcendit,
960 950 1085 990 longius
1102 951 1268 990 penetrata
1283 954 1409 981 Germa-

74 998 127 1028 nia
141 1007 238 1036 quam
258 997 430 1037 quisquam
448 996 591 1036 priorum
603 996 614 1014 ³
631 1008 640 1035 ;
659 1006 778 1037 easque
794 997 836 1028 ob
860 1007 911 1029 res
935 998 1075 1038 insignia
1093 997 1247 1037 triumphi
1271 997 1407 1036 adeptus

72 1046 135 1075 est.
153 1045 241 1075 Obiit
262 1046 294 1075 et
312 1048 344 1075 L.
364 1043 524 1075 Antonius
540 1068 549 1083 ,
575 1045 678 1075 multa
716 1044 910 1076 claritudine
932 1045 1079 1085 generis,
1111 1045 1169 1076 sed
1196 1044 1408 1084 improspera.

75 1099 149 1121 nain
162 1094 250 1131 patre
258 1091 326 1129 eJ'us
343 1091 409 1121 Iulo
417 1091 556 1121 Antonio
564 1091 606 1121 ol)
616 1091 807 1122 adulterium
818 1095 833 1122 J
837 1091 911 1123 uliae
925 1095 1029 1123 morte
1041 1090 1185 1132 punit0⁴‚
1195 1091 1282 1121 hunc
1292 1090 1405 1121 admo-

75 1137 153 1168 dum
168 1138 444 1169 adolescentulum
459 1162 467 1177 ,
496 1138 618 1169 sororis
635 1139 785 1178 nepotem
802 1138 812 1155 ⁵
828 1163 836 1178 ‚
852 1140 994 1178 seposuit
1011 1140 1175 1178 Augustus
1191 1137 1223 1168 in
1242 1137 1409 1167 civitatem

76 1185 318 1224 Massiliensem,
334 1185 389 1215 ubi
404 1185 510 1224 specie
523 1185 706 1216 studiorum
721 1194 840 1215 nomon
854 1185 957 1216 exsiHi
971 1187 1142 1225 tegeretur.
1158 1183 1287 1214 habitus
1303 1186 1409 1215 tamen

75 1232 233 1271 supremis
245 1232 256 1249 ⁶
274 1232 376 1262 honor
387 1255 395 1270 ‚
407 1240 543 1271 ossaque
558 1231 684 1262 tumulo
702 1231 910 1262 Octaviorum
926 1232 1013 1262 illata
1022 1240 1077 1271 per
1088 1231 1252 1262 decretum
1262 1232 1405 1261 senatus.

116 1283 205 1310 XLV.
233 1279 346 1310 Iisdem
364 1278 552 1310 consulibus
566 1279 693 1309 facinus
715 1281 809 1309 atrox
835 1278 866 1309 in
893 1278 1040 1310 citeriore
1057 1278 1212 1318 Hispania
1228 1277 1408 1308 admissum

75 1334 94 1355 a
112 1326 251 1366 quodam
269 1326 386 1366 agresti
402 1325 542 1356 nationis
565 1326 784 1357 Termestinae.
809 1325 838 1356 is
861 1327 1036 1365 praetorem
1060 1325 1237 1365 provinciae
1262 1328 1295 1355 L.
1317 1324 1408 1355 Piso-

76 1381 148 1404 nem
164 1396 172 1411 ,
190 1382 268 1412 pace
282 1373 480 1403 incuriosum
496 1397 505 1412 ‚
521 1382 561 1403 ex
579 1373 755 1412 improviso
773 1372 805 1402 in
831 1372 945 1403 itinere
961 1372 1095 1403 adortus
1112 1396 1120 1411 ,
1138 1381 1203 1402 uno
1227 1372 1358 1402 vulnere
1375 1372 1409 1404 in

75 1423 212 1451 mortem
226 1420 333 1451 al'secit
350 1429 356 1449 :
375 1428 411 1450 ac
429 1419 616 1459 pernicitate
631 1421 706 1459 equi
732 1419 888 1459 profugus
902 1442 910 1458 ‚
933 1421 1108 1460 postquam
1135 1419 1293 1450 saltuosos
1318 1418 1408 1451 locos

75 1467 236 1507 attigerat,
250 1467 384 1497 dimisso
401 1475 497 1506 equo,
512 1475 568 1505 per
581 1467 719 1506 derupta
732 1469 763 1497 et
777 1466 849 1497 avia
863 1468 1033 1506 sequentes
1049 1466 1221 1497 frustratus
1236 1466 1293 1503 est,
1304 1474 1409 1505 neque

75 1513 130 1545 diu
149 1514 271 1545 fefellit.
290 1522 365 1544 nam
385 1514 546 1553 prehenso
563 1513 726 1553 ductoque
742 1522 797 1553 per
813 1513 977 1553 proximos
993 1522 1091 1553 pagos
1109 1522 1206 1553 equo,
1224 1512 1316 1552 cujus
1329 1512 1412 1543 soret

76 1561 260 1601 cognitum3
281 1562 313 1591 et
332 1562 478 1601 repertus
493 1570 595 1600 quum
617 1560 790 1592 tormentis
813 1560 906 1592 edere
926 1561 1074 1592 conscios
1103 1560 1283 1600 adigeretur
1297 1584 1306 1599 ‚
1330 1567 1410 1590 voce

76 1616 193 1648 magna
214 1617 364 1639 sermone
385 1607 647 1647 patriofruslra
673 1617 708 1639 sc
733 1609 948 1648 interroqari
970 1607 1151 1639 clamitavit
1172 1617 1179 1637 :
1210 1608 1412 1639 assisteren.-

79 1657 156 1687 socia
175 1664 216 1687 ac
239 1655 617 1695 spectare11t5mcllam
640 1657 712 1686 vim
739 1656 878 1686 tantam
894 1654 1024 1686 doloris
1035 1654 1137 1694 fore,
1161 1656 1202 1685 ut
1225 1655 1412 1685 veritatem

75 1704 223 1735 eliceret.
240 1702 392 1741 idemque
419 1711 522 1742 quum
541 1702 694 1742 poster0¹
722 1702 760 1732 ad
781 1702 998 1741 quaestionem
1016 1701 1251 1739 retraheretur,
1276 1709 1314 1732 eo
1336 1699 1413 1731 nisu

74 1750 236 1791 proripuit
254 1758 288 1780 se
304 1749 496 1780 custodibus
512 1758 656 1789 saxoque
673 1750 773 1790 caput
798 1748 936 1788 afflixit,
961 1751 998 1780 ut
1019 1748 1130 1780 statim
1157 1748 1396 1780 exanimaretur

80 1797 134 1830 sed
152 1797 225 1827 Piso
247 1796 525 1827 Termestinorum
550 1796 622 1827 dolo
649 1805 755 1827 caesus
781 1796 923 1827 habetur
949 1805 957 1826 ε
978 1795 1034 1836 qui
1058 1795 1214 1835 pecunias
1238 1803 1256 1826 e
1282 1794 1412 1835 publico

78 1843 271 1883 interceptas
284 1842 295 1861 ²
316 1844 438 1883 acrius,
460 1852 558 1883 quam
578 1843 614 1873 ut
631 1842 807 1873 tolerarent
825 1842 963 1881 barbari,
982 1842 1125 1881 cogebat.

118 1894 223 1922 XLVI.
249 1891 383 1921 Lentulo
399 1891 557 1922 Gaetulico
571 1915 579 1929 ‚
594 1894 627 1922 C.
644 1890 783 1921 Calvisio
800 1894 889 1921 Coss.
905 1890 913 1907 ¹
943 1889 1072 1920 decreta
1095 1888 1251 1928 triumphi
1275 1888 1413 1928 insignia

80 1940 218 1977 Poppaeo
235 1937 354 1968 Sabino
377 1937 522 1968 contusis
540 1938 701 1968 Thracum
723 1936 894 1977 gentibus,
919 1936 975 1976 qui
992 1936 1153 1968 montium
1179 1935 1273 1967 editis
1296 1934 1414 1966 inculti

77 2006 173 2035 eundi,
189 2007 351 2036 cognomine
365 2006 482 2036 Soteris,
500 2007 546 2036 qui
565 2007 690 2036 spartam
703 2007 878 2036 expugnavit.
891 2018 922 2024 -
935 2011 960 2030 e.
979 2006 1001 2030 A
1022 2010 1076 2035 quo
1096 2005 1184 2029 diruta
1204 2004 1362 2034 Corinthus,
1386 2010 1412 2028 a.

78 2041 107 2064 U.
125 2046 177 2065 coa.
192 2054 221 2058 —
234 2046 257 2065 7.
273 2043 316 2065 Sc.
338 2043 380 2071 jus
403 2042 506 2071 templi.
521 2042 683 2065 Secundum
696 2042 722 2066 in
738 2041 835 2065 talibus
849 2041 983 2071 significat
998 2041 1026 2065 in
1043 2040 1215 2064 commodum
1229 2039 1361 2067 alicujus,
1377 2045 1412 2063 en

78 2076 192 2103 fave-ur.
204 2089 231 2092 —
245 2082 267 2100 a.
279 2078 346 2100 Nam
358 2078 492 2107 templum
507 2078 648 2101 conditum
658 2077 799 2101 ferebatur
810 2083 825 2101 a
839 2077 950 2100 veneris
963 2075 1020 2099 filio
1031 2077 1129 2103 AEnea;
1145 2074 1178 2098 ab
1191 2075 1270 2103 hujus
1284 2074 1339 2098 filio
1353 2074 1411 2099 Iulo

77 2110 142 2136 Julii
160 2111 364 2140 derivabuntur,
380 2113 405 2135 in
421 2118 488 2141 quos
500 2112 622 2141 adoptati
636 2113 774 2141 Augustus
790 2112 818 2136 et
830 2111 963 2135 Tiberius
980 2110 1097 2139 Adoptio
1113 2110 1204 2133 aulem
1224 2109 1346 2138 genuinae
1362 2115 1412 2138 ge-

79 2146 214 2170 nerationi
228 2151 337 2174 prorsus
348 2152 395 2175 par
406 2147 597 2171 habebatur.-
609 2152 631 2171 9.
647 2148 677 2171 A.
692 2147 724 2171 U.
741 2152 793 2175 osa,
808 2147 907 2175 injuste
920 2145 1036 2175 quidem,
1048 2150 1096 2174 per
1108 2144 1267 2173 publicanos
1280 2144 1411 2173 (Equites)

79 2182 222 2205 accusatos
236 2181 316 2204 simul
333 2182 366 2204 ab
381 2187 413 2204 co
429 2184 456 2205 et
472 2183 588 2211 judices
609 2183 673 2207 Erat
689 2184 778 2206 autem
793 2181 846 2211 ille,
860 2182 890 2205 ut
903 2181 1024 2210 loquitur
1034 2179 1151 2204 Velleius
1171 2179 1208 2208 Il,
1229 2185 1265 2208 ¹5,
1287 2179 1334 2203 vir
1353 2184 1411 2204 non

78 2216 179 2241 soeculi
191 2216 237 2239 sui
246 2235 252 2244 ,
266 2217 316 2240 sed
327 2217 418 2240 omnis
428 2219 480 2241 tevi
494 2219 628 2247 optimus.

112 2251 199 2275 XLIV.
215 2256 234 2274 ι.
250 2251 348 2275 Consul
360 2253 451 2275 erata.
467 2253 497 2276 U.
516 2258 567 2276 ⁷5³.
581 2266 612 2270 —
623 2258 647 2278 2.
667 2253 722 2278 Una
740 2253 820 2277 trium
842 2251 958 2275 filiarum
979 2249 1091 2274 Antonii
1110 2249 1245 2274 triumviri
1266 2254 1299 2273 ex
1315 2255 1411 2275 sorore

83 2287 279 2315 Augusta-⁵.
302 2287 336 2309 Sc
361 2288 568 2317 penetraverat,
588 2294 636 2317 pro
655 2295 674 2312 a
692 2294 834 2318 quoquam
853 2286 995 2316 priorum.
1019 2285 1065 2309 Est
1085 2285 1161 2314 quasi
1182 2285 1311 2308 attractio
1334 2284 1412 2309 verbi

81 2321 309 2346 transcendit-
321 2326 343 2345 ⁴·
357 2321 395 2345 Cf·
409 2323 430 2350 Ι,
446 2327 481 2352 ¹0,
496 2324 554 2348 not.
569 2328 593 2346 ⁷-
607 2329 669 2348 -3,
683 2324 801 2349 Octaviae
811 2323 865 2347 filia
879 2323 939 2346 erat
952 2320 1087 2347 Marcella,
1104 2325 1171 2345 uxor
1184 2320 1233 2344 luli
1250 2320 1370 2344 Antonii.
1382 2331 1412 2337 —

82 2362 108 2380 113.
124 2356 272 2385 Exsequiis.

115 2391 192 2415 XLV.
207 2397 227 2414 ι.
242 2393 282 2415 Sc.
298 2392 351 2416 die.
364 2404 392 2408 —
402 2398 423 2416 a.
435 2393 579 2423 pecunias,
597 2399 656 2424 quae
669 2394 703 2419 ad
718 2393 843 2424 publicos
854 2392 957 2418 reditus
975 2390 1165 2423 pertinebant,
1181 2391 1305 2416 retentas
1323 2396 1339 2415 a
1359 2389 1410 2414 de·

84 2426 231 2455 nitoribus,
247 2433 301 2451 non
316 2427 426 2451 solutas.

115 2461 199 2486 XLVI.
220 2467 240 2486 ι.
256 2463 287 2488 Α.
301 2463 331 2488 U.
347 2468 398 2491 77⁰,
413 2469 440 2494 p.
456 2464 516 2489 Chr.
529 2468 564 2490 ns.
