1539 2668
563 175 613 202 DE
636 172 896 202 ORATORIBUS.
1342 171 1402 200 485

86 249 158 290 plus
172 248 257 288 apud
271 248 431 288 principes
446 248 554 286 gratim
566 271 574 286 ,
590 248 660 287 plus
677 246 878 278 auctoritatis
896 244 981 285 apud
997 247 1120 284 Patres,
1138 245 1208 285 plus
1229 245 1354 275 notitiae
1369 253 1406 276 ac

87 296 225 327 nomiiiis
242 295 326 334 apud
343 294 467 334 plebem
491 295 633 334 parabat.
658 295 689 325 lii
707 294 864 325 clientelis
889 293 988 324 etiam
1005 294 1191 323 exterarum
1208 292 1377 322 nationum
1391 291 1402 308 ⁷

86 342 328 381 redundabant;
365 343 422 373 hos
447 341 526 372 ituri
550 342 584 372 in
609 341 792 382 provincias
818 341 1028 380 magistratus
1051 338 1322 376 reverebantur&
1351 339 1409 370 hos

85 390 205 423 reversi
223 390 388 428 colebant3
406 390 465 419 lios
483 391 515 420 et
533 391 682 429 praeturae
699 391 731 420 et
747 388 934 419 consulatus
955 396 1072 418 vocare
1092 388 1176 418 ultro
1194 386 1408 424 videbantur;

86 439 119 470 hi
133 447 173 469 ne
190 437 310 477 privati
331 436 463 476 quidem
480 437 549 467 sine
566 438 727 476 potestate
745 437 854 475 erant,
872 444 973 474 quum
991 436 1023 466 et
1040 436 1193 474 populum
1213 436 1244 465 et
1261 434 1409 464 senatum

86 485 221 518 consilio
235 487 266 515 et
280 484 474 515 auctoritate
488 485 644 523 regerent.
658 484 736 524 quin
751 485 849 514 immo
863 483 922 514 sibi
937 483 998 522 ipsi
1011 483 1235 522 persuaserant
1249 480 1410 511 nemiuem

87 537 154 567 sine
169 533 351 572 eloquentia
368 534 424 563 aut
441 534 568 572 assequi
587 541 682 572 posse
699 533 731 563 in
748 531 882 562 civitate
899 533 954 561 aut
967 530 1051 562 tueri
1065 529 1274 569 conspicuum
1290 529 1321 558 et
1335 526 1411 557 emi-

87 583 215 613 nentem
241 581 359 611 locum.
389 588 448 610 nec
471 579 613 619 mirum,
641 588 742 619 quum
769 579 866 610 etiam
888 578 982 609 inviti
1008 578 1046 608 ad
1073 577 1228 617 populum
1253 574 1412 615 produce-

87 629 197 659 rentur
208 628 234 665 ⁹,
260 636 360 666 quum
383 636 497 667 parum
517 630 600 658 esset
617 627 648 657 in
664 628 777 658 senatu
796 626 935 657 breviter
953 633 1082 656 censere
1093 649 1101 663 ,
1117 624 1177 654 nisi
1194 623 1267 662 quis
1284 620 1413 660 ingenio

87 677 117 705 et
133 674 316 714 eloquentia
339 674 530 704 sententiam
547 682 639 704 suam
656 675 805 704 tueretur
817 697 825 711 ,
847 681 948 712 quum
972 673 1005 702 in
1028 673 1166 711 aliquam
1187 669 1339 700 invidiam
1357 668 1414 698 aut

86 721 209 752 crimen
222 720 327 751 vocati
343 729 401 751 sua
414 729 495 751 voce
511 720 774 760 respondendum
790 720 955 758 haberent,
972 728 1070 759 quum
1087 717 1271 749 testimonia
1284 721 1415 755 quoque

87 766 121 797 in
136 767 271 807 publicis
289 767 421 806 judiciis
436 767 462 785 ¹⁰
486 776 551 797 non
568 767 715 798 absentes
730 776 790 798 nec
810 776 866 806 per
889 766 1039 797 tabellam
1061 766 1157 802 dare,
1179 764 1234 794 sed
1254 771 1361 793 coram
1383 764 1416 791 et

87 816 263 853 praesentes
283 814 390 845 dicere
413 817 617 853 cogerentur.
644 815 690 846 ita
714 814 752 845 ad
778 823 905 845 summa
928 813 1118 853 eloquentiae
1146 811 1277 850 praemia
1302 816 1417 847 magna

89 860 186 892 etiam
210 861 380 892 necessita:
408 861 602 900 accedebat3
628 863 660 892 et
686 861 850 901 quomodo
875 861 1032 891 disertum
1059 858 1169 890 baberi
1193 857 1365 898 pulchrum
1385 856 1418 886 et

89 906 279 946 gloriosum,
296 908 342 938 sic
356 911 469 938 contra
485 910 614 938 mutum
630 909 663 939 et
679 909 838 947 elinguem
854 907 959 938 videri
974 907 1118 937 deforme
1134 905 1324 936 habebatur.

130 957 278 984 XXXVII.
304 967 317 981 ι(
346 959 426 994 Ergo
450 964 514 985 non
540 955 651 985 minus
677 955 794 985 rubore
812 964 909 994 quam
928 954 1069 994 praemiis
1087 952 1361 987 stimulabantur,
1377 957 1418 979 ne

89 1000 318 1032 clientulorum
336 1002 407 1032 loco
430 1003 536 1041 potius
557 1011 654 1041 quam
678 1003 887 1041 patronorum
912 1001 1168 1038 numerarentur,
1191 1007 1230 1029 ne
1253 997 1379 1028 tradit-”e
1399 1004 1419 1025 a

91 1047 267 1086 majoribus
285 1049 540 1079 necessitudines
560 1049 601 1079 ad
623 1049 702 1079 alios
721 1048 908 1085 transirent,
927 1057 967 1078 ne
987 1050 1154 1086 tamquam
1173 1045 1291 1076 inertes
1307 1046 1338 1074 et
1355 1050 1420 1072 non

90 1093 257 1125 suffecturi
275 1095 452 1125 honoribus
469 1098 524 1125 aut.
543 1105 608 1126 non
633 1095 841 1135 impetrarent
856 1097 912 1125 aut
926 1095 1115 1134 impetratos
1133 1093 1215 1123 male
1235 1093 1417 1121 tuerentur.

91 1141 205 1171 Nescio
218 1150 258 1172 an
272 1142 420 1173 venerint
434 1142 465 1172 in
481 1151 595 1173 manus
614 1145 737 1173 vestras
751 1142 820 1172 iiaec
838 1144 956 1179 vetera,
974 1150 1047 1181 quae
1065 1141 1143 1171 etin
1163 1137 1418 1177 antiquariorum

91 1186 301 1219 bibliothecis
318 1189 425 1220 adhuc
447 1191 583 1220 manent
599 1191 632 1220 et
649 1189 866 1219 cummaxime
891 1198 908 1219 a
927 1188 1076 1219 Muciano
1093 1184 1364 1222 contrabuntur',
1383 1191 1421 1213 ac

90 1231 156 1270 jam
174 1235 321 1266 undecim
336 1260 345 1275 ,
358 1236 395 1266 ut
409 1235 535 1275 opinor,
551 1237 705 1267 Actorum
716 1235 726 1253 ²
744 1236 832 1267 libris
846 1237 879 1267 et
895 1235 998 1266 tribus
1015 1234 1226 1274 Epistolarum
1240 1231 1421 1270 composita

92 1281 124 1311 et
141 1281 225 1312 edita
245 1283 333 1314 sunt.
356 1291 393 1313 ex
418 1282 456 1313 iis
472 1282 608 1322 intelligi
630 1285 738 1323 potest
754 1283 888 1314 Cneium
907 1282 1098 1322 Pompeium
1114 1282 1146 1311 et
1162 1285 1307 1311 Marcum
1326 1282 1420 1309 Cras-

92 1335 166 1359 sum
184 1338 249 1360 non
266 1330 390 1361 viribus
406 1330 501 1361 modo
518 1332 549 1361 et
565 1331 677 1369 armis,
695 1330 752 1361 sed
769 1331 895 1369 ingenio
911 1338 1039 1369 quoque
1053 1331 1086 1360 et
1102 1329 1247 1359 oratione
1260 1326 1420 1362 valuisse;

92 1376 243 1407 Lentulos
254 1378 286 1408 et
300 1378 442 1408 Metellos
456 1380 488 1408 et
502 1377 651 1408 Lucullos
666 1379 699 1408 et
710 1377 865 1408 Curiones
879 1377 889 1395 ³
903 1379 935 1408 et
950 1379 1091 1408 ceteram
1105 1383 1272 1416 procerum
1288 1381 1423 1404 manum

93 1423 234 1453 multum
248 1424 279 1454 in
294 1423 344 1454 his
358 1424 472 1455 studiis
485 1433 591 1463 operae
603 1433 757 1464 curaeque
771 1425 930 1464 posuisse,
942 1432 1002 1454 nec
1012 1431 1209 1464 quemquam
1220 1422 1283 1452 illis
1297 1424 1422 1458 tempo-

94 1468 186 1500 ribus
200 1479 347 1509 magnam
364 1472 541 1510 potentiam
555 1471 622 1501 sine
636 1471 743 1510 aliqua
758 1471 939 1510 eloquentia
953 1473 1172 1501 consecutum.
1191 1469 1239 1499 liis
1253 1467 1424 1498 accedebat

94 1515 247 1555 splendor
273 1526 399 1547 reorum
429 1521 459 1548 et
487 1517 675 1556 magnitudo
701 1526 888 1554 causarum,
915 1526 988 1556 quae
1013 1518 1044 1547 et
1067 1517 1136 1556 ipsa
1159 1516 1333 1555 plurimum
1356 1513 1424 1543 elo-

95 1564 236 1602 quentiae
254 1567 418 1603 praestant.
440 1574 512 1594 uam
530 1565 668 1595 multum
684 1565 815 1595 interest
833 1568 987 1595 utrumne
1003 1563 1042 1594 de
1061 1564 1144 1594 furto
1162 1566 1218 1593 aut
1238 1559 1375 1592 formula
1392 1561 1425 1590 et

95 1609 295 1641 interdicto⁴
321 1611 491 1641 dicendum
519 1611 658 1649 habeas,
682 1621 724 1642 an
746 1611 784 1642 de
806 1611 932 1642 ambitu
958 1611 1185 1648 comitiorum,
1211 1609 1251 1640 de
1277 1606 1426 1647 expilatis

97 1656 191 1688 sociis
205 1658 237 1687 et
250 1657 377 1687 civibus
390 1658 570 1688 trucidatis.
589 1667 661 1697 quse
678 1659 765 1689 mala
780 1658 863 1689 sicut
877 1666 939 1688 non
961 1658 1106 1688 accidere
1122 1657 1237 1687 melius
1252 1658 1313 1693 est,
1332 1654 1426 1693 isque

97 1703 239 1742 optimus
255 1703 397 1734 civitatis
419 1706 521 1735 status
541 1705 731 1742 habendus,
757 1707 789 1735 in
812 1714 876 1744 quo
903 1705 982 1735 nihil
1003 1696 1068 1735 {ale
1091 1703 1246 1744 patimur,
1264 1703 1308 1732 ita
1325 1709 1425 1741 quum

98 1749 296 1787 acciderent,
314 1750 476 1788 ingentem
493 1751 686 1790 eloquentiae
702 1753 873 1783 materiam
887 1751 1188 1782 subministrabant.
1208 1750 1323 1780 crescit
1339 1748 1426 1779 enim

99 1804 173 1827 cum
199 1796 411 1836 amplitudine
436 1806 545 1828 rerum
561 1798 611 1828 vis
629 1797 772 1837 ingenii,
800 1806 860 1828 nec
879 1798 1052 1838 quisquam
1076 1798 1194 1828 claram
1218 1799 1249 1827 et
1271 1796 1427 1826 illustrem

100 1843 280 1874 orationem
304 1844 432 1875 efficere
451 1846 559 1884 potest
578 1844 641 1875 nisi
661 1845 716 1884 qui
740 1853 871 1875 causam
896 1853 1006 1884 parem
1029 1844 1165 1875 invenit.
1190 1852 1254 1874 non
1268 1866 1276 1881 ‚
1299 1842 1428 1882 opinor,

101 1890 349 1921 Demosthenem
364 1891 527 1922 orationes
540 1891 701 1922 illustrant
713 1900 795 1931 quas
809 1891 962 1922 adversus
974 1894 1097 1921 tutores
1111 1890 1206 1922 suos-‘³
1225 1889 1428 1928 composuit3

103 1944 163 1967 nec
176 1937 362 1968 Ciceronem
380 1946 532 1977 magnum
551 1940 712 1969 oratorem
732 1938 863 1969 Publius
880 1937 1032 1977 Quintius
1048 1937 1197 1968 defensus
1216 1938 1272 1967 aut
1286 1935 1428 1967 Licinius

101 2033 123 2051 7.
137 2028 200 2056 Quae
213 2029 342 2057 patronos
359 2029 408 2053 sibi
423 2029 580 2058 quaerebant
597 2029 624 2052 in
635 2029 705 2052 Urbe
720 2029 854 2052 Romanos
866 2030 1001 2058 potentes.
1015 2029 1114 2058 Tangit
1128 2034 1186 2052 eam
1200 2028 1429 2057 magnificentiam

103 2063 170 2086 civis
184 2063 339 2092 reipublicae
349 2065 459 2087 Tacitus
471 2065 498 2088 in
513 2064 617 2087 Αηηαῐ.
633 2064 677 2093 ΙΙΙ,
688 2070 757 2087 55.——
769 2070 790 2087 8-
805 2064 862 2093 Quo
875 2063 1001 2087 absentes
1015 2065 1157 2087 tuerentur
1172 2064 1199 2087 in
1216 2064 1287 2088 Urbe
1301 2064 1431 2087 adversus

102 2098 274 2122 inimicorum
296 2100 575 2123 criminationes.—⁹.
592 2099 669 2122 Velut
682 2100 777 2123 Cicero
792 2105 806 2122 a
820 2098 929 2122 tribuno
942 2098 1028 2127 plebis
1043 2099 1155 2128 Apuleio
1169 2099 1202 2122 ad
1213 2100 1317 2122 sextam
1333 2099 1431 2128 Philip-

102 2135 190 2162 picam
212 2135 306 2157 contra
324 2135 470 2158 Antonium
495 2134 631 2158 consulein
652 2134 805 2158 dicendam.
827 2134 901 2158 conf.
918 2135 974 2158 Cic.
994 2134 1085 2158 Bruto
1099 2140 1121 2158 c.
1135 2140 1164 2158 50
1176 2134 1242 2157 fine.
1256 2147 1285 2151 —
1298 2140 1336 2158 ιο.
1354 2135 1430 2158 Hanc

103 2173 197 2192 vocem
209 2170 310 2198 adjecit
321 2171 347 2193 R.
365 2170 496 2199 Agricola.
515 2171 567 2193 l’er
581 2170 729 2198 tabellam,
745 2170 843 2193 litteris
857 2169 1015 2199 obsignatis.

134 2204 265 2228 XXXVH.
291 2210 309 2228 ι.
330 2205 451 2234 Undique
472 2205 645 2235 colliguntur.
669 2206 714 2229 Est
733 2205 755 2228 is
775 2205 815 2228 M.
835 2205 964 2229 Licinius
989 2204 1108 2228 Crassus
1128 2205 1298 2232 Mucianus,
1322 2205 1355 2227 dc
1377 2210 1430 2233 quo

107 2238 179 2262 Hist.
197 2239 228 2267 ΙΙ,
243 2244 295 2262 5.-—
303 2245 327 2263 2.
345 2240 513 2269 orationum,
532 2241 561 2263 ut
574 2242 649 2264 recte
664 2240 776 2264 Leclerc
790 2239 957 2267 (Journauae
974 2241 1024 2263 etc.
1040 2246 1064 2269 p.
1078 2245 1121 2263 202
1134 2240 1246 2269 seq.).—
1257 2246 1278 2263 5.
1293 2241 1323 2263 Hi
1337 2245 1432 2263 omnes

106 2278 161 2296 non
181 2273 322 2297 ediderant
339 2276 475 2299 orationes
489 2281 564 2304 suas,
580 2275 627 2299 sed
650 2281 694 2298 eas
713 2275 854 2299 Mucianus
871 2280 902 2297 ex
917 2275 990 2298 Actis
1009 2276 1118 2298 senatus
1132 2276 1159 2298 et
1178 2275 1269 2304 populi
1290 2276 1432 2303 excerptas

108 2307 260 2336 collegerat,
272 2315 331 2333 —⁴.
348 2310 421 2334 conf.
442 2311 475 2334 ad
495 2317 551 2340 cap.
573 2316 609 2334 ρο.
625 2311 769 2334 For-mulce
788 2311 851 2333 sunt
864 2310 932 2340 juris
949 2310 1043 2339 scripti
1064 2316 1096 2333 ex
1113 2310 1209 2339 quibus
1232 2315 1318 2333 causae
1337 2309 1431 2333 civiles

106 2341 240 2372 pendent,
255 2343 413 2368 interdicta
429 2347 492 2368 sunt
505 2346 613 2369 decreta
630 2346 751 2375 przrtoris
762 2363 768 2371 ,
783 2345 880 2373 quibus
893 2346 967 2368 vetat
981 2346 1027 2368 aut
1039 2345 1117 2373 jubet
1130 2344 1230 2374 aliquid
1241 2363 1247 2372 ,
1268 2345 1389 2374 inprimis
1404 2345 1430 2365 in

107 2379 296 2402 controversiis
307 2379 340 2403 de
352 2381 530 2409 possessione,
544 2387 625 2410 quum
640 2381 779 2409 dejectum
796 2386 826 2404 ex
842 2380 931 2409 aliquo
944 2380 1006 2403 loco
1019 2380 1125 2403 restitui
1137 2380 1222 2409 jubet,
1234 2378 1431 2408 donecjudicio

106 2416 150 2436 res
162 2412 242 2442 plana
260 2414 330 2437 facta
346 2416 388 2438 sit.
401 2428 429 2432 —
442 2422 463 2439 s
479 2418 499 2440 A
512 2417 607 2446 quibus
622 2418 734 2446 paterna
751 2416 802 2446 ipsi
816 2421 902 2445 prope
917 2416 1007 2439 omnia
1022 2417 1114 2444 erepta
1131 2415 1254 2444 fuerant,
1270 2414 1410 2443 Aphohum
1424 2430 1430 2442 ,
