1539 2668
499 176 534 205 A.
558 176 598 204 U.
622 176 657 204 C.
679 175 749 204 778.
774 175 809 204 A.
834 174 868 203 C.
894 174 943 203 25.
1326 172 1385 203 109

110 255 187 285 XLI.
212 256 351 283 Rursum
372 249 502 289 sejanus
522 257 586 279 non
607 248 672 287 jam
701 248 741 279 de
766 246 990 285 matrimonio,
1012 246 1068 277 sed
1093 246 1191 277 altius
1213 247 1382 284 metuens,

69 301 179 332 tacita
197 299 426 338 suspicionum
437 323 447 336 ,
461 296 555 335 vulqi
571 303 757 334 minorem,
774 295 988 334 inyruenlem
1003 292 1167 324 invidiam
1182 293 1386 333 deprecatur.

68 355 105 379 ac
126 355 166 377 ne
185 345 328 376 assiduos
347 344 377 374 in
395 343 526 374 domum
543 345 645 373 coetns
671 342 808 373 arcendo
830 341 1018 380 infringeret
1044 340 1219 380 potentiam
1231 364 1239 378 ‚
1257 343 1312 370 ant
1333 348 1383 370 re-

67 393 225 434 ceptando
243 392 427 423 facultatem
441 389 688 421 criminantibus
705 389 878 429 praeberet,
902 388 966 419 huc
987 387 1075 418 flexit
1087 411 1095 426 ,
1116 388 1153 417 ut
1168 386 1330 417 Tiberium
1344 386 1384 416 ad

66 439 169 471 vitam
182 438 292 479 procul
315 442 416 469 Roma
429 436 563 467 amoenis
577 436 654 467 locis
671 435 848 475 degendam
862 434 1048 475 impelleret.
1061 433 1163 464 multa
1178 433 1296 472 quippe
1314 442 1384 472 pro·

65 486 214 524 videbat,
231 494 289 517 sua
306 484 339 515 in
362 493 458 515 manu
477 483 583 514 aditus
598 484 604 501 ¹
626 483 868 523 litterarumque
885 490 998 522 magna
1013 490 1050 513 ex
1074 482 1162 521 parte
1179 488 1213 511 se
1229 479 1385 510 arbitrum

66 532 133 564 fore
143 557 152 573 ‚
166 541 267 572 quum
282 540 338 571 per
351 531 467 562 milites
483 533 718 569 commearent;
735 538 809 560 mox
827 534 982 561 Caesarem
992 553 1001 568 ,
1018 531 1168 567 vergente
1179 527 1245 567 jam
1257 528 1386 557 senecta

65 581 250 618 secretoque
265 579 326 609 loci
343 578 502 609 mollitum
516 602 524 616 ,
549 578 658 608 munia
674 577 803 617 imperii
821 577 949 607 facilius
962 575 1211 613 tramissurum;
1227 575 1259 605 et
1282 571 1385 603 minui

65 626 127 657 sibi
147 626 303 657 invidiam
329 625 478 664 adempta
494 625 691 656 salutantum
717 624 826 663 turba,
847 624 1046 663 sublatisque
1064 621 1213 653 inanibus
1233 629 1310 651 vera
1327 627 1386 659 po-

63 672 174 703 tentiae
188 681 304 711 augere
321 671 345 701 2.
367 671 463 711 igitur
480 672 643 711 paullatim
670 671 798 710 negotia
817 671 911 702 Urbis
925 695 933 710 ‚
959 669 1069 710 populi
1092 676 1262 706 accursus,
1279 665 1384 697 multi·

63 718 208 750 tudinem
227 719 428 750 affluentium
443 719 604 758 increpat,
623 719 782 749 extollens
796 718 947 749 laudibus
965 717 1104 757 quietem
1120 717 1152 746 et
1167 713 1386 750 solitudinem,

65 765 142 806 quis
155 765 268 797 abesse
286 765 395 797 toedia
408 767 441 797 cl
455 765 674 805 offensiones,
692 774 731 796 ac
744 767 925 805 proecipzca
940 772 1058 796 rerum
1072 764 1226 794 maxime
1240 760 1383 800 aqitari.

105 816 196 843 XLII.
221 816 265 843 Ac
280 813 361 843 forte
378 812 487 843 habita
510 814 652 853 peritios
673 813 742 844 dies
765 813 804 843 de
824 813 961 843 Votieno
981 813 1155 848 Montano,
1182 807 1315 840 celebris
1341 807 1384 837 in-

63 859 146 898 genii
161 859 241 897 viro,
261 860 397 899 cognitio
415 862 619 891 cunctantem
639 860 728 900 ¹jam
751 859 914 891 Tiberium
933 857 1083 899 perpulit,
1104 859 1139 887 ut
1156 855 1305 886 vitandos
1318 863 1384 886 cre-

62 904 152 937 deret
179 909 307 937 Patrum
332 909 433 937 coetus
465 916 643 947 vocesque,
670 916 744 947 quae
769 908 957 947 plerumque
982 913 1067 935 verae
1092 907 1251 942 etgraves
1276 911 1385 933 coram

62 951 301 992 ingerebantur.
317 962 390 984 nam
408 954 570 993 postulato
587 954 723 985 Votieno
740 954 779 984 ob
793 952 1020 985 contumelias
1034 953 1069 982 in
1082 949 1384 985 Coesarcmdiclas,

63 999 153 1031 testis
178 1000 319 1031 AEmilius
343 1010 360 1031 e
385 1001 580 1032 militaribus
605 1001 704 1039 viris,
727 1001 803 1032 dum
836 999 945 1031 studio
970 998 1126 1038 probandi
1151 998 1267 1028 cuncta
1290 994 1386 1025 refert

63 1047 113 1085 et,
139 1055 335 1086 quamquam
360 1046 444 1078 inter
463 1047 704 1087 obstrepentes,
727 1056 841 1087 magna
856 1046 1093 1077 asseveratione
1115 1044 1242 1081 nititur,
1260 1040 1386 1073 audivit

63 1093 210 1124 Tiberius
234 1094 349 1134 probra
366 1097 436 1134 quis
452 1103 508 1134 per
524 1094 687 1125 occultum
705 1094 916 1132 lacerabatur,
933 1093 1075 1132 adeoque
1091 1091 1257 1131 perculsus
1270 1092 1333 1127 est,
1350 1090 1386 1118 ut

63 1148 98 1171 se
111 1140 164 1171 vel
177 1142 296 1171 statim
309 1165 318 1179 ,
332 1142 386 1172 vel
404 1144 439 1172 in
456 1144 645 1180 coynilione
660 1141 671 1158 ²
693 1143 935 1181 purqalurum
951 1140 1148 1177 clamitaret,
1172 1137 1385 1178 precibusque

64 1186 284 1226 proximorum
295 1211 303 1225 ‚
322 1187 506 1218 adulatione
519 1189 679 1226 omnium,
695 1196 777 1226 aegre
789 1187 996 1226 componeret
1010 1186 1167 1216 animum.
1187 1186 1219 1215 et
1233 1183 1385 1214 Votienus

64 1232 194 1273 quidem
208 1233 383 1272 majestatis
400 1234 500 1273 pernis
514 1234 647 1264 affectus
661 1236 709 1264 est
727 1234 752 1264 ³:
772 1238 887 1271 Caesar,
904 1233 1060 1272 objectam
1075 1232 1137 1263 sibi
1150 1231 1303 1262 adversus
1314 1237 1387 1261 reos

64 1279 302 1311 inclementiam
327 1289 365 1311 eo
384 1281 582 1320 pervicacius
598 1281 783 1321 amplexus,
810 1280 969 1320 Aquiliam
985 1280 1132 1310 adulterii
1156 1278 1293 1310 delatam
1310 1285 1384 1307 cum

65 1326 161 1357 Vario
184 1327 318 1366 Ligure,
341 1336 538 1367 quamquam
563 1328 716 1359 Lentulus
741 1328 932 1366 Gaetulicus,
957 1328 1067 1358 consul
1089 1326 1270 1365 designatus
1285 1349 1294 1364 ,
1318 1324 1386 1363 lege

65 1373 147 1404 Julia
174 1373 395 1413 damnasset⁴,
413 1374 526 1405 exsilio
544 1374 688 1414 punivit,
709 1376 922 1414 Apidiumque
949 1374 1118 1413 Merulam,
1133 1372 1224 1412 quod
1245 1373 1281 1402 in
1304 1373 1386 1402 acta

64 1420 134 1452 divi
155 1422 299 1459 Auqusli
318 1429 383 1451 non
392 1421 579 1460 juraverat
592 1445 600 1461 ,
619 1421 690 1452 albo
710 1422 868 1452 senatorio
884 1421 894 1438 ⁵
914 1420 1020 1452 erasit.

105 1470 211 1497 XLIII.
236 1466 363 1498 Auditae
384 1467 499 1499 dehinc
513 1468 830 1499 Lacedaemoniorum
846 1470 877 1499 et
900 1467 1126 1499 Messeniorum
1150 1465 1322 1504 legationes
1346 1465 1387 1497 de

62 1514 132 1553 jure
147 1514 259 1554 templi
272 1515 381 1545 Dianae
398 1515 586 1546 Limnatidis
601 1516 625 1554 ¹,
649 1515 737 1555 quod
753 1517 823 1546 suis
840 1524 862 1546 a
878 1514 1068 1554 majoribus
1085 1521 1216 1553 suaque
1232 1515 1267 1543 in
1289 1514 1386 1543 terra

64 1561 218 1593 dicatum
233 1561 470 1592 Lacedaemonii
487 1561 657 1593 firmabant
677 1562 842 1593 annalium
866 1561 1020 1593 memoria
1044 1562 1221 1599 vatumque
1237 1558 1386 1590 carmini-

65 1608 124 1640 bus
139 1619 146 1639 :
164 1607 221 1639 sed
237 1608 433 1640 Macedonis
450 1609 608 1649 Philippi
622 1609 648 1649 ²,
662 1618 740 1641 cum
753 1619 819 1650 quo
835 1610 1032 1646 bellassent,
1048 1609 1157 1638 armis
1171 1606 1385 1646 ademptum,

64 1664 106 1687 ac
116 1658 196 1695 post
212 1657 247 1686 C.
268 1657 412 1686 Coesare‘s
427 1657 461 1687 et
480 1657 527 1687 M.
546 1658 682 1687 Antonii
706 1659 879 1688 sententia
902 1655 1086 1688 redditum.
1108 1657 1221 1684 contra
1237 1654 1386 1684 Messenii

63 1704 210 1734 veterem
234 1704 323 1733 inter
348 1703 509 1734 Herculis
533 1706 687 1743 posteros
711 1704 911 1735 divisionem
935 1703 1158 1742 Peloponnesi
1173 1701 1184 1718 ³
1205 1700 1384 1741 protulere,

65 1762 81 1776 u
99 1758 224 1789 suoque
239 1750 303 1788 regi
320 1749 566 1780 Dentlieliatlien
585 1760 697 1790 agrum
714 1751 724 1768 ⁵
753 1751 785 1782 in
799 1760 865 1791 quo
886 1750 917 1782 id
935 1750 1123 1787 delubrum,
1142 1748 1294 1785 cessisse,
1318 1756 1385 1778 mo-

66 1808 82 1823 «
99 1799 318 1836 numentaque
335 1796 402 1836 ejus
419 1798 463 1827 rei
480 1797 603 1838 sculpta
619 1798 704 1828 saxis
720 1800 752 1829 et
771 1806 832 1829 aere
846 1798 950 1838 prisco
966 1805 1104 1828 manere.
1120 1795 1236 1835 quodsi
1254 1797 1363 1826 vatum
1374 1819 1383 1835 ,

66 1855 81 1869 «
99 1843 264 1873 annalium
293 1843 332 1874 ad
359 1843 546 1875 testimonia
575 1848 743 1884 vocentur,
764 1845 872 1884 plures
899 1845 960 1875 sibi
990 1853 1027 1875 ac
1049 1843 1276 1883 locupletiores
1301 1850 1381 1873 esse.

65 1901 81 1916 α
100 1898 204 1926 neque
221 1890 403 1922 Philinnum
418 1891 571 1930 potentia,
590 1891 646 1922 sed
659 1900 699 1922 ex
718 1900 796 1922 vero
809 1893 973 1924 statuisse.
991 1892 1077 1923 idem
1093 1890 1175 1930 regis
1194 1889 1344 1929 Antigoni
1358 1888 1384 1927 ³¹,

93 2019 159 2043 XLI.
177 2023 195 2042 ι.
207 2019 248 2042 Sc.
262 2018 296 2041 ad
308 2018 455 2042 Tiberium.
467 2028 494 2036 a-
508 2023 530 2042 2.
546 2017 729 2047 Intransitive,
741 2019 772 2042 ut
782 2024 852 2048 saepe
865 2020 984 2046 vertere,
995 2018 1119 2042 mutare.

92 2054 170 2077 XLII.
188 2058 205 2076 1.
226 2053 409 2079 Dubitantem‚
425 2053 634 2078 deliberantem.
647 2059 708 2077 —2.
722 2055 765 2077 Sc.
784 2054 894 2083 proprie
916 2054 949 2077 de
968 2054 1019 2077 hac
1036 2059 1066 2077 re
1083 2051 1258 2076 instituenda.
1269 2063 1299 2068 —
1311 2056 1335 2074 5.
1354 2050 1385 2074 ln

63 2088 189 2112 Baleares
202 2088 302 2112 insulas
316 2088 454 2118 relegatus
467 2091 515 2112 cst.
529 2102 557 2106 -
570 2098 592 2112 ι.
604 2090 641 2113 Ex
657 2095 709 2118 qua
727 2089 797 2113 dotis
810 2089 930 2118 dimidio,
953 2089 1085 2113 honorum
1103 2088 1180 2117 parte
1194 2086 1276 2110 tertia
1289 2085 1385 2109 multa-

64 2125 146 2149 batur
160 2125 187 2147 et
198 2124 224 2147 in
235 2124 348 2147 insulam
360 2125 540 2153 rmegabatur.
553 2124 727 2154 netegatione
738 2124 845 2154 gravius
856 2126 915 2148 erat
923 2124 1053 2152 exsilium,
1063 2124 1106 2153 J'us
1117 2122 1234 2147 civitatis
1244 2121 1380 2144 auferens.

62 2171 94 2177 -—
104 2164 129 2182 s.
145 2158 249 2182 Tabula
259 2158 357 2188 albata,
372 2160 400 2182 in
413 2165 465 2188 quo
478 2161 634 2184 senatorum
657 2160 767 2183 nomina
780 2160 927 2189 quotannis
942 2159 1170 2186 inscribebantur,
1191 2156 1315 2180 instituto
1327 2157 1383 2179 Au·

64 2194 135 2224 gusti
149 2199 175 2217 a.
189 2194 216 2217 U.
227 2198 280 2217 7⁴6.

93 2229 184 2253 XLIII.
201 2230 264 2253 =.1u
281 2229 433 2254 confinibus
455 2230 577 2254 Laconlae
596 2232 624 2254 et
642 2230 782 2254 Messeniae
804 2230 837 2254 ad
857 2232 946 2255 vicum
970 2225 1084 2266 Λίμναι
1101 2227 1235 2257 (paludes)
1254 2227 1338 2251 cultae-
1353 2242 1382 2246 -

65 2268 87 2287 2.
103 2266 145 2287 sc.
159 2264 277 2293 alterius,
291 2270 346 2288 non
361 2265 505 2289 Alexandri
516 2267 609 2295 patrIs.
621 2280 649 2283 —
661 2272 681 2289 s.
701 2267 729 2290 In
756 2267 893 2296 Argivum,
923 2266 1154 2291 Lacedaemonium
1171 2265 1200 2287 et
1218 2263 1379 2287 Messenium

64 2304 158 2327 regna,
173 2299 242 2323 Inter
253 2299 411 2323 Heraclidas
420 2301 577 2328 Temenum,
593 2301 803 2330 Aristodemum,
818 2301 1025 2331 Cresphontem.
1040 2306 1068 2325 ao
1088 2305 1172 2324 annos
1187 2299 1250 2328 post
1273 2299 1380 2327 captam

66 2332 180 2361 T1·0j³m·
194 2346 221 2350 -
235 2339 257 2358 4.
271 2335 320 2363 Qui
334 2334 398 2359 alibi
411 2341 465 2359 non
487 2337 663 2364 memoratur,
677 2336 727 2359 nisi
741 2336 813 2365 quod
826 2337 907 2365 urbis,
925 2337 957 2361 de
971 2338 1048 2366 cujus
1068 2335 1238 2366 possessione
1260 2333 1383 2356 Lacedae-

68 2367 149 2390 monii
163 2369 190 2391 et
202 2369 325 2406 Messenii
335 2370 487 2399 certabant,
504 2376 605 2395 nomen
617 2373 754 2395 servatum
769 2373 811 2396 est
826 2378 842 2396 a
855 2372 991 2402 Stephano
1004 2372 1150 2401 Byzantino
1164 2370 1191 2393 in
1206 2369 1300 2393 Lexico
1313 2374 1378 2398 geo-

68 2402 200 2433 graphico
220 2399 389 2438 Δελθανιοι,
404 2405 476 2435 quod
492 2406 527 2431 ob
543 2406 639 2432 scriem
651 2406 848 2436 alphabeticam
862 2407 1033 2435 scribendum
1055 2402 1224 2434 Δενθάνιοι.
1244 2418 1270 2423 -
1288 2411 1309 2429 s.
1330 2404 1379 2428 Se-
