1539 2668
510 141 570 171 m.
595 141 699 170 U..C.ae
716 140 789 170 822.
813 141 911 171 A..c.
935 140 988 170 6⁹.
1365 145 1423 175 351

78 220 242 259 ..menter‚
267 218 494 250 decremona
507 215 727 247 :in-neutrum
741 214 766 246 ¹.
792 215 952 247 exercitus
973 216 1090 256 praeter
1111 215 1241 247 insitam
1259 217 1426 257 praedandi

75 265 281 307 ..cupidinem
295 262 548 296 vetereodioad
560 261 728 294 excidium
739 261 1174 294 cremonensiumincubuit.
1184 263 1306 303 juvisse
1320 269 1425 305 partes

93 312 284 344 Vitellianas
300 311 439 344 Othonis
459 319 591 352 quoque
612 309 698 342 bello
723 310 958 350 credebantur;
976 318 1054 341 mox
1079 310 1425 345 tertiadecimanosffad

92 359 328 391 exstruendum
339 358 621 400 amphitheatrum
636 357 764 389 relictos
776 381 785 397 ‚
804 359 839 389 ut
855 360 932 389 sunt
948 355 1096 398 procacia
1112 357 1247 390 urbanae
1260 359 1425 399 plebisin-

91 406 197 446 genia,
210 406 432 446 petulantibus
441 405 556 447 jurgiis
573 404 755 436 illuserant.
770 404 864 436 auxit
875 404 1032 436 invidiam
1048 404 1172 436 editum
1189 405 1254 436 illic
1267 415 1285 436 a
1300 407 1426 439 Caecina

91 452 306 492 gladiatorum
319 452 542 493 spectaculum
555 477 565 492 ‚
578 451 758 491 eademque
775 461 888 484 rursus
904 451 979 484 belli
995 451 1088 484 sedes
1099 475 1108 491 ‚
1123 454 1156 484 et
1172 452 1300 492 praebiti
1312 454 1346 485 in
1359 455 1426 487 acie

91 498 272 530 Vitellianis
288 499 370 539 cibi,
388 508 478 531 caesae
495 499 646 540 quaedam
667 499 796 531 feminae
816 499 923 530 studio
940 499 1091 540 ,partium
1111 499 1151 531 ad
1174 500 1338 540 proelium÷
1352 511 1424 542 pro·

75 573 77 577 .
89 548 366 587 gressae..tempus
386 555 519 588 quoque
535 549 700 578 mercatus
717 546 818 578 ditem
840 546 962 587 alioqui
977 547 1137 578 coloniam
1152 547 1312 586 majorum
1327 557 1425 590 opum

90 593 199 632 specie
221 594 416 634 complebat.
439 594 533 626 ceteri
558 594 656 626 duces
677 594 711 625 in
735 593 874 625 obscuro
896 604 902 625 :
923 594 1100 625 Antonium
1124 594 1256 626 fortuna
1276 595 1426 637 famaque

90 639 237 671 omnium
262 641 365 672 oculis
381 644 593 682 exposuerat.
619 642 648 673 is
678 641 822 673 balineas
846 641 1007 672 abluendo
1034 642 1143 673 cruori
1172 651 1308 683 propere
1331 644 1422 684 petit.

88 688 225 727 excepta
241 697 306 719 vox
329 690 400 729 est,
418 698 521 729 quum
543 690 688 729 teporem
706 688 894 728 incusaret,
911 690 1034 720 statim
1044 687 1219 729 futurum
1234 692 1275 722 ut
1297 691 1426 723 incale-

87 737 234 767 scerent.
246 736 369 767 vernile
380 735 391 753 ²
407 735 531 768 dictum
541 745 672 768 omnem
686 736 844 767 invidiam
857 736 890 767 in
904 744 979 767 eum
990 736 1102 775 vertit,
1114 737 1281 777 tamquam
1289 738 1426 778 siynum

87 782 312 814 incendendae
331 785 508 816 Cremonoe
524 784 690 823 dedisset,
710 785 865 824 quaejam
883 782 1047 823 flagrabat.

130 833 266 861 XXXIII.
292 831 512 870 Quadraginta
528 833 728 862 armatorum
746 831 846 861 millia
865 831 1029 870 irrupere,
1046 830 1196 861 calonum
1220 830 1426 872 lixarumque

88 876 223 916 amplior
245 885 400 908 numerus
417 880 450 909 et
466 878 500 909 in
523 878 695 910 libidinem
712 886 751 909 ac
770 877 931 909 saevitiam
955 877 1152 917 corruptior.
1172 886 1236 908 non
1262 877 1402 918 dignitas
1414 903 1424 917 ‚

87 931 153 954 non
175 925 255 955 aetas
278 925 486 965 protegebat,
509 926 687 966 quominus
708 928 822 965 stupra
845 924 1012 964 caedibus,
1031 924 1137 955 caedes
1161 925 1284 964 stupris
1310 926 1426 957 misce-

86 971 210 1002 rentur.
236 972 428 1011 grandaevos
451 981 567 1012 senes,
593 975 708 1005 exacta
731 975 828 1005 aetate
853 972 988 1003 seminas
1003 995 1012 1011 ‚
1033 971 1114 1002 viles
1140 971 1178 1002 ad
1206 972 1368 1012 praedam,
1392 972 1426 1003 in

82 1015 269 1049 *ludibrium
296 1019 481 1051 trahebant.
508 1020 563 1051 ubi
579 1020 689 1052 adulta
723 1020 814 1060 virgo
832 1022 889 1051 aut
904 1019 978 1059 quis
1004 1019 1106 1050 forma
1128 1019 1326 1059 conspicuus
1346 1018 1425 1050 inci-

76 1062 205 1101 edisset,
226 1066 257 1096 vi
272 1067 490 1107 manibusque
505 1068 702 1108 rapientium
718 1067 884 1107 divulsus,
902 1067 992 1107 ipsos
1008 1068 1174 1107 postremo
1194 1066 1374 1107 direptores
1393 1067 1427 1098 in

88 1115 236 1146 mutuam
261 1116 437 1156 perniciem
466 1118 591 1157 agebat.
616 1118 694 1149 dum
720 1118 892 1157 pecuniam
914 1117 966 1148 vel
992 1116 1103 1156 gravia
1126 1126 1206 1148 auro
1229 1117 1425 1157 templorum

89 1160 175 1193 dona
190 1162 251 1193 sibi
266 1163 405 1203 quisque
418 1164 571 1204 trahunt,
586 1164 708 1204 majore
720 1164 860 1195 aliorum
875 1164 906 1194 vi
920 1163 1168 1195 truncabantur.
1183 1164 1316 1204 quidam
1329 1163 1426 1196 obvia

92 1210 278 1249 aspernati,
304 1210 492 1242 verberibus
513 1212 749 1251 tormentisque
769 1212 976 1243 dominorum
996 1210 1105 1241 abdita
1121 1211 1282 1250 scrutari,
1300 1211 1426 1243 defossa

92 1264 204 1287 eruere
217 1281 226 1296 ,
250 1256 338 1288 faces
356 1257 389 1288 in
406 1258 573 1296 manibus,
592 1267 674 1298 quas
687 1282 696 1297 ‚
715 1257 769 1289 ubi
791 1258 935 1298 praedam
953 1259 1160 1297 egesserant,
1179 1258 1213 1288 in
1230 1266 1347 1289 vacuas
1368 1258 1422 1289 do·

90 1312 162 1334 mos
185 1306 218 1335 et
239 1303 344 1335 inania
371 1305 492 1344 templa
513 1314 570 1346 per
590 1305 759 1336 lasciviam
780 1304 1035 1344 jaculabantur3
1055 1306 1156 1344 utque
1172 1305 1315 1336 exercitu
1333 1304 1425 1336 vario

89 1348 206 1390 linguis
217 1374 226 1389 ‚
245 1351 390 1382 moribus
403 1375 412 1391 ‚
429 1352 481 1382 cui
495 1352 602 1391 cives,
617 1351 698 1382 socii
709 1375 717 1391 ,
737 1351 863 1382 externi
880 1352 1088 1389 interessent,
1107 1350 1245 1382 diversae
1260 1351 1425 1391 cupidines

90 1398 122 1428 et
138 1397 223 1428 aliud
239 1399 357 1439 cuique
372 1399 421 1430 fas
433 1407 494 1430 nec
507 1399 683 1440 quicquam
700 1398 864 1430 illicitum.
883 1407 940 1439 per
955 1397 1165 1438 quatriduum
1183 1402 1341 1431 Cremona
1357 1399 1424 1431 suf-

89 1442 178 1474 fecit.
191 1454 293 1485 quum
310 1446 419 1477 omnia
436 1455 527 1478 sacra
543 1446 744 1486 profanaque
761 1445 792 1476 in
810 1445 882 1485 igne
897 1445 1113 1484 considerent,
1127 1445 1233 1476 solum
1250 1446 1418 1486 Mephitis¹

90 1491 247 1531 templum
264 1494 354 1524 stetit
370 1495 446 1525 ante
462 1493 582 1525 moenia
593 1517 602 1532 ‚
619 1493 692 1524 loco
708 1502 765 1524 seu
783 1493 918 1523 numine
935 1492 1113 1523 defensum.

131 1541 264 1570 XXXIV.
284 1540 346 1571 ,Hic
369 1541 474 1572 exitus
493 1545 679 1581 Cremonae,
703 1549 789 1571 anno
815 1539 1039 1571 ducentesimo
1066 1539 1267 1579 octogesimo
1294 1542 1385 1571 sexto
1404 1548 1423 1571 a

90 1585 268 1626 primordio
284 1588 346 1618 sui.
365 1588 497 1620 condita
517 1590 587 1621 erat
607 1587 678 1619 Tib.
700 1587 888 1628 Sempronio
907 1590 939 1618 et
956 1587 1105 1619 Cornelio
1125 1587 1312 1618 consulibus
1328 1586 1352 1626 ¹,
1372 1586 1424 1618 in·

90 1637 225 1673 gruente
236 1635 270 1665 in
283 1635 410 1666 ltaliam
423 1636 613 1676 Hannibale,
622 1636 902 1677 propugnaculum
915 1634 1070 1666 adversus
1082 1635 1184 1666 Gallos
1196 1637 1287 1666 trans
1302 1634 1423 1665 Padum

91 1683 223 1722 agentes
235 1707 243 1722 ,
257 1685 290 1714 et
302 1684 328 1714 si
343 1693 407 1724 qua
420 1685 480 1716 alia
493 1684 545 1716 vis
561 1693 617 1725 per
631 1684 726 1724 Alpes
739 1685 859 1715 rueret.
876 1683 975 1722 igitur
990 1676 1128 1714 numero
1142 1683 1331 1713 colonorum
1344 1706 1353 1722 ‚
1367 1690 1422 1722 op-

92 1729 294 1769 portunitate
313 1730 507 1770 fluminum,
526 1731 624 1762 ubere
643 1731 711 1770 agri
722 1729 749 1769 ²,
771 1739 900 1762 annexu
917 1729 1159 1769 connubiisque
1182 1729 1328 1769 gentium
1344 1729 1424 1760 ado-

91 1775 174 1807 levit
187 1775 374 1816 floruitque,
385 1777 476 1809 bellis
490 1778 633 1809 externis
648 1778 784 1817 intacta,
799 1777 952 1809 civilibus
966 1777 1079 1808 infelix
1089 1776 1112 1807 ³.
1129 1776 1287 1808 Antonius
1300 1775 1424 1817 pudore

94 1820 218 1862 flagitii,
236 1823 460 1855 crebrescente
477 1824 614 1864 invidia,
630 1824 732 1856 edixit
753 1833 795 1856 ne
811 1827 888 1865 quis
907 1826 1163 1856 Cremonensem
1177 1825 1356 1863 captivum
1370 1822 1424 1854 de-

93 1870 232 1901 tineret.
252 1870 601 1911 irritamquepraedam
616 1871 776 1902 militibus
791 1871 944 1902 effecerat
958 1878 1135 1901 consensus
1150 1869 1250 1900 ltaliae
1260 1893 1268 1908 ‚
1285 1869 1424 1909 emptio-

91 1926 168 1948 nem
186 1917 300 1948 talium
314 1918 780 1959 mancipiorum>aspernantis.
799 1917 904 1949 occidi
917 1926 1051 1958 coepere.
1070 1916 1157 1957 quod
1175 1916 1231 1947 ubi
1243 1917 1391 1957 enotuit,
1405 1926 1424 1949 a

91 1965 281 2005 propinquis
307 1965 522 2006 affinibusque
545 1966 672 1998 occulte
690 1964 988 2005 redemptabantur.
1014 1973 1093 1995 mox
1118 1962 1216 1995 rediit
1232 1966 1422 1996 Cremonam

91 2011 235 2052 reliquus
260 2013 409 2053 populus.
431 2014 573 2054 reposita
589 2014 662 2045 fora
677 2014 864 2055 templaque
880 2011 1102 2044 munificentia
1118 2010 1322 2051 municipum
1335 2010 1346 2029 ⁴
1360 2022 1371 2052 3
1391 2011 1423 2043 et

93 2060 309 2100 Vespasianus
325 2060 528 2093 hortabatur.

121 2122 232 2146 XXXII.
248 2127 267 2145 ι.
282 2123 311 2146 ln
328 2124 453 2146 neutram
466 2124 587 2152 partem
609 2128 700 2153 neque
719 2122 753 2146 ad
769 2122 886 2147 salutem
907 2127 997 2151 neque
1022 2121 1056 2145 ad
1069 2120 1226 2151 ‘perniciem
1245 2124 1348 2144 eorum.
1359 2131 1389 2136 —
1400 2124 1422 2142 2.

93 2158 170 2181 Servi
182 2158 360 2182 balneatoris.
377 2159 506 2183 Fortuitae
516 2159 578 2183 voci
591 2160 666 2183 tanta
682 2159 724 2182 vis
735 2158 907 2182 tribuebatur
921 2159 951 2182 ut
967 2157 1002 2181 ad
1014 2162 1150 2181 summum
1160 2156 1257 2180 ducem
1271 2154 1382 2185 prolatae
1395 2155 1423 2179 et

94 2198 135 2222 re,
149 2199 207 2222 quae
218 2193 245 2217 in
255 2195 391 2223 potestate
403 2194 463 2224 ejus
477 2200 536 2218 esse
547 2194 722 2223 credebatur,
736 2194 859 2223 speciose
869 2193 1044 2217 confirmatae.

124 2228 243 2252 xxxnl.
259 2235 277 2252 1.
295 2238 310 2249 «
323 2230 380 2254 Dea
393 2230 523 2254 avertens
543 2230 696 2254 molestiam
712 2229 804 2254 odoris
815 2229 976 2258 gravissimi,
998 2229 1106 2259 putoris
1125 2227 1172 2258 qui
1191 2232 1225 2251 ex
1242 2224 1419 2254 corruptione

96 2263 168 2286 aeris
182 2265 311 2293 nascitur,
325 2265 466 2290 ”Servius
483 2265 519 2289 ad
530 2267 592 2291 AEn.
609 2265 666 2293 vu,
677 2270 714 2289 84.
733 2265 874 2295 Templum
899 2263 971 2289 haud
984 2263 1065 2288 dubie
1078 2268 1173 2287 versus
1194 2261 1297 2286 Padum
1319 2260 1420 2284 flumen

95 2299 177 2323 situm
187 2304 258 2328 saepe
271 2301 419 2324 exundans.

126 2334 244 2358 XXXIV.
265 2340 284 2358 i.
301 2337 331 2359 Α.
343 2337 372 2360 U.
384 2341 496 2360 ssa—2.
508 2337 619 2361 Poetice
636 2336 756 2365 dictum;
772 2341 798 2360 ν.
812 2336 888 2365 virg.
899 2336 969 2360 AEn.
987 2335 1015 2364 1,
1027 2340 1085 2362 san
1099 2334 1146 2363 ΙΠ,
1162 2337 1246 2357 usi.—
1262 2337 1284 2355 5.
1304 2331 1381 2355 Bruti
1395 2331 1423 2370 et

99 2369 186 2393 Cassii
198 2370 319 2399 partibus
332 2372 451 2396 addicta.
473 2374 559 2397 Notus
575 2373 679 2402 Virgilii
689 2372 761 2401 (Ecl.
782 2371 828 2400 IX,
848 2371 886 2397 28)
902 2376 1017 2395 versus:
1029 2371 1157 2395 Mantua
1169 2367 1228 2393 voeh
1241 2367 1354 2392 miserae
1375 2371 1422 2391 ‘m-

100 2405 190 2429 mmm
202 2406 300 2430 vicina
316 2406 520 2432 Cremona—4.
533 2408 594 2439 Qui,
607 2414 687 2438 agros
703 2407 886 2438 possidentes,
899 2412 954 2431 non
968 2406 1059 2431 omnia
1072 2406 1130 2429 tum
1143 2403 1330 2434 perdiderant.
