1539 2668
503 209 539 237 A.
562 209 602 238 U.
625 209 659 237 C.
686 209 757 238 822.
781 210 817 238 A.
841 209 876 239 C.
899 210 951 239 69.
1332 210 1391 240 279

70 290 290 333 queinilitum
304 289 437 320 nomine
451 297 569 320 vocans
583 297 622 320 ac
641 290 796 321 memoria
818 289 995 322 Neroniani
1014 290 1191 322 «comitatus
1213 291 1393 322 contuber-

70 339 167 372 nales
193 336 400 379 appellando;
428 335 507 368 alios
531 344 724 377 agnoscere,
752 337 911 378 quosdam
933 337 1096 378 requirere
1118 339 1151 368 et
1177 338 1314 377 pecunia
1335 340 1397 369 auh

70 386 170 426 gratia
181 385 294 425 juvare
304 408 311 422 ‚
327 383 493 414 inserendo
510 384 630 423 saepius
650 385 797 424 querelas
810 386 841 416 et
865 385 1034 425 ambiguos
1047 385 1088 416 de
1101 384 1198 416 Galba
1213 393 1397 424 sermones,

70 441 208 473 quaeque
229 432 296 462 alia
316 431 524 462 turbamenta
543 430 640 471 vulgi.
670 431 799 464 labores
816 432 989 473 itinerum,
1007 433 1115 473 inopia
1128 434 1391 470 commeatuum,

70 480 190 512 duritia
211 478 338 519 imperii
355 479 494 510 atrocius
516 477 770 519 accipiebantur,
796 489 897 519 quum
910 480 1094 521 Campaniae
1110 480 1199 511 lacus
1215 481 1249 511 et
1265 479 1393 511 Achaiae

72 527 166 558 urbes
182 525 337 558 classibus
353 525 441 556 adire
458 525 546 557 soliti
557 525 567 543 ²
583 529 772 566 Pyrenaeum
786 529 819 559 et
829 528 925 568 Alpes
938 530 970 560 et
983 528 1140 560 immensa
1152 527 1278 558 viarum
1291 527 1396 568 spatia

71 583 153 614 aegre
166 573 226 605 sub
244 573 340 604 armis
354 573 562 604 eniterentur.

108 624 216 653 XXIV.
240 621 461 660 Flagrantibus
477 622 543 660 jam
565 620 704 652 militum
727 621 845 652 animis
861 620 1056 652 velut-faces
1071 621 1237 654 addiderat
1257 622 1394 653 Maevius

69 670 212 708 Pudens,
226 677 243 699 e
260 668 415 707 proximis
428 668 585 708 Tigellini.
605 669 631 700 is
645 668 896 700 mobilissimum
912 677 1074 709 quemque
1088 669 1216 709 ingenio
1230 671 1286 702 aut
1296 678 1395 710 pecu·

69 717 130 749 niae
147 715 292 755 indigum
308 717 340 746 et
356 716 387 746 in
407 724 507 746 novas
523 715 715 755 cupiditates
742 716 941 756 praecipitem
966 716 1139 748 alliciendo
1165 725 1202 748 eo
1227 716 1395 757 paullatim

70 772 257 806 progressus
280 765 348 802 est,
368 765 403 794 ut
432 772 488 803 per
512 763 652 803 speciem
678 763 838 803 convivii,
865 764 992 803 quoties
1010 764 1109 796 Galba
1123 765 1209 805 apud
1234 765 1400 796 Othonem

70 811 264 852 epularetur,
281 810 424 841 cohorti¹
442 810 597 841 excubias
612 811 718 850 agenti
733 811 855 842 viritim
872 814 1024 843 centenos
1040 821 1192 843 nummus
1212 812 1371 844 divideret
1387 820 1398 842 ε

69 867 166 899 quam
184 858 272 889 velut
287 857 449 897 publicam
472 857 675 897 largitionem
693 858 779 889 Otho
795 858 1025 890 secretioribus
1046 859 1130 899 apud
1149 860 1290 899 singulos
1313 868 1402 901 praef

68 905 144 937 miis
159 904 362 943 intendebat,
373 905 454 936 adeo
470 906 632 936 animosus
645 907 827 946 corruptor,
841 908 876 937 ut
891 906 1023 937 cocceio
1037 906 1171 937 Proculo
1184 907 1395 947 speculatori²

68 953 108 986 de
123 954 214 994 parte
229 952 339 983 finium
353 961 427 983 cum
439 953 546 984 vicino
560 952 734 992 ambigenti
753 953 939 985 universum
954 953 1050 984 vicini
1064 962 1175 993 agrum
1191 964 1248 985 sua
1262 955 1399 995 pecunia

68 1002 191 1034 emtum
202 1000 287 1031 dono
299 999 435 1040 dederit,
444 1009 500 1041 per
513 1000 694 1032 socordiam
704 1001 850 1042 praefecti
860 1001 886 1041 ³,
896 1010 993 1041 quem
1003 1002 1079 1032 nota
1095 1002 1212 1041 pariter
1225 1004 1257 1033 et
1272 1002 1400 1034 occulta

69 1048 235 1081 fallebant.

110 1098 203 1126 XXV.
228 1094 288 1126 Sed
312 1096 383 1125 tum
406 1103 423 1125 e
440 1093 562 1125 libertis
591 1097 805 1126 Onomastum
832 1095 946 1127 futuro
967 1095 1077 1127 sceleri
1102 1094 1266 1136 praefecit,
1289 1104 1307 1127 a
1331 1105 1397 1137 quo

70 1141 220 1173 Barbium
238 1141 422 1179 Proculum,
439 1141 647 1172 tesserarium
665 1142 909 1182 speculatorum
925 1143 948 1182 ¹,
967 1144 1000 1175 et
1016 1143 1197 1182 Veturium,
1215 1143 1395 1183 optionem²

71 1188 246 1221 eorundem
257 1212 267 1228 ,
302 1187 474 1228 perductos
486 1212 496 1227 ,
526 1190 698 1228 postquam
733 1189 823 1220 vario
850 1199 1001 1222 sermone
1030 1190 1162 1221 callidos
1196 1190 1399 1232 audacesque

72 1235 242 1277 cognovit,
267 1235 368 1275 pretio
389 1237 421 1266 et
441 1236 605 1275 promissis
623 1239 747 1276 onerat,
765 1236 840 1268 data
866 1238 1000 1278 pecunia
1016 1237 1054 1268 ad
1072 1237 1301 1277 pertentandos
1329 1238 1398 1279 plu-

73 1283 158 1315 rium
174 1283 307 1314 animos.
327 1291 492 1323 suscepere
509 1282 574 1314 duo
599 1283 813 1324 manipulares
829 1285 999 1324 imperium
1017 1284 1126 1324 populi
1148 1285 1284 1316 Romani
1298 1287 1401 1317 trans-

73 1329 270 1369 serendum³,
287 1333 319 1362 et
338 1330 581 1361 transtulerunt.
616 1331 648 1361 in
665 1332 897 1363 conscientiam
923 1331 1074 1363 facinoris
1091 1332 1184 1372 pauci
1200 1332 1305 1364 asciti.
1331 1341 1400 1366 sus-s

73 1386 193 1419 pensos
207 1380 387 1408 ceterorum
418 1377 544 1408 animos
557 1377 695 1408 diversis
718 1378 842 1409 artibus
859 1378 1049 1419 stimulant,
1072 1380 1230 1419 primores
1256 1379 1396 1411 militum

72 1432 130 1464 per
139 1424 497 1464 beneficiaNympbidii⁴
516 1426 552 1456 ut
569 1426 873 1466 suspect0s‚vulgus
886 1430 920 1458 et
929 1429 1053 1458 ceteros
1070 1426 1118 1457 ira
1130 1430 1162 1457 et
1175 1426 1399 1467 desperatione

72 1471 162 1503 dilati
182 1472 275 1504 toties
292 1471 447 1503 donativi.
475 1474 566 1503 erant
579 1482 661 1513 quos
681 1474 838 1505 memoria
852 1476 987 1506 Neronis
1010 1483 1047 1504 ac
1069 1473 1265 1505 desiderium
1283 1474 1398 1515 prioris

72 1519 210 1551 licentiae
224 1520 423 1551 accenderet.
451 1519 484 1550 in
513 1528 685 1553 commune
708 1521 842 1553 omnes⁶
861 1524 950 1553 metu
967 1521 1136 1553 mutandae
1161 1521 1285 1553 militiae
1301 1523 1397 1554 terre·

73 1565 201 1598 bantur.

114 1617 220 1646 xxvi.
245 1614 359 1646 Infecit
390 1623 426 1645 ea
450 1613 542 1646 tabes
563 1614 725 1654 legionum
750 1625 881 1657 quoque
911 1618 945 1649 et
973 1617 1169 1648 auxiliorum
1198 1618 1304 1649 motas
1331 1617 1396 1657 Jam

72 1663 214 1702 mentes,
238 1664 409 1703 postquam
426 1661 593 1702 vulgatum
608 1665 678 1694 erat
689 1662 798 1695 labare
814 1663 994 1696 Germanici
1002 1664 1163 1695 exercitus
1180 1664 1285 1696 tidem.
1305 1664 1397 1695 adeo·

73 1704 136 1750 que
150 1712 258 1749 parata
272 1710 354 1749 apud
371 1709 470 1741 malos
484 1710 619 1749 seditio;
634 1709 732 1742 etiam
749 1710 834 1751 apud
849 1712 991 1751 integros
1009 1711 1015 1728 ¹
1034 1711 1250 1743 dissimulatio
1268 1711 1326 1743 fuit
1338 1736 1347 1752 ,
1361 1712 1398 1743 ut

73 1759 200 1796 postero
216 1757 330 1786 iduum
347 1756 470 1787 dierum
488 1756 500 1774 ²
517 1757 704 1788 redeuntem
729 1767 748 1789 a
771 1767 863 1789 coena
877 1759 1037 1790 Othonem
1057 1759 1180 1798 rapturi
1197 1759 1316 1791 suerint
1327 1784 1335 1799 ,
1362 1760 1397 1791 ni

73 1805 198 1836 incerta
208 1804 312 1834 noctis
327 1806 358 1834 et
372 1805 442 1834 tota
463 1804 548 1835 Urbe
562 1813 671 1844 sparsa
686 1805 948 1837 militumcastra
965 1814 1030 1838 nec.
1049 1806 1174 1837 facilem
1191 1806 1272 1838 inter
1293 1808 1396 1838 temu-

74 1850 177 1882 lentos
197 1858 388 1881 consensum
410 1851 614 1890 timuissent,
629 1851 895 1891 non.reipublicae
908 1861 986 1884 cura
997 1877 1008 1892 ‚
1030 1862 1128 1893 quam
1144 1853 1264 1885 soedare
1278 1853 1397 1885 Princi-

75 1897 125 1938 pis
141 1897 189 1928 sui
203 1898 358 1937 sanguine
373 1897 470 1927 sobrii
485 1896 664 1937 parabant,
685 1897 740 1929 sed
762 1906 803 1929 ne
819 1906 875 1938 per
891 1898 1060 1938 tenebras,
1072 1901 1108 1930 ut
1123 1900 1261 1939 quisque
1276 1904 1396 1936 Panno·

75 1943 138 1975 nici
158 1944 211 1976 vel
235 1944 415 1976 Germanici
432 1944 592 1976 exercitus
609 1943 620 1962 ³
639 1944 796 1976 militibus
811 1945 939 1976 oblatus
966 1947 1071 1985 esset,
1093 1945 1318 1986 ignorantibus
1333 1947 1397 1987 ple-

106 2064 199 2088 XXW.
216 2069 237 2088 ι.
249 2063 322 2088 Mine
331 2063 509 2087 militum-a
521 2063 720 2092 Spemlatoms
733 2062 761 2087 hi
778 2064 857 2087 erant
869 2062 969 2087 delecti
982 2069 1014 2087 ex
1027 2064 1163 2093 praemi-iis
1176 2064 1337 2089 cohortibus
1347 2071 1391 2089 sa-

76 2099 176 2124 teuites
195 2099 440 2128 Principis—asc.
454 2099 582 2129 praetorii.
592 2099 708 2128 Lacone,
723 2099 756 2122 de
770 2104 824 2128 quo
835 2104 859 2122 c.
873 2099 925 2122 eet
940 2104 976 2123 15.

106 2135 187 2159 XXV.
201 2140 223 2159 ι.
245 2135 310 2158 Eum
324 2135 395 2158 inter
409 2134 597 2164 speculatores
610 2135 656 2164 qui
667 2135 800 2158 tesseram
821 2134 862 2163 (Ia
875 2134 986 2163 parole,
996 2134 1152 2164 tellussum
1171 2134 1292 2165 aliquod)
1306 2136 1334 2160 in
1356 2137 1396 2160 ta-

76 2170 149 2194 bella
161 2170 289 2200 scriptam
303 2169 336 2193 ab
349 2171 516 2199 imperatore
534 2170 571 2199 (in
588 2170 742 2199 legionibus
759 2175 775 2194 a
795 2169 915 2198 tribuno)
935 2169 1088 2199 accipiebat
1106 2172 1134 2194 et
1149 2176 1198 2201 per
1211 2171 1395 2196 contubernia

77 2205 283 2229 nuntiabam—2.
298 2206 393 2229 Festus
408 2211 439 2229 :a
458 2205 541 2234 Optio
558 2206 585 2228 in
600 2211 630 2228 re
648 2205 760 2229 militari
779 2204 933 2235 appellatus
955 2206 977 2229 is
988 2211 1067 2235 quem
1079 2206 1192 2231 decurio
1202 2209 1252 2231 aut
1269 2207 1393 2232 centurio

77 2241 159 2270 optat
168 2240 264 2270 (eligit)
276 2240 327 2264 sibi
341 2246 432 2264 rerum
445 2241 615 2270 privatarum
630 2240 829 2269 administrum,
847 2245 902 2270 quo
914 2240 1023 2265 facilius
1042 2241 1124 2266 obeat
1140 2242 1251 2272 publica
1263 2242 1365 2267 officia.
1381 2252 1394 2263 n

78 2281 131 2299 —z.
150 2278 170 2298 A
184 2275 268 2300 Galba
291 2275 326 2299 ad
338 2276 516 2300 Othonem.—
528 2281 553 2300 ⁴.
569 2275 625 2299 Vid.
636 2281 661 2300 c.
679 2281 703 2300 5.
718 2288 747 2293 —
762 2281 787 2300 ⁵.
804 2276 970 2307 l‘raetoriani,
992 2283 1052 2307 quae
1075 2278 1136 2302 erat
1153 2277 1249 2302 militia
1273 2279 1393 2303 omnium

78 2310 270 2334 honestissima
284 2312 311 2335 et
321 2311 390 2335 lucri
398 2311 514 2341 plurimi.

107 2346 202 2370 XXVI.
219 2347 239 2369 i.
257 2346 346 2370 Galbae
359 2346 497 2370 fidos.-2.
518 2346 586 2371 Idus
597 2346 658 2371 dies
674 2346 811 2371 vocantur
829 2346 957 2371 octoiuae
972 2349 1036 2377 posi
1046 2347 1152 2372 Nonas.
1166 2349 1223 2372 Hoc
1242 2348 1304 2373 luco
1318 2349 1340 2373 si
1351 2355 1394 2373 ca-

78 2380 135 2410 pias
161 2380 194 2404 de
217 2381 260 2405 die
275 2381 338 2405 idus
363 2383 503 2411 sequente,
519 2387 546 2406 ¹4
565 2381 754 2411 Janv.,plane
776 2381 917 2406 insolitum
939 2383 1052 2407 *dicendi
1070 2389 1155 2412 genus
1177 2385 1315 2408 statueris
1343 2385 1393 2408 Pro

79 2416 277 2441 consuetudine
291 2417 478 2446 explicandum
494 2418 610 2446 postero
624 2418 727 2442 iduum
749 2418 826 2447 (quas
839 2417 903 2447 dixi}
920 2424 926 2441 :
940 2419 1077 2442 nimirum
1091 2419 1186 2447 terrio,
1202 2420 1227 2444 le
1248 2426 1275 2444 ii
1299 2420 1383 2443 Iam).

77 2452 138 2482 post
151 2457 211 2476 eum
223 2457 302 2481 quern
315 2452 382 2476 dixit
405 2452 481 2476 initio
496 2457 554 2483 cap.
583 2457 609 2476 ¹8
623 2459 629 2478 ε
647 2452 793 2485 Quartum
810 2452 877 2477 idus
890 2453 1096 2479 Joemearias.—
1111 2460 1135 2479 τ».
1146 2455 1194 2485 Qui
1207 2457 1264 2480 tum
1279 2455 1307 2480 in
1322 2453 1393 2479 Urbe
