1539 2668
128 217 189 246 282
495 212 630 241 TACITI
654 212 931 241 HISTORIARUM
954 213 1025 242 LIB.
1052 215 1076 243 Ι.

125 289 152 321 si
172 288 204 320 in
220 287 305 318 circo
327 294 366 318 ac
380 286 507 318 theatro
525 286 688 318 ludicrum
706 285 837 327 aliquod
861 288 1062 327 postularent
1078 297 1085 319 :
1101 296 1204 328 neque
1217 286 1282 319 illis
1290 286 1453 328 judicium‘

127 338 183 368 aut
199 335 319 366 veritas
335 333 359 351 ¹·
374 333 493 375 quippe
509 334 622 366 eodem
642 333 694 365 die
710 333 838 365 diversa
850 335 917 375 pari
933 335 1109 367 certamine
1124 334 1136 353 ²
1155 335 1379 376 postulaturis,
1396 331 1455 367 sed

126 383 247 417 tradito
262 390 352 413 more
366 390 594 423 quemcunque
607 381 787 423 Principem
801 381 952 414 adulandi
977 382 1106 415 licentia
1122 383 1401 415 acclamationum
1420 381 1454 415 et

125 430 242 465 studiis
257 429 421 461 inanibus.
441 430 571 461 interim
594 428 726 462 Galbam
751 428 826 461 duae
851 432 1021 462 sententiae
1043 431 1254 463 distinebant.
1277 433 1314 463 Τ.
1338 426 1455 461 Vinius

118 495 137 510 a
160 477 358 511 manendum
382 477 469 508 intra
483 477 639 518 domum,
666 476 859 518 opponenda
882 478 1031 518 servitia,
1049 478 1224 511 firmandos
1240 478 1365 517 aditus,
1387 481 1456 507 non

118 542 134 556 c<
159 525 303 559 eundum
316 524 356 556 ad
375 524 473 556 iratos
489 538 503 551 »
519 524 704 556 censebat«
717 524 808 556 daret
824 525 983 558 malorum
1000 527 1219 567 poenitentiae,
1243 525 1336 558 daret
1351 523 1456 556 bono·

119 590 137 604 a
161 583 234 606 rum
254 571 427 604 consensui
445 572 598 612 spatium.
615 572 735 604 scelera
752 572 876 613 impetu
891 597 900 612 ,
918 573 1004 605 bona
1023 574 1156 605 consilia
1171 575 1262 605 mora
1283 572 1453 605 valescere.

118 638 136 653 a
162 621 302 661 denique
315 619 413 651 eundi
428 619 516 650 ultro
528 643 537 658 ‚
552 619 579 651 si
595 618 677 651 ratio
693 619 747 660 sit,
764 619 900 652 eandem
917 629 994 652 mox
1007 621 1217 661 facultatem3
1233 620 1411 661 regressuS,
1428 617 1456 650 si

116 686 133 701 a
159 668 316 711 poeniteat
328 691 337 708 ,
353 667 386 697 in
402 666 508 697 aliena
525 668 696 707 potestate.
710 679 726 695 υ

166 719 304 748 XXXIII.
333 727 348 741 ι(
363 713 621 746 Festinandum»
636 713 751 746 ceteris
768 714 951 754 videbatur,
966 727 983 743 α
999 717 1173 756 antequam
1189 715 1347 747 cresceret
1364 713 1458 745 inva-

119 781 131 793 ;‹
160 763 229 795 lida
259 762 365 794 adhuc
390 761 573 801 conjuratio
599 770 789 802 paucorum.
814 761 1051 802 trepidaturum
1074 762 1173 794 etiam
1199 762 1379 801 Othonem5
1402 759 1459 801 qui

160 811 275 844 furtim
289 809 452 850 digressus
465 833 473 848 ‚
492 809 532 840 ad
546 808 674 849 ignaros
689 809 809 849 illatus,
827 810 1034 841 cunctatione
1049 819 1136 841 nunc
1153 811 1186 842 et
1201 808 1337 849 segnitia
1354 808 1460 840 teren-

119 878 131 885 «
159 859 243 891 tium
256 860 383 898 tempus
398 856 519 887 imitari
538 856 723 897 Principem
739 856 856 888 discat.
871 866 935 888 non
953 857 1208 898 exspectandum
1220 858 1261 889 ,ut
1274 853 1460 896 compositis

127 918 143 935 «
162 907 274 938 castris
299 904 405 936 forum
432 903 566 934 invadat
590 907 620 935 et
643 904 871 944 prospectante
899 904 996 936 Galba
1024 905 1216 946 Capitolium
1243 903 1357 943 adeat,
1381 902 1460 934 dum

129 967 146 984 a
164 953 311 994 egregius
330 953 510 991 Imperator
523 960 597 981 curn
618 951 756 982 sortibus
781 951 891 982 amicis
906 952 1005 992 janua
1032 961 1068 983 ac
1089 953 1199 983 limine
1215 955 1308 983 tenus
1324 950 1459 981 domum

129 1015 146 1032 a
163 999 273 1033 cludit.
292 997 495 1030 obsidionem
513 998 671 1029 nimirum
695 997 892 1030 toleraturos
911 1008 917 1028 :
939 1001 971 1030 et
988 1000 1179 1039 praeclarum
1206 997 1355 1029 inservis
1370 995 1462 1027 auxi-'

128 1061 144 1077 «
161 1047 241 1080 lium
255 1069 264 1086 ‚
280 1045 307 1077 si
322 1053 499 1076 consensus
522 1046 621 1076 tantae
636 1044 853 1076 multitudinis
870 1046 902 1076 et
914 1069 923 1084 ‚
944 1055 1016 1086 quae
1040 1047 1215 1086 plui-imum
1237 1045 1339 1084 valet,
1356 1043 1461 1085 prima

129 1108 146 1125 «
162 1092 343 1134 indignatio
361 1091 578 1132 elanguescat.
599 1092 733 1132 proinde
757 1092 866 1123 intuta
885 1101 959 1132 quae
977 1093 1150 1124 indecora:
1165 1093 1216 1124 vel
1233 1093 1261 1123 si
1277 1091 1392 1123 cadere
1407 1099 1462 1123 ne·

129 1155 145 1172 «
162 1150 250 1174 cesse
275 1140 338 1180 sit,
369 1139 606 1170 occurrendum
624 1138 804 1170 discrimini
823 1148 829 1169 :
849 1139 881 1169 id
902 1140 1021 1170 Othoni
1039 1139 1236 1171 invidiosius
1250 1141 1282 1170 et
1307 1138 1388 1179 ipsis
1405 1138 1459 1169 ho·

128 1203 143 1220 «
160 1191 297 1221 nestum.
315 1200 329 1215 »
362 1188 594 1226 repugnantem
621 1186 696 1217 liuic
718 1186 885 1218 sententiae
903 1187 1036 1218 Vinium
1053 1192 1133 1219 Laco
1149 1187 1316 1218 minaciter
1329 1184 1460 1225 invasit,

126 1236 315 1270 stimulante
334 1234 415 1265 Icelo
432 1234 546 1273 privati
563 1233 626 1264 odii
640 1233 818 1274 pertinacia
831 1233 863 1264 in
878 1233 1045 1287 publicum
1062 1235 1209 1266 exitium.

174 1285 310 1316 XXXIV
344 1285 409 1313 Nec
427 1280 509 1312 diuti
515 1290 550 1312 us
569 1280 664 1312 Galba
680 1283 851 1312 cunctatus
871 1282 1003 1322 speciosi
1008 1291 1063 1313 ora
1079 1280 1291 1314 suadentibus
1314 1278 1450 1312 accessit

127 1331 316 1375 praemissus
336 1330 443 1360 tamen
460 1328 492 1359 in
506 1330 609 1359 castra
625 1328 696 1359 Piso
715 1328 773 1359 ut
762 1338 821 1368 Juv
825 1329 894 1360 enis
909 1338 1024 1369 magno
1041 1331 1188 1369 nomine,
1204 1327 1322 1360 recenti
1339 1327 1460 1366 favore,

126 1381 159 1413 et
172 1378 317 1410 infensus
330 1380 365 1407 T.
381 1376 497 1415 Vinio,
513 1385 569 1407 scu
583 1376 659 1417 quia
676 1377 839 1416 e1·at‚seu
858 1377 932 1417 quia
949 1378 1021 1408 irati
1041 1378 1086 1408 ita
1113 1377 1281 1415 volebant3
1292 1378 1325 1407 et
1337 1373 1462 1407 facilius

128 1427 168 1459 de
184 1426 256 1457 odio
274 1423 586 1455 creditui.iixdi1111
602 1432 730 1463 egresso
746 1423 860 1455 Pisone
880 1426 1026 1456 occisum
1040 1427 1075 1457 in
1089 1426 1212 1457 castris
1232 1423 1396 1456 Othonem
1407 1430 1462 1453 va—

128 1483 187 1516 gus
207 1473 347 1514 primum
363 1472 394 1502 et
410 1471 549 1501 incertus
566 1480 694 1501 rumor:
712 1479 800 1511 mox,
820 1474 855 1502 ut
871 1471 903 1502 in
919 1472 1041 1512 magnis
1055 1472 1243 1510 mendaciis,
1261 1469 1463 1510 interfuisse

127 1530 162 1555 se
175 1519 305 1561 quidam
320 1521 352 1550 et
371 1517 494 1549 vidisse
511 1518 716 1549 affirmabant
728 1542 736 1557 ‚
768 1518 901 1550 credula
919 1520 1005 1550 fama
1024 1520 1108 1551 inter
1129 1519 1306 1560 gaudentes
1321 1520 1353 1550 et
1373 1517 1451 1549 ineu

128 1569 244 1601 riosos.
262 1566 355 1598 multi
374 1565 615 1596 arbitrabantur
629 1565 847 1606 compositum
874 1570 1070 1607 auctumque
1092 1576 1253 1599 rumorem
1272 1565 1382 1598 mixtis
1395 1563 1462 1605 J‘am

129 1613 339 1652 Othonianis,
358 1613 413 1653 qui
431 1612 469 1643 ad
487 1613 688 1644 evocandum
705 1613 838 1644 Galbam
856 1613 930 1644 laeta
945 1615 1022 1645 salso
1041 1615 1253 1654 vulgaverint.

170 1664 288 1694 XXXV.
312 1664 394 1691 Tum
410 1669 487 1691 vero
501 1669 567 1690 non
582 1660 723 1700 populus
738 1662 864 1691 tantum
879 1663 911 1691 et
937 1660 1088 1701 imperita
1105 1661 1196 1702 plebs
1221 1661 1253 1692 in
1274 1660 1404 1701 plausus
1431 1662 1463 1692 et

128 1708 304 1743 immodica
318 1706 444 1745 studia,
459 1706 514 1737 sed
530 1707 682 1746 Equitum
709 1706 856 1747 plerique
880 1716 918 1738 ac
939 1711 1143 1747 senatorum,
1169 1708 1274 1748 posito
1297 1708 1386 1738 metu
1414 1706 1461 1738 in-

130 1756 237 1795 cauti,
260 1754 387 1786 refracti
405 1753 517 1794 palatii
533 1753 658 1784 foribus
683 1762 775 1785 ruere
799 1754 887 1786 intus
909 1755 914 1772 ¹
941 1764 979 1786 ac
996 1765 1030 1786 sc
1045 1756 1155 1787 Galbae
1170 1758 1332 1786 ostentare
1344 1778 1352 1794 ‚
1365 1762 1462 1794 prae-

129 1805 268 1844 ’eptam
288 1801 352 1833 sibi
369 1801 538 1832 ultionem
553 1801 736 1841 querentes.
755 1800 986 1840 ignavissimus
999 1803 1136 1842 quisque
1151 1806 1194 1841 ct,
1215 1805 1251 1834 ut
1268 1810 1317 1833 res
1336 1799 1462 1842 docum

130 1853 163 1884 in
180 1849 324 1892 periculo
339 1857 404 1879 non
421 1857 571 1885 ausurus,
603 1847 694 1878 nimii
720 1847 844 1887 verbis,
875 1848 993 1889 linguae
1024 1850 1166 1889 feroces,
1195 1858 1289 1880 nemo
1317 1848 1415 1890 scire,
1430 1850 1461 1880 et

107 1890 247 1941 Ξοιιιηρ5
276 1895 458 1933 affirmare,
486 1894 589 1925 donec
617 1894 725 1935 inopia
750 1894 839 1933 veri,
871 1898 903 1926 et
932 1905 1094 1928 consensu
1125 1897 1301 1928 errantium
1332 1895 1460 1936 victus,

104 1942 264 1984 sumpto
297 1943 427 1973 thorace
451 1942 562 1980 Galba,
586 1942 721 1974 irruenti
738 1942 845 1974 turbae
882 1952 985 1984 neque
1002 1946 1096 1975 εοῑηῐθ
1126 1954 1229 1985 neque
1254 1951 1400 1985 corpore
1418 1941 1463 1974 si<

102 1978 111 2013 ‘³
130 1990 249 2030 stcns²‚
262 1990 340 2021 sella
353 1990 527 2021 levaretur.
545 1989 684 2021 obvius
678 1999 708 2020 m
726 1990 846 2030 palatio
864 1991 966 2022 Julius
980 1992 1103 2023 Atticus
1117 1992 1330 2032 ,s1›«·1ilator,
1349 1998 1466 2022 cinerid

98 2029 201 2086 {tum
217 2037 360 2079 gladium
377 2039 561 2076 ostentans,
588 2039 736 2069 occisum
761 2046 784 2069 α
806 2047 841 2070 se
866 2039 1030 2071 Othonem
1055 2040 1267 2079 ex‹·lunaxit;
1287 2041 1318 2070 <t
1341 2037 1458 2076 Galba,

104 2098 106 2100 ’
98 2079 339 2124 commilito,
367 2084 490 2124 inquit,
511 2084 719 2126 quisjussit.
715 2087 729 2108 ὓ
743 2085 861 2125 insigni
878 2085 986 2117 animo
1002 2086 1042 2117 ad
1060 2086 1267 2118 coercendam
1285 2084 1405 2115 militm
1405 2092 1458 2114 em

130 2133 314 2172 licentiam,
345 2132 547 2163 minantibus
564 2132 768 2184 intrepidus,
781 2133 937 2164 adversus
961 2133 1159 2165 blandientes
1178 2133 1394 2172 incorruptus.

99 2179 108 2221 ‘g
173 2182 309 2213 XXXVI.
333 2179 423 2210 Haud
447 2179 581 2211 dubiae
569 2188 636 2218 jam
661 2180 693 2210 in
707 2179 823 2211 castris
838 2180 983 2212 omnium
1000 2184 1145 2220 mentes3
1164 2183 1339 2220 tantusque
1350 2178 1457 2218 ardor,

96 2222 105 2232 ⁴
132 2228 170 2259 ut
197 2236 262 2259 non
291 2226 433 2258 contenti
464 2226 590 2266 agmine
615 2227 648 2258 et
676 2227 863 2267 corporibus
879 2227 904 2267 ¹,
944 2227 977 2258 in
1007 2230 1155 2267 suggestu
1167 2253 1175 2267 ‚
1206 2227 1238 2258 in
1255 2236 1319 2267 quo
1351 2224 1464 2267 paullus

132 2276 208 2307 aute
226 2283 322 2306 aurea
336 2274 444 2306 Galbae
464 2277 571 2305 statua
587 2274 690 2306 suerat
706 2273 733 2314 ²,
752 2274 896 2306 medium
924 2275 1007 2306 inter
1033 2275 1123 2315 signa
1152 2275 1312 2307 Othonem
1333 2271 1457 2305 vexillis

162 2336 276 2362 xxxn.
296 2341 315 2360 ι.
327 2337 369 2361 Sc.
383 2337 473 2364 animi,
488 2336 672 2362 affectus-2.
688 2337 795 2361 Studio.

163 2372 270 2398 XXXV.
287 2377 308 2400 ι,
321 2373 404 2397 Intro.
426 2373 520 2397 Ruere
530 2373 585 2402 jam
604 2373 730 2402 superius
741 2373 924 2402 supplendum
935 2373 969 2397 ad
983 2374 1066 2398 verba
1091 2375 1122 2398 in
1140 2375 1263 2404 plausus
1274 2375 1302 2398 et
1313 2371 1459 2398 studia.-

132 2413 155 2434 2.
171 2408 329 2433 consisoere
341 2408 434 2431 valens
447 2415 453 2436 ;
476 2409 520 2432 cui
535 2408 642 2431 dativus
656 2408 753 2432 curbae
763 2408 906 2432 resistendi
922 2410 1060 2433 notionem
1075 2410 1160 2434 addit.

162 2443 284 2468 XXXVI.
310 2449 331 2467 ι.
350 2444 464 2473 Agmine
482 2443 555 2467 tacto
581 2444 636 2466 suis
658 2445 820 2473 corporibus
842 2444 975 2468 Othonem
1002 2445 1182 2473 circumdare,
1204 2444 1278 2475 quod
1294 2443 1407 2468 verbam
1419 2446 1462 2466 ex*

132 2478 308 2509 sequentihus
326 2478 380 2503 huc
399 2479 662 2502 tetralienduui.—2.
679 2479 711 2503 Ut
733 2480 849 2504 Neronis
862 2484 960 2508 supra,
981 2482 1054 2504 Ann.
1073 2482 1126 2505 XV.
1138 2485 1168 2504 29
1180 2493 1208 2497 —
1221 2486 1242 2504 a.
1260 2479 1376 2504 Armatis
1392 2478 1455 2503 bra·
