1539 2668
475 139 511 167 A.
535 139 573 167 U.
598 138 632 166 C.
651 137 722 166 774.
746 138 782 166 A.
807 138 840 167 C.
867 137 918 166 21.
1316 138 1357 169 77

41 216 188 245 senatum
208 237 218 253 ,
245 213 338 255 quod
364 213 428 244 sibi
455 214 547 244 inter
576 212 774 252 spectacula
803 211 1040 252 yladz'atorum
1060 212 1130 243 loco
1152 221 1218 244 non
1244 212 1357 244 deces-

40 262 150 292 sisset.
167 269 224 300 pro
240 260 419 292 Corbulone
435 262 512 291 aetas
524 284 532 298 ,
549 259 671 299 patrius
691 267 760 289 mos
772 283 780 299 ,
805 259 911 290 studia
927 258 1091 289 seniorum
1116 262 1204 290 erant
1221 269 1228 289 :
1245 261 1357 290 contra

41 309 222 339 Mamercus
238 310 373 338 Scaurus
389 309 420 338 et
436 310 469 337 L.
493 305 663 337 Arruntius
689 305 807 345 aliique
829 306 922 337 Sullae
935 305 1105 346 propinqui
1131 305 1314 337 nitebantur
1330 305 1354 334 ³.

41 354 208 387 certabant
224 353 437 392 orationibus,
456 355 488 384 et
503 352 766 384 memorabantur
782 353 939 393 exempla
960 352 1132 392 majorum
1144 377 1152 391 ,
1170 354 1227 392 qui
1237 352 1360 391 juven-

42 399 131 431 tutis
148 403 409 433 <irreverentiam
430 400 590 440 gyravibus
606 398 752 431 decretis
768 401 976 431 notavissent
991 399 1017 439 ⁶,
1032 399 1134 430 donec
1153 403 1273 430 Drusus
1287 401 1360 438 apta

41 446 258 488 temperandis
275 447 390 478 animis
407 447 575 485 disseruit;
592 448 626 478 et
646 446 847 477 satisfactum
870 446 1041 478 Corbuloni
1064 455 1121 487 per
1141 450 1337 477 Mamercum
1350 469 1358 485 ‚

41 494 98 533 qui
116 496 248 534 patruus
261 494 357 525 simul
376 503 412 525 ac
428 494 563 525 vitricus
580 494 676 526 Sullae
693 495 724 525 et
740 496 904 525 oratorum
919 503 957 525 ea
968 495 1063 525 aetate
1079 493 1259 524 uberrimus
1279 494 1357 523 erat.

41 539 130 571 Idem
160 540 318 580 Corbulo,
345 541 504 581 plurima
523 549 585 580 per
611 540 760 572 Italiam
780 542 907 571 itinera
928 540 1063 580 frande
1084 541 1284 580 mancipum
1297 539 1307 555 ³*
1328 539 1362 569 et

40 586 177 619 incuria
193 590 462 628 mayistratuum
482 590 683 628 interrupta
705 589 738 618 et
762 589 929 627 impervia
955 587 1169 627 clamitando,
1186 585 1361 618 exsecutio-

41 641 115 665 nem
132 634 201 674 ejus
214 635 334 675 negotii
350 635 452 666 libens
469 635 630 675 suscepit:
643 633 726 674 quod
740 634 825 665 baud
840 634 971 675 perinde
988 634 1113 674 publice
1126 634 1199 665 usui
1213 632 1358 664 habitum

40 687 137 717 quam
157 682 330 713 exitiosum
348 682 476 721 multis,
501 690 638 722 quorum
665 681 697 712 in
714 682 883 721 pecuniam
899 684 996 722 atque
1014 681 1132 712 samam
1149 679 1360 712 damnationi-

40 726 102 758 bus
119 730 151 760 et
172 728 264 760 hasta
278 729 290 747 ⁶
308 729 472 760 saeviebat.

83 779 204 807 XXXII.
229 780 340 816 Neque
356 776 459 807 multo
476 777 567 816 post,
582 775 688 806 missis
705 775 745 806 ad
761 778 909 806 senatum
923 775 1057 812 litteris,
1074 774 1221 806 Tiberius
1232 774 1361 804 motam

42 829 186 854 rursum
206 823 359 862 Africam
372 825 513 854 ‘incursic
536 824 769 862 Tacfarinatis
784 822 912 861 docuit,
922 822 1120 862 judicioque
1134 823 1282 852 patrum
1308 819 1363 850 sle-

42 868 216 907 lz‘qendum
237 878 303 910 pro
320 869 455 901 consule
477 878 625 910 qnorum
649 870 805 910 militae,
825 878 963 909 corpore
977 869 1131 900 validum
1147 870 1180 899 et
1194 867 1280 899 bello
1294 865 1361 905 suf-

44 914 227 947 fecturum.
248 916 332 956 quod
353 916 479 947 initium
501 920 572 948 Sex.
591 917 760 956 Pompeius
773 916 915 955 agitandi
934 916 1090 947 adversus
1112 915 1164 946 Μ’.
1185 912 1362 954 ¹Lepidum

40 961 106 992 odii
122 964 255 1001 nactus,
270 966 308 994 nt
321 963 489 994 socordem
503 987 511 1002 ,
527 966 656 1004 inopem
669 966 701 995 et
717 964 906 1003 majoribus
922 965 994 994 suis
1007 962 1211 994 dedecorum
1225 985 1234 1000 ,
1260 967 1363 1000 eoque

41 1009 146 1040 etiam
155 1012 241 1042 Asiae
253 1012 344 1042 sorte
358 1009 370 1027 ²
402 1010 662 1050 depellendum,
681 1011 857 1048 incusavit,
880 1009 1016 1041 adverso
1033 1011 1163 1047 senatu,
1192 1007 1248 1048 qui
1268 1008 1362 1038 Leni-

41 1053 126 1087 dum
144 1059 260 1089 mitem
283 1060 388 1097 maqis
414 1067 519 1098 quam
542 1060 722 1098 tyrrannum
743 1060 911 1098 paternas
927 1058 938 1075 ³
957 1060 987 1088 et
1002 1058 1179 1096 anqustias
1196 1057 1227 1086 et
1245 1054 1365 1086 nobili·

42 1103 150 1134 tatem
164 1106 236 1136 sine
243 1105 373 1145 probro
389 1107 503 1136 actam
519 1104 638 1136 honori
649 1104 658 1122 ⁴
676 1113 781 1144 quam
799 1106 993 1143 iynominioe
1006 1102 1200 1136 habendam
1213 1100 1362 1133 ducebat.

42 1149 139 1188 igitur
160 1151 280 1182 missus
296 1152 329 1182 in
342 1151 461 1182 Asiam.
475 1153 517 1192 ⁸et
538 1151 578 1183 de
603 1151 725 1191 Africa
749 1151 930 1191 decretum,
954 1153 993 1182 uc
1021 1153 1137 1182 (κω-αν
1156 1149 1282 1189 leqeret
1308 1149 1364 1179 cui

42 1196 244 1228 mandanda
259 1198 366 1237 soret.

85 1247 220 1274 XXXIII.
247 1246 333 1275 Inter
346 1253 418 1284 quae
430 1248 565 1275 Severus
580 1244 704 1275 Caecina
720 1244 855 1282 censuit,
870 1253 912 1275 ηε
926 1253 1025 1284 quem
1036 1244 1291 1283 maqistrcztum,
1309 1242 1364 1272 cui

40 1293 219 1329 provincia
230 1291 431 1330 obuenisset,
451 1300 540 1322 uxor
552 1292 790 1329 comitaretur,
807 1291 945 1321 multum
962 1293 1036 1321 ante
1054 1289 1188 1329 repetito
1206 1302 1220 1315 «
1236 1296 1365 1319 concor-

47 1349 63 1364 «
83 1337 155 1368 dem
181 1337 242 1368 sibi
268 1337 436 1376 conjugem
462 1340 493 1369 et
517 1347 572 1368 sex
600 1340 711 1377 partus
735 1338 883 1376 enixam,
909 1346 1026 1377 seque,
1053 1336 1175 1376 quaein
1199 1335 1365 1375 publicum

48 1396 63 1410 α
80 1385 253 1423 statueret,
280 1384 368 1415 domi
386 1385 581 1422 servavisse,
605 1384 746 1415 cohibita
768 1385 774 1400 ¹
796 1384 881 1414 intra
904 1384 1028 1415 Italiam
1044 1407 1054 1422 ‚
1081 1390 1278 1422 quamquam
1295 1383 1366 1421 ipse

47 1442 62 1456 α
80 1430 187 1469 plures
209 1439 265 1471 per
295 1431 475 1470 provincias
504 1430 715 1470 quadraginta
746 1431 904 1470 stipendia
930 1430 1133 1470 explevisset.
1167 1427 1252 1459 haud
1279 1429 1364 1460 enim

49 1491 63 1505 «ι
83 1478 201 1509 frustra
220 1478 372 1518 placitum
391 1478 468 1508 olim
481 1502 490 1517 ,
508 1487 548 1509 ne
566 1478 694 1508 feminae
719 1478 750 1508 in
774 1478 879 1508 socios
897 1480 953 1508 aut
969 1479 1080 1517 gentes
1097 1480 1248 1508 externas
1264 1476 1366 1506 trabe·

47 1537 63 1552 «
82 1527 192 1556 rentur
210 1535 216 1555 :
236 1525 338 1556 inesse
355 1525 526 1556 mulierum
545 1524 714 1555 comitatui
731 1533 805 1564 quae
823 1533 933 1564 pacem
946 1524 1024 1555 luxu
1039 1548 1047 1563 ,
1062 1523 1180 1555 bellum
1196 1522 1369 1553 formidine·

45 1584 63 1600 α
81 1574 259 1611 morentur,
277 1575 308 1603 et
324 1576 504 1603 Romanum
521 1580 634 1611 agmen
650 1571 690 1602 ad
707 1571 952 1603 similitudinem
969 1570 1095 1601 barbari
1107 1570 1118 1587 ²
1135 1570 1278 1602 incessus
1292 1578 1366 1600 con-

47 1629 64 1645 «
81 1620 217 1650 vertant.
245 1628 310 1650 non
332 1619 529 1650 imbecillum
551 1620 674 1649 tantum
692 1621 724 1649 et
743 1618 897 1658 imparem
916 1618 1077 1649 laboribus
1094 1626 1224 1656 sexum,
1242 1615 1299 1647 sed
1311 1641 1320 1656 ‚
1339 1617 1365 1647 si

48 1676 65 1691 α
83 1664 211 1696 licentia
226 1666 323 1704 assit,
340 1674 461 1697 saevum
473 1690 482 1704 ,
501 1665 708 1696 ambitiosum
720 1690 728 1704 ,
748 1665 916 1705 potestatis
933 1665 1083 1704 avidum;
1110 1663 1258 1695 incedere
1285 1664 1368 1695 inter

48 1723 64 1738 α
81 1711 216 1751 milites,
247 1712 363 1743 habere
379 1712 418 1743 ad
441 1721 574 1742 manum
592 1712 814 1750 centuriones3
845 1711 1032 1752 praesedisse
1052 1720 1154 1751 nuper
1182 1710 1333 1742 seminam
1353 1710 1365 1728 ³

48 1770 65 1785 ι(
84 1759 237 1790 exercitio
253 1759 433 1790 cohortium
447 1784 455 1799 ‚
484 1759 624 1790 decursu
642 1759 810 1798 legionum.
828 1759 1005 1798 cogitarent
1026 1758 1109 1799 ipsi,
1129 1757 1256 1798 quoties
1278 1761 1367 1797 repe·

49 1817 66 1832 «
83 1805 258 1836 tundarum
274 1806 372 1846 aliqui
390 1809 612 1846 arguerentur,
630 1806 723 1846 plura
736 1806 892 1837 uxoribus
907 1806 1058 1845 objectari
1073 1816 1082 1844 ;
1108 1805 1158 1836 bis
1182 1805 1289 1836 statim
1315 1803 1367 1834 ad-

50 1865 65 1879 «
83 1852 258 1883 haerescere
274 1853 482 1883 deterrimum
507 1861 669 1892 quemque
683 1852 947 1892 provincialium3
977 1852 1016 1883 ab
1029 1853 1078 1883 bis
1093 1852 1220 1891 negotia
1231 1850 1367 1890 suscipi,

51 1911 67 1925 α
85 1898 237 1937 transigi3
255 1897 391 1929 duorum
405 1908 549 1938 egressus
565 1899 648 1937 coli,
672 1899 737 1929 duo
752 1907 823 1930 esse
842 1899 991 1938 praetoria
1003 1923 1011 1938 ‚
1029 1899 1250 1939 pervicacibus
1267 1897 1369 1936 magis

50 1957 66 1971 α
83 1947 115 1976 et
135 1944 368 1985 impotentibus
382 1945 392 1963 ⁴
414 1945 584 1977 mulierum
599 1945 717 1985 jussis,
732 1954 805 1985 quae
830 1946 942 1986 Oppiis
956 1946 966 1964 ⁵
985 1945 1148 1985 quondam
1169 1945 1305 1985 aliisque
1328 1945 1371 1975 le-

49 2078 77 2082 —
90 2071 112 2089 s.
127 2065 298 2095 ,iungendum
312 2065 604 2090 contra-nitebantur.
618 2078 647 2082 —
661 2070 682 2089 ⁴.
699 2065 769 2088 Rien
786 2071 820 2088 ne
836 2066 1065 2095 maintientplus
1089 2065 1127 2089 les
1146 2070 1250 2089 moeurs
1263 2065 1373 2094 qu'une

50 2100 174 2125 extreme
188 2101 410 2125 subordination
424 2101 471 2125 des
479 2101 579 2131 jezmes
589 2107 654 2130 ‚aens
666 2106 763 2124 envers
778 2101 817 2124 les
828 2101 986 2124 vieillards.
999 2102 1235 2132 MONTESQUIEU.
1250 2113 1278 2118 -
1289 2106 1310 2124 5.
1320 2101 1373 2125 Les

50 2138 281 2165 entrepreneurs.
294 2149 322 2152 —
338 2142 359 2160 e.
373 2136 480 2160 Publica
495 2137 659 2163 venditione,
675 2136 752 2164 cujiis
765 2136 869 2163 siguum
884 2138 942 2160 erat
956 2136 1030 2159 hasta
1045 2137 1071 2160 in
1084 2136 1144 2159 toro
1157 2137 1250 2165 posita.

81 2171 194 2195 xxxn.
215 2177 233 2195 ι.
251 2172 374 2195 Manium.
390 2177 451 2195 —2.
467 2173 534 2195 Asiae
554 2173 580 2194 et
602 2171 705 2198 Atricaei
718 2171 914 2195 administratio
932 2178 962 2194 ex
985 2178 1034 2194 usu
1057 2171 1162 2196 duobus
1181 2170 1371 2195 consularibus

52 2207 242 2230 vetustissimis
256 2207 448 2230 mandabatur:
460 2208 514 2236 ,iam
533 2204 624 2230 Africa
639 2206 682 2229 alii
693 2212 741 2235 pro
756 2206 887 2234 dignitate
898 2207 1097 2233 committenda,
1116 2207 1149 2230 ad
1167 2206 1293 2236 Lepidum
1304 2212 1370 2230 con·

53 2239 171 2264 sularem
185 2241 291 2265 redibat
302 2243 374 2266 Asia.
385 2247 447 2266 —5-
462 2244 483 2266 Α
499 2243 577 2271 patre
592 2243 676 2270 orum,
691 2247 746 2264 non
760 2242 840 2270 ipsius
854 2242 932 2271 culpa
952 2243 1117 2266 contractas-
1132 2254 1159 2259 —
1172 2247 1195 2266 4.
1213 2242 1254 2265 Sc.
1269 2242 1368 2270 potius,

52 2277 82 2299 ut
92 2281 169 2304 saepe.

86 2310 210 2334 xxxnt.
223 2316 242 2334 ι.
256 2313 370 2335 Retenta
386 2311 502 2341 (uxore).
530 2317 591 2335 —2-
610 2311 829 2340 Germani‚Galli‚
844 2313 930 2336 Persae
946 2317 1043 2335 uxores
1066 2318 1156 2336 secum
1178 2311 1316 2336 ducebant
1341 2312 1369 2334 in

55 2345 281 2374 expeditionibus.
295 2359 323 2364 —
333 2353 353 2370 5.
380 2347 548 2373 Plancinam:
575 2353 598 2368 v·
631 2348 662 2373 11.
686 2353 721 2370 5³.
732 2359 761 2364 —
775 2352 795 2370 4.
809 2347 855 2371 Sui
868 2352 922 2370 non
948 2348 1113 2377 potentibus,
1136 2347 1330 2372 immoderatis.
1341 2358 1373 2364 -—

54 2385 76 2404 υ.
91 2380 177 2411 Oppia
187 2380 229 2404 lex
245 2381 301 2405 lata
311 2388 336 2405 a.
355 2383 385 2406 U.
403 2387 454 2410 5⁴¹,
469 2382 502 2406 de
512 2388 563 2412 qua
575 2388 604 2406 re
619 2388 643 2405 v.
658 2383 840 2406 narrationem
850 2383 916 2406 Livii
931 2382 975 2406 lib.
989 2388 1018 2407 54
1030 2383 1114 2407 initio.
