1539 2668
510 159 609 189 A.''U.
632 159 667 188 C-
686 157 765 188 ¹815.
788 159 825 188 A.
847 159 884 188 C.
906 159 957 187 62.
1339 156 1399 186 223

63 236 236 269 ,Statilium
255 239 398 268 Taurum
412 234 641 274 proconsulem
661 233 763 273 ipsius
777 231 991 264 meminerant
1004 230 1031 261 ².
1049 233 1170 262 Census
1183 238 1241 270 per
1257 231 1372 263 Gallias
1386 232 1399 251 ³

67 296 94 318 a
109 290 147 325 Q.
166 284 297 315 Volusio
311 286 343 314 et
359 282 468 315 sextio
485 281 635 313 Africano
651 281 875 320 Trebellioque
897 279 1039 311 Maximo
1064 278 1128 309 acti
1152 280 1247 317 sunt,
1273 278 1401 311 aemulis

72 334 156 365 inter
169 339 274 371 seper
290 329 493 361 nobilitatem
504 329 637 360 Volusio
649 330 748 368 atque
760 328 929 359 Africano:
944 325 1151 364 Trebellium,
1168 324 1248 356 dum
1264 327 1401 366 uterque

73 379 278 419 dedignatur,
296 385 394 417 supra
406 376 420 394 ⁴*
431 376 550 407 tulere.

115 429 234 459 XLVII.
260 429 302 456 Eo
319 433 405 455 anno
419 425 556 454 mortem
579 422 661 454 obiit
682 421 854 454 Memmius
870 421 1010 461 Regulus
1026 419 1235 458 auctoritate,
1251 423 1402 451 constan-

75 475 117 506 tia
129 498 139 513 ‚
157 473 259 511 fama,
282 472 315 502 in
331 473 488 511 quantum
512 469 749 510 praeumbrante
773 469 979 509 Imperatoris
1004 467 1134 507 fastigio
1151 467 1258 505 datur,
1276 467 1400 508 clarus,

72 521 153 552 adeo
182 521 218 551 ut
246 523 329 550 Nero
355 527 438 558 aeger
466 516 669 555 valetudine,
697 519 729 548 et
752 516 960 548 adulantibus
988 515 1111 546 circum
1132 515 1188 554 qui
1204 514 1314 554 finem
1340 516 1400 546 im-

68 570 168 609 perio
180 565 296 598 adesse
312 565 474 604 dicebant,
488 573 517 595 sz
531 563 700 604 qzcz'dfato
712 566 908 605 pateretur,
934 562 1132 603 responderit
1150 562 1276 593 habere
1291 562 1402 593 subsi-

71 615 170 648 dium
182 613 452 653 rempublicam,
469 612 658 651 rogantibus
674 612 790 643 dehinc
810 613 846 642 in
873 620 938 652 qao
959 611 1199 650 potissimum,
1226 608 1400 649 addiderit,

66 663 110 694 ‘in
119 662 279 693 Memmio
292 660 427 699 Reqalo,
442 660 527 690 vixit
539 661 646 690 tamen
660 662 732 700 post
747 659 816 690 baec
834 659 986 698 Regulus,
999 657 1106 697 quiete
1116 657 1269 688 defensus
1282 659 1313 688 et
1325 657 1402 697 quia

70 716 155 740 nova
174 709 300 747 generis
325 707 517 738 claritudine
545 715 650 746 neque
678 706 847 737 invidiosis
870 706 987 745 opibus
1017 707 1096 735 erat.
1126 703 1337 743 Gymnasium
1360 714 1399 736 eo

71 763 156 787 anno
174 754 359 786 dedicatum
377 754 383 770 ¹
405 763 424 784 a
438 758 565 785 Nerone
582 753 820 793 praebitumque
837 753 945 784 oleum
970 751 1078 792 Equiti
1099 753 1132 783 et
1147 750 1271 782 senatui
1291 755 1401 783 Graeca

64 802 227 835 {facilitate
242 800 268 832 ².

114 852 250 881 XLVIII.
275 851 308 879 P.
326 846 438 884 Mario,
456 850 488 877 L.
508 846 616 877 Asinio
629 848 734 878 Coss.¹
753 845 910 877 Antistius
925 848 1055 884 praetor,
1073 852 1170 884 quem
1183 844 1215 874 in
1231 843 1400 875 tribunatu

61 895 176 936 ⁴plebis
189 895 322 925 licenter
337 894 440 933 egisse
454 894 629 924 memoravi
644 893 670 932 ²,
689 893 844 933 probrosa
869 892 1022 922 adversus
1047 891 1229 931 Principem
1258 892 1402 922 carmina

70 941 230 974 factitavit
255 941 462 980 vulgavitque
490 940 607 971 celebri
634 940 786 971 coux‘ivio
797 964 805 979 ‚
828 940 905 970 duni
933 938 1018 978 apud
1037 938 1203 969 Ostorium
1229 939 1400 977 Scapulam

71 989 232 1030 epulatur.
252 988 325 1019 exin
339 996 356 1018 a
370 987 559 1019 Cossutiano
576 987 749 1027 Capitone,
764 987 820 1027 qui
836 995 938 1026 nuper
958 985 1156 1016 senatorium
1171 984 1318 1015 ordinem
1335 994 1401 1024 pre-

71 1036 163 1067 cibus
178 1035 325 1074 Tigellini
345 1035 449 1066 soceri
462 1034 511 1065 sui
530 1037 692 1074 receperat
707 1034 734 1073 ³,
748 1033 928 1072 majestatis
943 1034 1067 1065 delatus
1078 1036 1137 1063 est.
1167 1035 1237 1063 tum
1259 1033 1400 1072 primum

71 1085 222 1116 revocata
235 1091 272 1113 ea
291 1083 361 1120 lex;
383 1082 640 1121 credebaturque
665 1082 749 1113 baud
770 1081 901 1122 perinde
915 1081 1053 1112 exitium
1072 1080 1210 1111 Antistio
1225 1089 1321 1119 quani
1343 1084 1401 1111 Im-

72 1130 211 1171 peratori
227 1129 360 1168 gloriani
374 1130 487 1168 quaeri,
505 1132 538 1159 ut
554 1130 787 1160 condemnatus
801 1138 819 1159 a
835 1131 946 1159 senatu
963 1128 1192 1159 intercessione
1206 1126 1397 1158 ti'ibunicia‘

72 1176 172 1208 morti
189 1176 394 1206 exixiieretur.
409 1179 440 1206 et
454 1185 553 1215 quum
572 1176 719 1207 Ostorius
738 1175 826 1206 nillil
843 1175 1014 1207 audivisse
1029 1184 1086 1214 pro
1101 1174 1287 1205 testimonio
1302 1174 1399 1205 dixis-

72 1226 133 1264 set,
148 1222 293 1254 adversis
310 1222 445 1253 testibus
463 1223 639 1261 creditum3
657 1222 848 1262 censuitque
871 1221 987 1252 Junius
1015 1221 1168 1252 Marullus
1181 1245 1189 1259 ,
1210 1222 1322 1252 consul
1348 1221 1401 1253 de-

71 1271 237 1310 signatus,
254 1269 477 1300 adimendam
495 1278 550 1300 reo
570 1272 769 1309 praeiuram
796 1268 1053 1309 necandumque,
1069 1276 1162 1299 mora
1181 1268 1357 1306 majorum
1373 1269 1400 1293 ⁵-

72 1317 187 1348 ceteris
204 1316 279 1347 inde
293 1317 561 1355 assentientibus,
578 1317 684 1347 Paetus
700 1316 839 1347 Thrasea
856 1316 961 1347 multo
976 1324 1050 1346 cum
1071 1316 1192 1346 bonore
1215 1316 1352 1347 Caesaris
1367 1317 1400 1349 et

73 1364 228 1397 acerrime
242 1363 397 1402 increpito
416 1364 553 1394 Antistio
566 1387 575 1399 ‚
604 1376 619 1389 «t
637 1372 699 1393 nou
715 1363 868 1402 quicquid
887 1371 1006 1393 nocens
1022 1372 1095 1393 reus
1112 1362 1179 1402 pati
1207 1364 1399 1403 mereretur,

74 1425 90 1440 «ι
103 1411 135 1443 id
149 1410 272 1450 egregio
282 1410 343 1440 sub
360 1410 506 1450 Principe
515 1412 547 1441 et
556 1410 641 1441 nulla
653 1410 843 1441 necessitate
856 1410 1013 1441 obstricto
1024 1410 1152 1440 sonatui
1163 1410 1373 1440 statuendum
1383 1424 1398 1438 »

72 1457 236 1489 disseruit.
259 1470 274 1483 «
289 1457 470 1487 carnificem
488 1459 519 1487 et
536 1457 686 1496 laqueum
705 1457 827 1497 pridem
848 1457 988 1494 abolita;
1007 1458 1039 1487 et
1064 1465 1133 1487 esse
1152 1465 1262 1496 prenas
1278 1456 1402 1496 legibus

75 1517 91 1532 ι(
108 1503 318 1542 constitutas,
334 1503 453 1543 quibus
468 1504 538 1534 sine
549 1503 696 1543 judicum
712 1504 837 1535 saevitia
851 1506 884 1535 et
901 1507 1084 1544 temporum
1097 1504 1230 1534 infamia
1245 1503 1402 1543 supplicia

75 1563 90 1577 α
108 1551 368 1582 decernerentur.
389 1550 467 1590 quin
496 1551 528 1580 111
557 1550 682 1589 insula,
708 1550 878 1590 publicatis
900 1551 1013 1589 bonis,
1040 1560 1104 1591 quo
1133 1550 1256 1590 longius
1272 1552 1402 1583 sontem

73 1609 91 1626 α
107 1597 208 1628 vitam
221 1598 431 1636 t1·axisset‚e0
446 1597 595 1637 privatim
608 1597 809 1629 miseriorem
823 1600 856 1630 et
871 1598 1009 1638 publicae
1022 1598 1204 1629 clementiae
1221 1597 1402 1630 maximum

75 1657 92 1673 «ι
109 1645 293 1684 exemplum
310 1645 467 1675 futurum.
486 1657 501 1671 n

114 1693 218 1723 XLIX.
243 1691 383 1722 Libertas
398 1692 548 1722 Thraseae
570 1691 740 1722 servitium
759 1691 895 1723 aliorum
909 1692 996 1732 rupit
1011 1692 1034 1731 ¹,
1049 1693 1082 1723 et
1091 1691 1268 1732 ‘postquam
1285 1691 1402 1723 disces-

73 1738 196 1770 sionem
209 1738 220 1756 ²
237 1739 348 1770 consul
367 1739 571 1779 permiserat,
584 1739 721 1779 pedibus
736 1739 767 1770 in
781 1740 976 1771 sententiam
993 1740 1062 1780 ejus
1078 1739 1155 1778 iere,
1170 1738 1280 1779 paucis
1295 1748 1401 1771 exem-

73 1784 138 1825 ptis
149 1807 158 1823 ‚
181 1785 214 1816 in
240 1785 358 1825 quibus
385 1785 568 1816 adulatione
594 1786 858 1825 promptissimus
888 1787 948 1818 fuit
977 1790 1014 1818 Α.
1034 1787 1182 1817 Vitellius
1195 1786 1222 1826 ³,
1241 1786 1402 1827 optimum

74 1840 234 1871 quemque
253 1832 357 1871 jurgio
381 1833 543 1862 lacessens
559 1834 592 1862 et
608 1832 816 1872 respondenti
831 1833 968 1864 reticens
981 1857 989 1873 ,
1016 1835 1051 1865 ut
1068 1833 1185 1872 pavida
1201 1833 1326 1872 ingenia
1348 1841 1402 1865 so-

75 1878 154 1909 lent.
164 1881 204 1909 At
216 1878 363 1908 consules
373 1878 523 1918 perficere
536 1880 667 1909 senatus
681 1878 847 1909 decretum
860 1888 925 1910 non
939 1880 1007 1910 ausi
1022 1879 1062 1910 de
1071 1888 1230 1911 consensu
1246 1881 1403 1919 scripsere

75 1924 206 1957 Caesari.
223 1924 279 1955 Ille
292 1924 376 1955 inter
392 1924 551 1964 pudorem
571 1925 605 1955 et
622 1925 703 1955 iram
719 1926 893 1956 cunctatus
918 1928 1081 1966 postremo
1103 1926 1267 1966 rescripsit
1285 1939 1301 1954 «
1315 1926 1404 1958 nulla

76 1971 226 2011 «injuria
253 1974 464 2011 provocatum
489 1971 664 2002 Antistium
692 1972 898 2011 gravissimas
922 1973 955 2003 in
978 1972 1158 2013 Principem
1187 1973 1402 2005 contumelias

77 2032 94 2046 «
111 2018 249 2057 dixisse3
266 2027 377 2049 earum
405 2018 562 2049 ultionem
584 2027 603 2049 a
624 2018 773 2050 Patribus
798 2019 1013 2059 postulatam,
1037 2021 1070 2051 et
1095 2029 1153 2060 pro
1176 2020 1402 2060 magnitudine

76 2113 128 2132 -Ξ,
144 2107 183 2131 De
192 2111 245 2136 qua
255 2112 286 2130 re
295 2108 435 2131 narratum
449 2112 540 2136 supra,
554 2107 706 2134 xasa—5.
720 2108 758 2132 De
772 2108 842 2137 quod
857 2108 891 2131 ad
902 2108 922 2137 1,
935 2114 972 2137 51,
986 2109 1042 2133 not.
1059 2113 1138 2133 9.-4.
1149 2109 1191 2132 Sc.
1204 2114 1234 2132 se
1244 2115 1251 2137 ;
1263 2108 1397 2132 extulere.

105 2142 206 2166 XLVII.
219 2147 243 2165 1.
257 2142 286 2165 111
298 2147 394 2171 campo
409 2143 515 2171 Martio,
527 2142 852 2173 junctistbermisquare
865 2144 967 2168 dictum
977 2146 1060 2168 etiam
1074 2143 1200 2168 Thermoe
1217 2144 1391 2168 Neroniana

75 2182 130 2200 -2,
144 2177 261 2206 Διηεεῑα
269 2178 417 2201 severitate
427 2178 556 2201 Romana.

107 2212 223 2236 XLVIII.
241 2219 261 2236 1.
287 2214 319 2236 Α.
342 2213 372 2237 U.
387 2218 438 2240 ais,
451 2220 476 2242 p.
491 2213 552 2237 Chr.
567 2218 659 2237 saa—2
671 2214 731 2242 ΧΠ,
745 2219 837 2238 28.-s.
852 2215 891 2239 De
912 2221 945 2239 eo
959 2215 1033 2240 conf.
1052 2215 1098 2244 XI,
1116 2220 1144 2244 σς
1158 2215 1230 2244 xm,
1244 2219 1336 2239 ,τι-ι.
1351 2215 1396 2239 Sc.

77 2246 203 2304 geronis,
220 2248 369 2272 secundum
386 2247 574 2272 tribuniciam
589 2250 756 2278 potestatem
770 2250 979 2280 mperatonum.
989 2263 1019 2268 ——
1035 2256 1055 2275 5.
1078 2251 1116 2274 De
1137 2256 1192 2280 quo
1207 2256 1232 2275 v.
1246 2251 1303 2275 not.
1324 2255 1352 2274 1ο
1366 2250 1400 2274 ad

105 2299 111 2310 ,
125 2286 162 2305 52.

107 2317 201 2341 Xer.
216 2317 282 2342 ιζἩι
290 2317 427 2342 vinculum
440 2319 541 2347 rumpi
551 2318 661 2348 dicitur,
675 2320 719 2344 vel
729 2320 877 2345 silentium.
887 2322 953 2345 Post
965 2321 1119 2351 exemplum
1133 2321 1260 2345 Thraseae
1268 2320 1401 2351 jamlibe-

77 2351 319 2408 {iiqs'rstatuerunn
333 2358 396 2377 —2.
415 2353 458 2377 sc.
474 2353 505 2377 in
520 2354 680 2379 sententias.
693 2355 772 2380 cont.
795 2356 830 2380 ad
852 2357 900 2386 111,
915 2361 998 2381 1131-
1009 2362 1033 2380 s.
1050 2357 1099 2383 lue
1118 2357 1177 2386 inse
1190 2357 1295 2386 -postea
1305 2357 1400 2386 <Impe-
