<?xml version="1.0" encoding="UTF-8"?>
<!DOCTYPE html PUBLIC "-//W3C//DTD XHTML 1.0 Transitional//EN"
    "http://www.w3.org/TR/xhtml1/DTD/xhtml1-transitional.dtd">
<html xmlns="http://www.w3.org/1999/xhtml" xml:lang="en" lang="en">
 <head>
  <title>
</title>
<meta http-equiv="Content-Type" content="text/html;charset=utf-8" />
  <meta name='ocr-system' content='tesseract 3.04.00' />
  <meta name='ocr-capabilities' content='ocr_page ocr_carea ocr_par ocr_line ocrx_word'/>
</head>
<body>
  <div class='ocr_page' id='page_1' title='image "./operaquaesupersu00taciuoft_0131.png"; bbox 0 0 1539 2668; ppageno 0'>
   <div class='ocr_carea' id='block_1_1' title="bbox 473 162 1353 198">
    <p class='ocr_par' dir='ltr' id='par_1_1' title="bbox 473 162 1353 198">
     <span class='ocr_line' id='line_1_1' title="bbox 473 162 1353 198; baseline 0.008 -7"><span class='ocrx_word' id='word_1_1' title='bbox 473 162 506 192; x_wconf 77' lang='lat' dir='ltr'><strong>A.</strong></span> <span class='ocrx_word' id='word_1_2' title='bbox 529 162 568 191; x_wconf 89' lang='lat' dir='ltr'><strong>U.</strong></span> <span class='ocrx_word' id='word_1_3' title='bbox 591 162 625 190; x_wconf 92' lang='lat' dir='ltr'><strong>C.</strong></span> <span class='ocrx_word' id='word_1_4' title='bbox 651 162 721 191; x_wconf 75' lang='lat'>776.</span> <span class='ocrx_word' id='word_1_5' title='bbox 746 163 782 191; x_wconf 82' lang='lat' dir='ltr'><strong>A.</strong></span> <span class='ocrx_word' id='word_1_6' title='bbox 806 164 840 193; x_wconf 89' lang='lat' dir='ltr'><strong>C.</strong></span> <span class='ocrx_word' id='word_1_7' title='bbox 865 164 915 193; x_wconf 85' lang='lat'><strong>23.</strong></span> <span class='ocrx_word' id='word_1_8' title='bbox 1311 167 1353 198; x_wconf 84' lang='lat'><strong>99</strong></span> 
     </span>
    </p>
   </div>
   <div class='ocr_carea' id='block_1_2' title="bbox 34 233 1363 1831">
    <p class='ocr_par' dir='ltr' id='par_1_2' title="bbox 34 233 1351 323">
     <span class='ocr_line' id='line_1_2' title="bbox 34 233 1351 281; baseline 0.006 -16"><span class='ocrx_word' id='word_1_9' title='bbox 34 233 133 266; x_wconf 73' lang='lat' dir='ltr'><strong>simae</strong></span> <span class='ocrx_word' id='word_1_10' title='bbox 147 234 243 275; x_wconf 80' lang='lat' dir='ltr'><strong>apud</strong></span> <span class='ocrx_word' id='word_1_11' title='bbox 257 236 399 276; x_wconf 59' lang='lat' dir='ltr'><strong>vulgum</strong></span> <span class='ocrx_word' id='word_1_12' title='bbox 411 234 643 267; x_wconf 69' lang='lat' dir='ltr'><strong>oblectationis</strong></span> <span class='ocrx_word' id='word_1_13' title='bbox 654 261 664 276; x_wconf 93' lang='lat'><em>‚</em></span> <span class='ocrx_word' id='word_1_14' title='bbox 683 244 719 267; x_wconf 80' lang='lat' dir='ltr'><strong>co</strong></span> <span class='ocrx_word' id='word_1_15' title='bbox 728 235 945 276; x_wconf 70' lang='lat' dir='ltr'><strong>flaqitiorum</strong></span> <span class='ocrx_word' id='word_1_16' title='bbox 961 238 994 269; x_wconf 82' lang='lat' dir='ltr'><strong>et</strong></span> <span class='ocrx_word' id='word_1_17' title='bbox 1008 238 1139 269; x_wconf 79' lang='lat' dir='ltr'><strong>virium</strong></span> <span class='ocrx_word' id='word_1_18' title='bbox 1150 241 1277 272; x_wconf 81' lang='lat' dir='ltr'><strong>venisse</strong></span> <span class='ocrx_word' id='word_1_19' title='bbox 1285 264 1295 281; x_wconf 93' lang='lat'><strong>,</strong></span> <span class='ocrx_word' id='word_1_20' title='bbox 1308 241 1351 273; x_wconf 75' lang='lat' dir='ltr'><strong>ut</strong></span> 
     </span>
     <span class='ocr_line' id='line_1_3' title="bbox 36 281 1204 323; baseline 0.004 -11"><span class='ocrx_word' id='word_1_21' title='bbox 36 282 248 314; x_wconf 83' lang='lat' dir='ltr'><strong>auctoritate</strong></span> <span class='ocrx_word' id='word_1_22' title='bbox 261 285 409 314; x_wconf 78' lang='lat' dir='ltr'><strong>Patrum</strong></span> <span class='ocrx_word' id='word_1_23' title='bbox 422 281 643 314; x_wconf 78' lang='lat' dir='ltr'><strong>coercendum</strong></span> <span class='ocrx_word' id='word_1_24' title='bbox 656 284 710 314; x_wconf 61' lang='lat' dir='ltr'><strong>stt.</strong></span> <span class='ocrx_word' id='word_1_25' title='bbox 731 284 816 323; x_wconf 85' lang='lat' dir='ltr'><strong>pulsi</strong></span> <span class='ocrx_word' id='word_1_26' title='bbox 830 286 900 316; x_wconf 87' lang='lat' dir='ltr'><strong>tum</strong></span> <span class='ocrx_word' id='word_1_27' title='bbox 909 284 1088 316; x_wconf 82' lang='lat' dir='ltr'><strong>-histriones</strong></span> <span class='ocrx_word' id='word_1_28' title='bbox 1101 285 1204 317; x_wconf 86' lang='lat' dir='ltr'><strong>ltalia.</strong></span> 
     </span>
    </p>

    <p class='ocr_par' dir='ltr' id='par_1_3' title="bbox 34 329 1356 1078">
     <span class='ocr_line' id='line_1_4' title="bbox 76 329 1351 373; baseline 0.005 -14"><span class='ocrx_word' id='word_1_29' title='bbox 76 331 142 360; x_wconf 86' lang='lat' dir='ltr'><strong>XV.</strong></span> <span class='ocrx_word' id='word_1_30' title='bbox 168 329 257 361; x_wconf 89' lang='lat' dir='ltr'>Idem</span> <span class='ocrx_word' id='word_1_31' title='bbox 276 338 376 361; x_wconf 86' lang='lat' dir='ltr'><strong>annus</strong></span> <span class='ocrx_word' id='word_1_32' title='bbox 394 329 455 360; x_wconf 85' lang='lat' dir='ltr'><strong>alio</strong></span> <span class='ocrx_word' id='word_1_33' title='bbox 471 338 598 370; x_wconf 88' lang='lat' dir='ltr'><strong>quoque</strong></span> <span class='ocrx_word' id='word_1_34' title='bbox 611 330 700 362; x_wconf 90' lang='lat' dir='ltr'><strong>luctu</strong></span> <span class='ocrx_word' id='word_1_35' title='bbox 717 334 873 364; x_wconf 74' lang='lat' dir='ltr'>Caesarem</span> <span class='ocrx_word' id='word_1_36' title='bbox 892 332 990 364; x_wconf 78' lang='lat' dir='ltr'><strong>afficit</strong></span> <span class='ocrx_word' id='word_1_37' title='bbox 1006 332 1143 364; x_wconf 89' lang='lat' dir='ltr'><strong>alterum</strong></span> <span class='ocrx_word' id='word_1_38' title='bbox 1158 342 1197 364; x_wconf 85' lang='lat' dir='ltr'><strong>ex</strong></span> <span class='ocrx_word' id='word_1_39' title='bbox 1216 334 1351 373; x_wconf 79' lang='lat' dir='ltr'><strong>geminis</strong></span> 
     </span>
     <span class='ocr_line' id='line_1_5' title="bbox 35 373 1352 416; baseline 0.007 -13"><span class='ocrx_word' id='word_1_40' title='bbox 35 373 132 406; x_wconf 86' lang='lat' dir='ltr'><strong>Drusi</strong></span> <span class='ocrx_word' id='word_1_41' title='bbox 145 375 254 408; x_wconf 86' lang='lat' dir='ltr'><strong>liberis</strong></span> <span class='ocrx_word' id='word_1_42' title='bbox 266 376 507 415; x_wconf 82' lang='lat' dir='ltr'><strong>exstinguendO,</strong></span> <span class='ocrx_word' id='word_1_43' title='bbox 524 385 628 416; x_wconf 89' lang='lat' dir='ltr'><strong>neque</strong></span> <span class='ocrx_word' id='word_1_44' title='bbox 641 377 750 408; x_wconf 88' lang='lat' dir='ltr'><strong>minus</strong></span> <span class='ocrx_word' id='word_1_45' title='bbox 766 381 870 411; x_wconf 83' lang='lat' dir='ltr'><strong>morte</strong></span> <span class='ocrx_word' id='word_1_46' title='bbox 884 379 988 410; x_wconf 87' lang='lat' dir='ltr'><strong>amici.</strong></span> <span class='ocrx_word' id='word_1_47' title='bbox 1003 379 1031 411; x_wconf 89' lang='lat' dir='ltr'><strong>is</strong></span> <span class='ocrx_word' id='word_1_48' title='bbox 1046 379 1105 411; x_wconf 86' lang='lat' dir='ltr'><strong>fuit</strong></span> <span class='ocrx_word' id='word_1_49' title='bbox 1114 379 1257 411; x_wconf 83' lang='lat' dir='ltr'><strong>Lucilius</strong></span> <span class='ocrx_word' id='word_1_50' title='bbox 1272 385 1352 413; x_wconf 88' lang='lat' dir='ltr'><strong>Lon-</strong></span> 
     </span>
     <span class='ocr_line' id='line_1_6' title="bbox 36 423 1352 467; baseline 0.006 -16"><span class='ocrx_word' id='word_1_51' title='bbox 36 426 112 460; x_wconf 84' lang='lat' dir='ltr'><strong>gus,</strong></span> <span class='ocrx_word' id='word_1_52' title='bbox 139 423 284 454; x_wconf 88' lang='lat' dir='ltr'><strong>omnium</strong></span> <span class='ocrx_word' id='word_1_53' title='bbox 311 423 357 454; x_wconf 86' lang='lat' dir='ltr'><strong>iiii</strong></span> <span class='ocrx_word' id='word_1_54' title='bbox 387 423 527 454; x_wconf 87' lang='lat' dir='ltr'><strong>tristium</strong></span> <span class='ocrx_word' id='word_1_55' title='bbox 553 423 768 464; x_wconf 76' lang='lat' dir='ltr'><strong>laetorumque</strong></span> <span class='ocrx_word' id='word_1_56' title='bbox 789 426 910 466; x_wconf 88' lang='lat' dir='ltr'><strong>socius,</strong></span> <span class='ocrx_word' id='word_1_57' title='bbox 941 435 1089 467; x_wconf 86' lang='lat' dir='ltr'><strong>unusque</strong></span> <span class='ocrx_word' id='word_1_58' title='bbox 1112 435 1130 458; x_wconf 86' lang='lat' dir='ltr'><strong>e</strong></span> <span class='ocrx_word' id='word_1_59' title='bbox 1151 428 1352 460; x_wconf 85' lang='lat' dir='ltr'><strong>senatoribus</strong></span> 
     </span>
     <span class='ocr_line' id='line_1_7' title="bbox 35 468 1352 515; baseline 0.005 -15"><span class='ocrx_word' id='word_1_60' title='bbox 35 468 150 501; x_wconf 87' lang='lat' dir='ltr'><strong>Rhodii</strong></span> <span class='ocrx_word' id='word_1_61' title='bbox 171 479 317 501; x_wconf 85' lang='lat' dir='ltr'><strong>secessus</strong></span> <span class='ocrx_word' id='word_1_62' title='bbox 333 479 450 501; x_wconf 89' lang='lat' dir='ltr'><strong>comes.</strong></span> <span class='ocrx_word' id='word_1_63' title='bbox 465 471 509 501; x_wconf 88' lang='lat' dir='ltr'><strong>ita</strong></span> <span class='ocrx_word' id='word_1_64' title='bbox 527 479 723 511; x_wconf 89' lang='lat' dir='ltr'><strong>quamquam</strong></span> <span class='ocrx_word' id='word_1_65' title='bbox 740 480 825 503; x_wconf 82' lang='lat' dir='ltr'><strong>novo</strong></span> <span class='ocrx_word' id='word_1_66' title='bbox 840 473 846 490; x_wconf 89' lang='lat'><strong>¹</strong></span> <span class='ocrx_word' id='word_1_67' title='bbox 872 473 994 505; x_wconf 88' lang='lat' dir='ltr'><strong>homini</strong></span> <span class='ocrx_word' id='word_1_68' title='bbox 1006 474 1188 505; x_wconf 84' lang='lat' dir='ltr'><strong>censorium</strong></span> <span class='ocrx_word' id='word_1_69' title='bbox 1211 474 1309 506; x_wconf 87' lang='lat' dir='ltr'><strong>funus</strong></span> <span class='ocrx_word' id='word_1_70' title='bbox 1323 475 1352 515; x_wconf 87' lang='lat'><strong>²,</strong></span> 
     </span>
     <span class='ocr_line' id='line_1_8' title="bbox 36 515 1355 562; baseline 0.005 -16"><span class='ocrx_word' id='word_1_71' title='bbox 36 515 171 556; x_wconf 86' lang='lat' dir='ltr'><strong>effigiem</strong></span> <span class='ocrx_word' id='word_1_72' title='bbox 192 516 276 557; x_wconf 88' lang='lat' dir='ltr'><strong>apud</strong></span> <span class='ocrx_word' id='word_1_73' title='bbox 296 517 400 548; x_wconf 84' lang='lat' dir='ltr'><strong>forum</strong></span> <span class='ocrx_word' id='word_1_74' title='bbox 422 518 556 557; x_wconf 80' lang='lat' dir='ltr'><strong>Augusti</strong></span> <span class='ocrx_word' id='word_1_75' title='bbox 573 517 584 535; x_wconf 82' lang='lat'>³</span> <span class='ocrx_word' id='word_1_76' title='bbox 609 518 737 558; x_wconf 82' lang='lat' dir='ltr'><strong>publica</strong></span> <span class='ocrx_word' id='word_1_77' title='bbox 762 520 896 559; x_wconf 90' lang='lat' dir='ltr'><strong>pecunia</strong></span> <span class='ocrx_word' id='word_1_78' title='bbox 918 522 1026 552; x_wconf 88' lang='lat' dir='ltr'><strong>Patres</strong></span> <span class='ocrx_word' id='word_1_79' title='bbox 1047 521 1241 561; x_wconf 76' lang='lat' dir='ltr'><strong>decrevere:</strong></span> <span class='ocrx_word' id='word_1_80' title='bbox 1268 523 1355 562; x_wconf 88' lang='lat' dir='ltr'><strong>apud</strong></span> 
     </span>
     <span class='ocr_line' id='line_1_9' title="bbox 36 563 1353 608; baseline 0.007 -15"><span class='ocrx_word' id='word_1_81' title='bbox 36 570 119 602; x_wconf 87' lang='lat' dir='ltr'><strong>quos</strong></span> <span class='ocrx_word' id='word_1_82' title='bbox 136 563 233 595; x_wconf 88' lang='lat' dir='ltr'><strong>etiam</strong></span> <span class='ocrx_word' id='word_1_83' title='bbox 254 566 323 595; x_wconf 89' lang='lat' dir='ltr'><strong>tum</strong></span> <span class='ocrx_word' id='word_1_84' title='bbox 346 566 461 596; x_wconf 89' lang='lat' dir='ltr'><strong>cuncta</strong></span> <span class='ocrx_word' id='word_1_85' title='bbox 477 564 711 604; x_wconf 79' lang='lat' dir='ltr'><strong>tractabantur,</strong></span> <span class='ocrx_word' id='word_1_86' title='bbox 729 565 807 597; x_wconf 90' lang='lat' dir='ltr'><strong>adeo</strong></span> <span class='ocrx_word' id='word_1_87' title='bbox 834 570 870 598; x_wconf 87' lang='lat' dir='ltr'><strong>ut</strong></span> <span class='ocrx_word' id='word_1_88' title='bbox 889 571 1076 608; x_wconf 85' lang='lat' dir='ltr'><strong>procurator</strong></span> <span class='ocrx_word' id='word_1_89' title='bbox 1087 568 1098 586; x_wconf 81' lang='lat'>⁴</span> <span class='ocrx_word' id='word_1_90' title='bbox 1115 569 1198 600; x_wconf 83' lang='lat' dir='ltr'><strong>Asiae</strong></span> <span class='ocrx_word' id='word_1_91' title='bbox 1211 569 1353 603; x_wconf 78' lang='lat' dir='ltr'><strong>Lucilius</strong></span> 
     </span>
     <span class='ocr_line' id='line_1_10' title="bbox 34 610 1356 655; baseline 0.005 -14"><span class='ocrx_word' id='word_1_92' title='bbox 34 610 164 650; x_wconf 86' lang='lat' dir='ltr'><strong>Capito,</strong></span> <span class='ocrx_word' id='word_1_93' title='bbox 181 612 352 643; x_wconf 82' lang='lat' dir='ltr'><strong>accusante</strong></span> <span class='ocrx_word' id='word_1_94' title='bbox 375 611 559 652; x_wconf 81' lang='lat' dir='ltr'><strong>provincia,</strong></span> <span class='ocrx_word' id='word_1_95' title='bbox 576 621 705 644; x_wconf 88' lang='lat' dir='ltr'><strong>causam</strong></span> <span class='ocrx_word' id='word_1_96' title='bbox 728 613 866 655; x_wconf 85' lang='lat' dir='ltr'><strong>dixerit,</strong></span> <span class='ocrx_word' id='word_1_97' title='bbox 892 624 1004 655; x_wconf 85' lang='lat' dir='ltr'><strong>magna</strong></span> <span class='ocrx_word' id='word_1_98' title='bbox 1020 624 1095 646; x_wconf 83' lang='lat' dir='ltr'><strong>eum</strong></span> <span class='ocrx_word' id='word_1_99' title='bbox 1119 617 1356 650; x_wconf 81' lang='lat' dir='ltr'><strong>asseveratione</strong></span> 
     </span>
     <span class='ocr_line' id='line_1_11' title="bbox 34 656 1352 705; baseline 0.005 -16"><span class='ocrx_word' id='word_1_100' title='bbox 34 656 207 698; x_wconf 86' lang='lat' dir='ltr'><strong>Principis,</strong></span> <span class='ocrx_word' id='word_1_101' title='bbox 225 670 242 685; x_wconf 84' lang='lat'>«</span> <span class='ocrx_word' id='word_1_102' title='bbox 266 667 330 689; x_wconf 92' lang='lat' dir='ltr'><strong>non</strong></span> <span class='ocrx_word' id='word_1_103' title='bbox 357 667 391 690; x_wconf 85' lang='lat' dir='ltr'><strong>se</strong></span> <span class='ocrx_word' id='word_1_104' title='bbox 412 659 465 698; x_wconf 86' lang='lat' dir='ltr'><strong>jus</strong></span> <span class='ocrx_word' id='word_1_105' title='bbox 486 659 548 690; x_wconf 88' lang='lat' dir='ltr'><strong>nisi</strong></span> <span class='ocrx_word' id='word_1_106' title='bbox 572 659 605 690; x_wconf 94' lang='lat' dir='ltr'><strong>in</strong></span> <span class='ocrx_word' id='word_1_107' title='bbox 632 660 762 691; x_wconf 77' lang='lat' dir='ltr'><strong>servitia</strong></span> <span class='ocrx_word' id='word_1_108' title='bbox 783 662 815 692; x_wconf 90' lang='lat' dir='ltr'><strong>et</strong></span> <span class='ocrx_word' id='word_1_109' title='bbox 831 663 984 701; x_wconf 85' lang='lat' dir='ltr'><strong>pecunias</strong></span> <span class='ocrx_word' id='word_1_110' title='bbox 1010 662 1182 694; x_wconf 80' lang='lat' dir='ltr'><strong>familiares</strong></span> <span class='ocrx_word' id='word_1_111' title='bbox 1207 663 1352 705; x_wconf 85' lang='lat' dir='ltr'><strong>dedisse;</strong></span> 
     </span>
     <span class='ocr_line' id='line_1_12' title="bbox 37 704 1356 751; baseline 0.005 -16"><span class='ocrx_word' id='word_1_112' title='bbox 37 714 54 730; x_wconf 75' lang='grc' dir='ltr'>ι</span> <span class='ocrx_word' id='word_1_113' title='bbox 73 704 190 744; x_wconf 85' lang='lat' dir='ltr'><strong>quodsi</strong></span> <span class='ocrx_word' id='word_1_114' title='bbox 206 705 274 737; x_wconf 88' lang='lat' dir='ltr'><strong>vim</strong></span> <span class='ocrx_word' id='word_1_115' title='bbox 298 706 443 746; x_wconf 87' lang='lat' dir='ltr'><strong>praetoris</strong></span> <span class='ocrx_word' id='word_1_116' title='bbox 459 708 641 747; x_wconf 85' lang='lat' dir='ltr'><strong>usurpasset</strong></span> <span class='ocrx_word' id='word_1_117' title='bbox 654 707 869 748; x_wconf 85' lang='lat' dir='ltr'><strong>manibusque</strong></span> <span class='ocrx_word' id='word_1_118' title='bbox 881 710 1020 741; x_wconf 86' lang='lat' dir='ltr'><strong>militum</strong></span> <span class='ocrx_word' id='word_1_119' title='bbox 1037 719 1116 741; x_wconf 91' lang='lat' dir='ltr'><strong>usus</strong></span> <span class='ocrx_word' id='word_1_120' title='bbox 1132 710 1231 749; x_wconf 78' lang='lat' dir='ltr'><strong>foret,</strong></span> <span class='ocrx_word' id='word_1_121' title='bbox 1247 715 1356 751; x_wconf 85' lang='lat' dir='ltr'><strong>spreta</strong></span> 
     </span>
     <span class='ocr_line' id='line_1_13' title="bbox 35 750 1355 796; baseline 0.005 -14"><span class='ocrx_word' id='word_1_122' title='bbox 35 763 53 778; x_wconf 82' lang='lat'><strong>«</strong></span> <span class='ocrx_word' id='word_1_123' title='bbox 70 750 105 782; x_wconf 87' lang='lat' dir='ltr'><strong>in</strong></span> <span class='ocrx_word' id='word_1_124' title='bbox 121 760 159 783; x_wconf 92' lang='lat' dir='ltr'><strong>eo</strong></span> <span class='ocrx_word' id='word_1_125' title='bbox 173 753 324 784; x_wconf 86' lang='lat' dir='ltr'><strong>mandata</strong></span> <span class='ocrx_word' id='word_1_126' title='bbox 344 762 402 784; x_wconf 89' lang='lat' dir='ltr'><strong>sua</strong></span> <span class='ocrx_word' id='word_1_127' title='bbox 416 762 424 783; x_wconf 91' lang='lat'>:</span> <span class='ocrx_word' id='word_1_128' title='bbox 443 754 590 785; x_wconf 84' lang='lat' dir='ltr'><strong>audirent</strong></span> <span class='ocrx_word' id='word_1_129' title='bbox 604 754 720 786; x_wconf 76' lang='lat' dir='ltr'><strong>socios,</strong></span> <span class='ocrx_word' id='word_1_130' title='bbox 736 768 751 782; x_wconf 87' lang='lat'>»</span> <span class='ocrx_word' id='word_1_131' title='bbox 775 755 820 787; x_wconf 87' lang='lat' dir='ltr'><strong>ita</strong></span> <span class='ocrx_word' id='word_1_132' title='bbox 835 765 908 788; x_wconf 91' lang='lat' dir='ltr'><strong>reus</strong></span> <span class='ocrx_word' id='word_1_133' title='bbox 931 758 1058 796; x_wconf 78' lang='lat' dir='ltr'><strong>cognito</strong></span> <span class='ocrx_word' id='word_1_134' title='bbox 1078 756 1206 796; x_wconf 85' lang='lat' dir='ltr'><strong>negotio</strong></span> <span class='ocrx_word' id='word_1_135' title='bbox 1225 757 1355 790; x_wconf 84' lang='lat' dir='ltr'><strong>damna·</strong></span> 
     </span>
     <span class='ocr_line' id='line_1_14' title="bbox 34 799 1354 842; baseline 0.004 -12"><span class='ocrx_word' id='word_1_136' title='bbox 34 801 99 830; x_wconf 77' lang='lat' dir='ltr'><strong>tur.</strong></span> <span class='ocrx_word' id='word_1_137' title='bbox 115 799 164 831; x_wconf 91' lang='lat' dir='ltr'><strong>Ob</strong></span> <span class='ocrx_word' id='word_1_138' title='bbox 180 808 276 840; x_wconf 87' lang='lat' dir='ltr'><strong>quam</strong></span> <span class='ocrx_word' id='word_1_139' title='bbox 292 800 446 832; x_wconf 89' lang='lat' dir='ltr'><strong>ultionem</strong></span> <span class='ocrx_word' id='word_1_140' title='bbox 458 822 469 836; x_wconf 92' lang='lat'><strong>,</strong></span> <span class='ocrx_word' id='word_1_141' title='bbox 489 802 521 832; x_wconf 91' lang='lat' dir='ltr'><strong>et</strong></span> <span class='ocrx_word' id='word_1_142' title='bbox 536 801 612 841; x_wconf 90' lang='lat' dir='ltr'><strong>quia</strong></span> <span class='ocrx_word' id='word_1_143' title='bbox 639 802 746 842; x_wconf 88' lang='lat' dir='ltr'><strong>priore</strong></span> <span class='ocrx_word' id='word_1_144' title='bbox 771 811 855 834; x_wconf 87' lang='lat' dir='ltr'><strong>anno</strong></span> <span class='ocrx_word' id='word_1_145' title='bbox 880 803 913 835; x_wconf 86' lang='lat' dir='ltr'><strong>in</strong></span> <span class='ocrx_word' id='word_1_146' title='bbox 939 807 973 835; x_wconf 91' lang='lat' dir='ltr'><strong>C.</strong></span> <span class='ocrx_word' id='word_1_147' title='bbox 994 804 1138 835; x_wconf 90' lang='lat' dir='ltr'><strong>Silanum</strong></span> <span class='ocrx_word' id='word_1_148' title='bbox 1152 803 1354 837; x_wconf 88' lang='lat' dir='ltr'><strong>vindicatum</strong></span> 
     </span>
     <span class='ocr_line' id='line_1_15' title="bbox 35 847 1352 891; baseline 0.003 -12"><span class='ocrx_word' id='word_1_149' title='bbox 35 848 122 886; x_wconf 79' lang='lat' dir='ltr'><strong>erat,</strong></span> <span class='ocrx_word' id='word_1_150' title='bbox 137 847 308 879; x_wconf 89' lang='lat' dir='ltr'><strong>decrevere</strong></span> <span class='ocrx_word' id='word_1_151' title='bbox 325 847 406 879; x_wconf 80' lang='lat' dir='ltr'><strong>Asiae</strong></span> <span class='ocrx_word' id='word_1_152' title='bbox 428 847 524 879; x_wconf 89' lang='lat' dir='ltr'><strong>urbes</strong></span> <span class='ocrx_word' id='word_1_153' title='bbox 542 849 707 889; x_wconf 79' lang='lat' dir='ltr'><strong>templum</strong></span> <span class='ocrx_word' id='word_1_154' title='bbox 731 849 863 881; x_wconf 75' lang='lat' dir='ltr'><strong>Tiberio</strong></span> <span class='ocrx_word' id='word_1_155' title='bbox 878 852 1053 891; x_wconf 81' lang='lat' dir='ltr'><strong>matrique</strong></span> <span class='ocrx_word' id='word_1_156' title='bbox 1066 850 1138 890; x_wconf 76' lang='lat' dir='ltr'><strong>ejus</strong></span> <span class='ocrx_word' id='word_1_157' title='bbox 1152 859 1192 881; x_wconf 87' lang='lat' dir='ltr'><strong>ac</strong></span> <span class='ocrx_word' id='word_1_158' title='bbox 1204 854 1352 884; x_wconf 70' lang='lat' dir='ltr'><strong>senatui.</strong></span> 
     </span>
     <span class='ocr_line' id='line_1_16' title="bbox 34 895 1356 939; baseline 0.004 -13"><span class='ocrx_word' id='word_1_159' title='bbox 34 895 68 926; x_wconf 84' lang='lat' dir='ltr'><strong>et</strong></span> <span class='ocrx_word' id='word_1_160' title='bbox 89 895 282 935; x_wconf 88' lang='lat' dir='ltr'><strong>permissum</strong></span> <span class='ocrx_word' id='word_1_161' title='bbox 302 897 460 933; x_wconf 83' lang='lat' dir='ltr'><strong>statuere;</strong></span> <span class='ocrx_word' id='word_1_162' title='bbox 486 895 612 936; x_wconf 79' lang='lat' dir='ltr'><strong>egitque</strong></span> <span class='ocrx_word' id='word_1_163' title='bbox 643 900 726 927; x_wconf 83' lang='lat' dir='ltr'><strong>Nero</strong></span> <span class='ocrx_word' id='word_1_164' title='bbox 753 899 856 937; x_wconf 83' lang='lat' dir='ltr'><strong>grates</strong></span> <span class='ocrx_word' id='word_1_165' title='bbox 871 897 882 914; x_wconf 87' lang='lat'>⁵</span> <span class='ocrx_word' id='word_1_166' title='bbox 906 906 943 928; x_wconf 87' lang='lat' dir='ltr'><strong>ea</strong></span> <span class='ocrx_word' id='word_1_167' title='bbox 967 906 1063 928; x_wconf 90' lang='lat' dir='ltr'><strong>causa</strong></span> <span class='ocrx_word' id='word_1_168' title='bbox 1090 897 1239 928; x_wconf 83' lang='lat' dir='ltr'><strong>Patribus</strong></span> <span class='ocrx_word' id='word_1_169' title='bbox 1259 901 1356 939; x_wconf 87' lang='lat' dir='ltr'><strong>atque</strong></span> 
     </span>
     <span class='ocr_line' id='line_1_17' title="bbox 35 942 1355 984; baseline 0.004 -12"><span class='ocrx_word' id='word_1_170' title='bbox 35 949 118 982; x_wconf 84' lang='lat' dir='ltr'><strong>avo,</strong></span> <span class='ocrx_word' id='word_1_171' title='bbox 137 942 215 974; x_wconf 88' lang='lat' dir='ltr'><strong>latas</strong></span> <span class='ocrx_word' id='word_1_172' title='bbox 229 942 314 974; x_wconf 91' lang='lat' dir='ltr'><strong>inter</strong></span> <span class='ocrx_word' id='word_1_173' title='bbox 329 942 529 973; x_wconf 86' lang='lat' dir='ltr'><strong>audientium</strong></span> <span class='ocrx_word' id='word_1_174' title='bbox 549 943 754 984; x_wconf 79' lang='lat' dir='ltr'><strong>affectiones,</strong></span> <span class='ocrx_word' id='word_1_175' title='bbox 771 944 826 984; x_wconf 89' lang='lat' dir='ltr'><strong>qui</strong></span> <span class='ocrx_word' id='word_1_176' title='bbox 850 945 971 976; x_wconf 86' lang='lat' dir='ltr'><strong>recenti</strong></span> <span class='ocrx_word' id='word_1_177' title='bbox 997 944 1153 975; x_wconf 90' lang='lat' dir='ltr'><strong>memoria</strong></span> <span class='ocrx_word' id='word_1_178' title='bbox 1178 947 1355 977; x_wconf 82' lang='lat' dir='ltr'><strong>Germanici</strong></span> 
     </span>
     <span class='ocr_line' id='line_1_18' title="bbox 35 988 1355 1032; baseline 0.004 -12"><span class='ocrx_word' id='word_1_179' title='bbox 35 988 126 1020; x_wconf 90' lang='lat' dir='ltr'><strong>illum</strong></span> <span class='ocrx_word' id='word_1_180' title='bbox 145 989 263 1029; x_wconf 86' lang='lat' dir='ltr'><strong>aspici,</strong></span> <span class='ocrx_word' id='word_1_181' title='bbox 280 989 368 1020; x_wconf 89' lang='lat' dir='ltr'><strong>illum</strong></span> <span class='ocrx_word' id='word_1_182' title='bbox 386 989 489 1020; x_wconf 89' lang='lat' dir='ltr'><strong>audiri</strong></span> <span class='ocrx_word' id='word_1_183' title='bbox 503 990 654 1021; x_wconf 86' lang='lat' dir='ltr'><strong>rebantur</strong></span> <span class='ocrx_word' id='word_1_184' title='bbox 669 1000 676 1021; x_wconf 91' lang='lat'>:</span> <span class='ocrx_word' id='word_1_185' title='bbox 695 991 891 1032; x_wconf 86' lang='lat' dir='ltr'><strong>aderantque</strong></span> <span class='ocrx_word' id='word_1_186' title='bbox 901 991 1012 1032; x_wconf 88' lang='lat' dir='ltr'><strong>juveni</strong></span> <span class='ocrx_word' id='word_1_187' title='bbox 1031 991 1187 1022; x_wconf 89' lang='lat' dir='ltr'><strong>modestia</strong></span> <span class='ocrx_word' id='word_1_188' title='bbox 1202 1001 1239 1023; x_wconf 80' lang='lat' dir='ltr'><strong>ac</strong></span> <span class='ocrx_word' id='word_1_189' title='bbox 1253 993 1355 1025; x_wconf 85' lang='lat' dir='ltr'><strong>forma</strong></span> 
     </span>
     <span class='ocr_line' id='line_1_19' title="bbox 36 1036 1270 1078; baseline 0 -11"><span class='ocrx_word' id='word_1_190' title='bbox 36 1036 182 1077; x_wconf 87' lang='lat' dir='ltr'><strong>principe</strong></span> <span class='ocrx_word' id='word_1_191' title='bbox 197 1036 268 1067; x_wconf 83' lang='lat' dir='ltr'><strong>viro</strong></span> <span class='ocrx_word' id='word_1_192' title='bbox 283 1036 396 1076; x_wconf 79' lang='lat' dir='ltr'><strong>digna,</strong></span> <span class='ocrx_word' id='word_1_193' title='bbox 413 1036 498 1068; x_wconf 91' lang='lat' dir='ltr'><strong>notis</strong></span> <span class='ocrx_word' id='word_1_194' title='bbox 515 1036 548 1067; x_wconf 89' lang='lat' dir='ltr'><strong>in</strong></span> <span class='ocrx_word' id='word_1_195' title='bbox 565 1046 638 1068; x_wconf 89' lang='lat' dir='ltr'><strong>eum</strong></span> <span class='ocrx_word' id='word_1_196' title='bbox 653 1038 757 1078; x_wconf 84' lang='lat' dir='ltr'><strong>sejani</strong></span> <span class='ocrx_word' id='word_1_197' title='bbox 773 1038 858 1069; x_wconf 88' lang='lat' dir='ltr'><strong>odiis</strong></span> <span class='ocrx_word' id='word_1_198' title='bbox 874 1038 915 1070; x_wconf 90' lang='lat' dir='ltr'><strong>ob</strong></span> <span class='ocrx_word' id='word_1_199' title='bbox 928 1038 1109 1078; x_wconf 89' lang='lat' dir='ltr'><strong>periculum</strong></span> <span class='ocrx_word' id='word_1_200' title='bbox 1123 1039 1270 1077; x_wconf 85' lang='lat' dir='ltr'><strong>gratiora.</strong></span> 
     </span>
    </p>

    <p class='ocr_par' dir='ltr' id='par_1_4' title="bbox 35 1082 1363 1831">
     <span class='ocr_line' id='line_1_20' title="bbox 76 1082 1357 1126; baseline 0.004 -12"><span class='ocrx_word' id='word_1_201' title='bbox 76 1083 230 1115; x_wconf 89' lang='lat' dir='ltr'><strong>XV1.Sub</strong></span> <span class='ocrx_word' id='word_1_202' title='bbox 248 1082 333 1114; x_wconf 87' lang='lat' dir='ltr'><strong>idem</strong></span> <span class='ocrx_word' id='word_1_203' title='bbox 345 1086 474 1124; x_wconf 88' lang='lat' dir='ltr'><strong>tempus</strong></span> <span class='ocrx_word' id='word_1_204' title='bbox 490 1083 685 1125; x_wconf 77' lang='lat' dir='ltr'><strong>deflamine</strong></span> <span class='ocrx_word' id='word_1_205' title='bbox 702 1085 797 1117; x_wconf 77' lang='lat' dir='ltr'><strong>Diali</strong></span> <span class='ocrx_word' id='word_1_206' title='bbox 811 1087 846 1117; x_wconf 81' lang='lat' dir='ltr'><strong>in</strong></span> <span class='ocrx_word' id='word_1_207' title='bbox 861 1086 972 1117; x_wconf 86' lang='lat' dir='ltr'><strong>locum</strong></span> <span class='ocrx_word' id='word_1_208' title='bbox 986 1087 1092 1117; x_wconf 72' lang='lat' dir='ltr'><strong>servii</strong></span> <span class='ocrx_word' id='word_1_209' title='bbox 1105 1085 1357 1126; x_wconf 69' lang='lat' dir='ltr'><strong>Maluqinensis</strong></span> 
     </span>
     <span class='ocr_line' id='line_1_21' title="bbox 35 1129 1358 1174; baseline 0.001 -11"><span class='ocrx_word' id='word_1_210' title='bbox 35 1130 191 1169; x_wconf 75' lang='lat' dir='ltr'><strong>defuncti</strong></span> <span class='ocrx_word' id='word_1_211' title='bbox 208 1129 346 1170; x_wconf 70' lang='lat' dir='ltr'><strong>leyendo</strong></span> <span class='ocrx_word' id='word_1_212' title='bbox 358 1151 367 1163; x_wconf 86' lang='lat'><em>,</em></span> <span class='ocrx_word' id='word_1_213' title='bbox 390 1130 495 1161; x_wconf 71' lang='lat' dir='ltr'><strong>simul</strong></span> <span class='ocrx_word' id='word_1_214' title='bbox 512 1130 669 1170; x_wconf 75' lang='lat' dir='ltr'><strong>roqanda</strong></span> <span class='ocrx_word' id='word_1_215' title='bbox 686 1140 776 1163; x_wconf 81' lang='lat' dir='ltr'><strong>nova</strong></span> <span class='ocrx_word' id='word_1_216' title='bbox 793 1132 864 1172; x_wconf 73' lang='lat' dir='ltr'><strong>leqe</strong></span> <span class='ocrx_word' id='word_1_217' title='bbox 883 1132 1034 1163; x_wconf 85' lang='lat' dir='ltr'><strong>disseruit</strong></span> <span class='ocrx_word' id='word_1_218' title='bbox 1050 1136 1167 1163; x_wconf 82' lang='lat' dir='ltr'><strong>caesar.</strong></span> <span class='ocrx_word' id='word_1_219' title='bbox 1188 1145 1204 1159; x_wconf 68' lang='grc' dir='ltr'><strong>«ι</strong></span> <span class='ocrx_word' id='word_1_220' title='bbox 1217 1141 1292 1164; x_wconf 86' lang='lat' dir='ltr'><strong>nam</strong></span> <span class='ocrx_word' id='word_1_221' title='bbox 1307 1144 1358 1174; x_wconf 84' lang='lat' dir='ltr'><strong>pa-</strong></span> 
     </span>
     <span class='ocr_line' id='line_1_22' title="bbox 38 1176 1358 1220; baseline 0.002 -12"><span class='ocrx_word' id='word_1_222' title='bbox 38 1192 56 1208; x_wconf 73' lang='lat'>«</span> <span class='ocrx_word' id='word_1_223' title='bbox 73 1177 185 1209; x_wconf 78' lang='lat' dir='ltr'><strong>tricios</strong></span> <span class='ocrx_word' id='word_1_224' title='bbox 203 1176 410 1208; x_wconf 76' lang='lat' dir='ltr'><strong>confarreatis</strong></span> <span class='ocrx_word' id='word_1_225' title='bbox 430 1177 617 1217; x_wconf 86' lang='lat' dir='ltr'><strong>parentibus</strong></span> <span class='ocrx_word' id='word_1_226' title='bbox 635 1178 641 1195; x_wconf 90' lang='lat'><strong>¹</strong></span> <span class='ocrx_word' id='word_1_227' title='bbox 666 1178 792 1217; x_wconf 85' lang='lat' dir='ltr'><strong>genitos</strong></span> <span class='ocrx_word' id='word_1_228' title='bbox 817 1180 883 1210; x_wconf 89' lang='lat' dir='ltr'><strong>tres</strong></span> <span class='ocrx_word' id='word_1_229' title='bbox 904 1179 1000 1210; x_wconf 90' lang='lat' dir='ltr'><strong>simul</strong></span> <span class='ocrx_word' id='word_1_230' title='bbox 1023 1178 1201 1218; x_wconf 85' lang='lat' dir='ltr'><strong>nominari,</strong></span> <span class='ocrx_word' id='word_1_231' title='bbox 1225 1188 1263 1210; x_wconf 79' lang='lat' dir='ltr'><strong>ex</strong></span> <span class='ocrx_word' id='word_1_232' title='bbox 1287 1182 1358 1220; x_wconf 88' lang='lat' dir='ltr'><strong>quis</strong></span> 
     </span>
     <span class='ocr_line' id='line_1_23' title="bbox 39 1223 1357 1267; baseline 0.001 -11"><span class='ocrx_word' id='word_1_233' title='bbox 39 1240 56 1255; x_wconf 73' lang='lat' dir='ltr'><em>u</em></span> <span class='ocrx_word' id='word_1_234' title='bbox 74 1232 160 1256; x_wconf 91' lang='lat' dir='ltr'><strong>unus</strong></span> <span class='ocrx_word' id='word_1_235' title='bbox 182 1223 352 1263; x_wconf 85' lang='lat' dir='ltr'><strong>legeretur,</strong></span> <span class='ocrx_word' id='word_1_236' title='bbox 374 1227 501 1255; x_wconf 85' lang='lat' dir='ltr'><strong>vetusto</strong></span> <span class='ocrx_word' id='word_1_237' title='bbox 521 1233 631 1263; x_wconf 86' lang='lat' dir='ltr'><strong>more;</strong></span> <span class='ocrx_word' id='word_1_238' title='bbox 658 1233 764 1264; x_wconf 87' lang='lat' dir='ltr'><strong>neque</strong></span> <span class='ocrx_word' id='word_1_239' title='bbox 780 1225 911 1263; x_wconf 86' lang='lat' dir='ltr'><strong>adesse,</strong></span> <span class='ocrx_word' id='word_1_240' title='bbox 934 1227 971 1256; x_wconf 93' lang='lat' dir='ltr'><strong>ut</strong></span> <span class='ocrx_word' id='word_1_241' title='bbox 999 1225 1094 1264; x_wconf 88' lang='lat' dir='ltr'><strong>olim,</strong></span> <span class='ocrx_word' id='word_1_242' title='bbox 1112 1234 1184 1258; x_wconf 89' lang='lat' dir='ltr'><strong>eam</strong></span> <span class='ocrx_word' id='word_1_243' title='bbox 1212 1226 1357 1267; x_wconf 87' lang='lat' dir='ltr'><strong>copiam,</strong></span> 
     </span>
     <span class='ocr_line' id='line_1_24' title="bbox 38 1270 1358 1313; baseline 0.001 -10"><span class='ocrx_word' id='word_1_244' title='bbox 38 1285 57 1300; x_wconf 69' lang='grc' dir='ltr'><strong>α</strong></span> <span class='ocrx_word' id='word_1_245' title='bbox 74 1271 195 1303; x_wconf 85' lang='lat' dir='ltr'><strong>omissa</strong></span> <span class='ocrx_word' id='word_1_246' title='bbox 210 1270 434 1302; x_wconf 81' lang='lat' dir='ltr'><strong>confarreandi</strong></span> <span class='ocrx_word' id='word_1_247' title='bbox 451 1271 656 1303; x_wconf 86' lang='lat' dir='ltr'><strong>assuetudine</strong></span> <span class='ocrx_word' id='word_1_248' title='bbox 669 1274 725 1303; x_wconf 89' lang='lat' dir='ltr'><strong>aut</strong></span> <span class='ocrx_word' id='word_1_249' title='bbox 741 1271 826 1303; x_wconf 89' lang='lat' dir='ltr'><strong>inter</strong></span> <span class='ocrx_word' id='word_1_250' title='bbox 841 1280 961 1312; x_wconf 90' lang='lat' dir='ltr'><strong>paucos</strong></span> <span class='ocrx_word' id='word_1_251' title='bbox 977 1274 1113 1304; x_wconf 87' lang='lat' dir='ltr'><strong>retenta.</strong></span> <span class='ocrx_word' id='word_1_252' title='bbox 1129 1285 1144 1300; x_wconf 74' lang='grc' dir='ltr'><strong>ιι</strong></span> <span class='ocrx_word' id='word_1_253' title='bbox 1164 1273 1273 1312; x_wconf 88' lang='lat' dir='ltr'><strong>plures</strong></span> <span class='ocrx_word' id='word_1_254' title='bbox 1289 1274 1358 1313; x_wconf 84' lang='lat' dir='ltr'><strong>ejus</strong></span> 
     </span>
     <span class='ocr_line' id='line_1_25' title="bbox 37 1318 1359 1359; baseline -0.001 -7"><span class='ocrx_word' id='word_1_255' title='bbox 37 1320 84 1352; x_wconf 88' lang='lat' dir='ltr'><strong>rei</strong></span> <span class='ocrx_word' id='word_1_256' title='bbox 100 1327 215 1349; x_wconf 87' lang='lat' dir='ltr'><strong>causas</strong></span> <span class='ocrx_word' id='word_1_257' title='bbox 231 1318 406 1355; x_wconf 82' lang='lat' dir='ltr'><strong>afferebat,</strong></span> <span class='ocrx_word' id='word_1_258' title='bbox 425 1331 440 1345; x_wconf 89' lang='lat'>«</span> <span class='ocrx_word' id='word_1_259' title='bbox 454 1319 652 1358; x_wconf 86' lang='lat' dir='ltr'><strong>potissimam</strong></span> <span class='ocrx_word' id='word_1_260' title='bbox 680 1328 776 1359; x_wconf 84' lang='lat' dir='ltr'><strong>penes</strong></span> <span class='ocrx_word' id='word_1_261' title='bbox 795 1319 952 1350; x_wconf 89' lang='lat' dir='ltr'><strong>incuriam</strong></span> <span class='ocrx_word' id='word_1_262' title='bbox 969 1319 1114 1350; x_wconf 83' lang='lat' dir='ltr'><strong>virorum</strong></span> <span class='ocrx_word' id='word_1_263' title='bbox 1144 1320 1359 1351; x_wconf 85' lang='lat' dir='ltr'><strong>feminarum-</strong></span> 
     </span>
     <span class='ocr_line' id='line_1_26' title="bbox 40 1363 1358 1407; baseline 0.002 -13"><span class='ocrx_word' id='word_1_264' title='bbox 40 1379 58 1394; x_wconf 77' lang='lat'>«</span> <span class='ocrx_word' id='word_1_265' title='bbox 75 1375 138 1407; x_wconf 89' lang='lat' dir='ltr'><strong>que</strong></span> <span class='ocrx_word' id='word_1_266' title='bbox 155 1375 163 1396; x_wconf 87' lang='lat'>:</span> <span class='ocrx_word' id='word_1_267' title='bbox 181 1363 335 1396; x_wconf 88' lang='lat' dir='ltr'><strong>accedere</strong></span> <span class='ocrx_word' id='word_1_268' title='bbox 349 1365 451 1405; x_wconf 89' lang='lat' dir='ltr'><strong>ipsius</strong></span> <span class='ocrx_word' id='word_1_269' title='bbox 465 1365 658 1396; x_wconf 86' lang='lat' dir='ltr'><strong>caerimoniae</strong></span> <span class='ocrx_word' id='word_1_270' title='bbox 675 1365 901 1406; x_wconf 83' lang='lat' dir='ltr'><strong>difficultates,</strong></span> <span class='ocrx_word' id='word_1_271' title='bbox 919 1374 992 1405; x_wconf 85' lang='lat' dir='ltr'><strong>quae</strong></span> <span class='ocrx_word' id='word_1_272' title='bbox 1007 1367 1154 1397; x_wconf 85' lang='lat' dir='ltr'><strong>consulto</strong></span> <span class='ocrx_word' id='word_1_273' title='bbox 1170 1366 1358 1405; x_wconf 77' lang='lat' dir='ltr'><strong>vitarentur,</strong></span> 
     </span>
     <span class='ocr_line' id='line_1_27' title="bbox 38 1411 1358 1454; baseline 0.004 -14"><span class='ocrx_word' id='word_1_274' title='bbox 38 1428 56 1440; x_wconf 57' lang='grc' dir='ltr'><strong>«ι</strong></span> <span class='ocrx_word' id='word_1_275' title='bbox 72 1414 106 1446; x_wconf 87' lang='lat' dir='ltr'><strong>et</strong></span> <span class='ocrx_word' id='word_1_276' title='bbox 120 1412 208 1453; x_wconf 89' lang='lat' dir='ltr'><strong>quod</strong></span> <span class='ocrx_word' id='word_1_277' title='bbox 228 1411 332 1444; x_wconf 82' lang='lat' dir='ltr'><strong>exiret</strong></span> <span class='ocrx_word' id='word_1_278' title='bbox 349 1421 366 1443; x_wconf 90' lang='lat' dir='ltr'><strong>e</strong></span> <span class='ocrx_word' id='word_1_279' title='bbox 380 1413 452 1452; x_wconf 88' lang='lat' dir='ltr'><strong>jure</strong></span> <span class='ocrx_word' id='word_1_280' title='bbox 473 1413 577 1452; x_wconf 90' lang='lat' dir='ltr'><strong>patrio</strong></span> <span class='ocrx_word' id='word_1_281' title='bbox 601 1413 655 1453; x_wconf 86' lang='lat' dir='ltr'><strong>qui</strong></span> <span class='ocrx_word' id='word_1_282' title='bbox 672 1413 704 1443; x_wconf 92' lang='lat' dir='ltr'><strong>id</strong></span> <span class='ocrx_word' id='word_1_283' title='bbox 719 1412 897 1444; x_wconf 80' lang='lat' dir='ltr'><strong>flaminium</strong></span> <span class='ocrx_word' id='word_1_284' title='bbox 915 1413 1114 1453; x_wconf 84' lang='lat' dir='ltr'><strong>apisceretur</strong></span> <span class='ocrx_word' id='word_1_285' title='bbox 1131 1411 1158 1453; x_wconf 84' lang='lat'><strong>²,</strong></span> <span class='ocrx_word' id='word_1_286' title='bbox 1173 1422 1310 1454; x_wconf 80' lang='lat' dir='ltr'><strong>quaeque</strong></span> <span class='ocrx_word' id='word_1_287' title='bbox 1326 1415 1358 1446; x_wconf 89' lang='lat' dir='ltr'><strong>in</strong></span> 
     </span>
     <span class='ocr_line' id='line_1_28' title="bbox 41 1459 1359 1501; baseline 0.003 -12"><span class='ocrx_word' id='word_1_288' title='bbox 41 1474 59 1489; x_wconf 73' lang='grc' dir='ltr'><strong>«ι</strong></span> <span class='ocrx_word' id='word_1_289' title='bbox 74 1468 208 1492; x_wconf 88' lang='lat' dir='ltr'><strong>manum</strong></span> <span class='ocrx_word' id='word_1_290' title='bbox 233 1459 371 1491; x_wconf 85' lang='lat' dir='ltr'><strong>flaminis</strong></span> <span class='ocrx_word' id='word_1_291' title='bbox 388 1460 587 1491; x_wconf 90' lang='lat' dir='ltr'><strong>conveniret.</strong></span> <span class='ocrx_word' id='word_1_292' title='bbox 605 1460 651 1491; x_wconf 86' lang='lat' dir='ltr'><strong>ita</strong></span> <span class='ocrx_word' id='word_1_293' title='bbox 666 1459 862 1491; x_wconf 91' lang='lat' dir='ltr'><strong>medendum</strong></span> <span class='ocrx_word' id='word_1_294' title='bbox 884 1463 1015 1491; x_wconf 85' lang='lat' dir='ltr'><strong>senatus</strong></span> <span class='ocrx_word' id='word_1_295' title='bbox 1038 1459 1167 1491; x_wconf 87' lang='lat' dir='ltr'><strong>decreto</strong></span> <span class='ocrx_word' id='word_1_296' title='bbox 1189 1463 1247 1492; x_wconf 87' lang='lat' dir='ltr'><strong>aut</strong></span> <span class='ocrx_word' id='word_1_297' title='bbox 1272 1461 1359 1501; x_wconf 86' lang='lat' dir='ltr'><strong>lege,</strong></span> 
     </span>
     <span class='ocr_line' id='line_1_29' title="bbox 41 1506 1358 1547; baseline 0.002 -9"><span class='ocrx_word' id='word_1_298' title='bbox 41 1521 58 1533; x_wconf 70' lang='grc' dir='ltr'><strong>ιι</strong></span> <span class='ocrx_word' id='word_1_299' title='bbox 74 1508 159 1539; x_wconf 90' lang='lat' dir='ltr'><strong>sicut</strong></span> <span class='ocrx_word' id='word_1_300' title='bbox 175 1509 340 1547; x_wconf 86' lang='lat' dir='ltr'><strong>Augustus</strong></span> <span class='ocrx_word' id='word_1_301' title='bbox 356 1506 503 1547; x_wconf 83' lang='lat' dir='ltr'><strong>quoedam</strong></span> <span class='ocrx_word' id='word_1_302' title='bbox 519 1516 558 1538; x_wconf 85' lang='lat' dir='ltr'><strong>ex</strong></span> <span class='ocrx_word' id='word_1_303' title='bbox 575 1506 705 1538; x_wconf 88' lang='lat' dir='ltr'><strong>horrida</strong></span> <span class='ocrx_word' id='word_1_304' title='bbox 722 1507 776 1538; x_wconf 89' lang='lat' dir='ltr'><strong>illa</strong></span> <span class='ocrx_word' id='word_1_305' title='bbox 797 1507 988 1547; x_wconf 86' lang='lat' dir='ltr'><strong>antiquitate</strong></span> <span class='ocrx_word' id='word_1_306' title='bbox 1005 1506 1043 1538; x_wconf 92' lang='lat' dir='ltr'><strong>ad</strong></span> <span class='ocrx_word' id='word_1_307' title='bbox 1059 1510 1248 1547; x_wconf 79' lang='lat' dir='ltr'><strong>praesentem</strong></span> <span class='ocrx_word' id='word_1_308' title='bbox 1265 1517 1358 1540; x_wconf 87' lang='lat' dir='ltr'><strong>usum</strong></span> 
     </span>
     <span class='ocr_line' id='line_1_30' title="bbox 42 1553 1360 1595; baseline 0.001 -9"><span class='ocrx_word' id='word_1_309' title='bbox 42 1567 59 1583; x_wconf 81' lang='grc' dir='ltr'>ι</span> <span class='ocrx_word' id='word_1_310' title='bbox 75 1554 227 1587; x_wconf 82' lang='lat' dir='ltr'><strong>flexisset.</strong></span> <span class='ocrx_word' id='word_1_311' title='bbox 244 1567 260 1581; x_wconf 67' lang='grc' dir='ltr'><strong>ι»</strong></span> <span class='ocrx_word' id='word_1_312' title='bbox 291 1554 390 1594; x_wconf 83' lang='lat' dir='ltr'><strong>Igitur</strong></span> <span class='ocrx_word' id='word_1_313' title='bbox 406 1554 548 1586; x_wconf 86' lang='lat' dir='ltr'><strong>tractatis</strong></span> <span class='ocrx_word' id='word_1_314' title='bbox 565 1554 791 1595; x_wconf 86' lang='lat' dir='ltr'><strong>religionibus,</strong></span> <span class='ocrx_word' id='word_1_315' title='bbox 814 1554 967 1593; x_wconf 88' lang='lat' dir='ltr'><strong>placitum</strong></span> <span class='ocrx_word' id='word_1_316' title='bbox 990 1556 1152 1585; x_wconf 73' lang='lat' dir='ltr'><strong>instituto</strong></span> <span class='ocrx_word' id='word_1_317' title='bbox 1165 1553 1360 1594; x_wconf 76' lang='lat' dir='ltr'><strong>flaminum</strong></span> 
     </span>
     <span class='ocr_line' id='line_1_31' title="bbox 39 1600 1360 1642; baseline -0.003 -6"><span class='ocrx_word' id='word_1_318' title='bbox 39 1601 131 1636; x_wconf 80' lang='lat' dir='ltr'><strong>nihil</strong></span> <span class='ocrx_word' id='word_1_319' title='bbox 145 1601 320 1633; x_wconf 73' lang='lat' dir='ltr'><strong>denzutart</strong></span> <span class='ocrx_word' id='word_1_320' title='bbox 334 1612 344 1634; x_wconf 89' lang='lat'>:</span> <span class='ocrx_word' id='word_1_321' title='bbox 361 1601 415 1632; x_wconf 89' lang='lat' dir='ltr'><strong>sed</strong></span> <span class='ocrx_word' id='word_1_322' title='bbox 425 1602 492 1633; x_wconf 80' lang='lat' dir='ltr'><strong>lata</strong></span> <span class='ocrx_word' id='word_1_323' title='bbox 508 1601 557 1633; x_wconf 89' lang='lat' dir='ltr'><strong>lex</strong></span> <span class='ocrx_word' id='word_1_324' title='bbox 568 1625 577 1640; x_wconf 93' lang='lat'><strong>,</strong></span> <span class='ocrx_word' id='word_1_325' title='bbox 599 1611 662 1642; x_wconf 90' lang='lat' dir='ltr'><strong>qua</strong></span> <span class='ocrx_word' id='word_1_326' title='bbox 674 1600 859 1642; x_wconf 71' lang='lat' dir='ltr'><strong>flaminica</strong></span> <span class='ocrx_word' id='word_1_327' title='bbox 873 1601 987 1633; x_wconf 82' lang='lat' dir='ltr'><strong>Dialis</strong></span> <span class='ocrx_word' id='word_1_328' title='bbox 1003 1609 1184 1632; x_wconf 81' lang='lat' dir='ltr'><strong>sacrorum</strong></span> <span class='ocrx_word' id='word_1_329' title='bbox 1197 1609 1305 1633; x_wconf 81' lang='lat' dir='ltr'><strong>causa</strong></span> <span class='ocrx_word' id='word_1_330' title='bbox 1324 1604 1360 1632; x_wconf 71' lang='lat' dir='ltr'><strong>in</strong></span> 
     </span>
     <span class='ocr_line' id='line_1_32' title="bbox 35 1647 1360 1690; baseline -0.002 -10"><span class='ocrx_word' id='word_1_331' title='bbox 35 1649 208 1690; x_wconf 76' lang='lat' dir='ltr'><strong>potestate</strong></span> <span class='ocrx_word' id='word_1_332' title='bbox 224 1649 309 1688; x_wconf 73' lang='lat' dir='ltr'><strong>viri,</strong></span> <span class='ocrx_word' id='word_1_333' title='bbox 333 1650 449 1680; x_wconf 82' lang='lat' dir='ltr'><strong>cetera</strong></span> <span class='ocrx_word' id='word_1_334' title='bbox 474 1650 668 1688; x_wconf 75' lang='lat' dir='ltr'><strong>promiscuo</strong></span> <span class='ocrx_word' id='word_1_335' title='bbox 683 1647 901 1687; x_wconf 73' lang='lat' dir='ltr'><strong>serninarwn</strong></span> <span class='ocrx_word' id='word_1_336' title='bbox 922 1647 934 1665; x_wconf 85' lang='lat'><strong>³</strong></span> <span class='ocrx_word' id='word_1_337' title='bbox 950 1647 1034 1687; x_wconf 84' lang='lat' dir='ltr'><strong>jure</strong></span> <span class='ocrx_word' id='word_1_338' title='bbox 1062 1649 1189 1687; x_wconf 74' lang='lat' dir='ltr'><strong>aqcret.</strong></span> <span class='ocrx_word' id='word_1_339' title='bbox 1215 1650 1248 1679; x_wconf 87' lang='lat' dir='ltr'><strong>et</strong></span> <span class='ocrx_word' id='word_1_340' title='bbox 1273 1648 1360 1679; x_wconf 85' lang='lat' dir='ltr'><strong>filius</strong></span> 
     </span>
     <span class='ocr_line' id='line_1_33' title="bbox 40 1694 1361 1736; baseline -0.002 -8"><span class='ocrx_word' id='word_1_341' title='bbox 40 1695 269 1736; x_wconf 85' lang='lat' dir='ltr'><strong>Maluginensis</strong></span> <span class='ocrx_word' id='word_1_342' title='bbox 281 1696 369 1736; x_wconf 84' lang='lat' dir='ltr'><strong>patri</strong></span> <span class='ocrx_word' id='word_1_343' title='bbox 390 1695 557 1727; x_wconf 82' lang='lat' dir='ltr'><strong>suffectus.</strong></span> <span class='ocrx_word' id='word_1_344' title='bbox 574 1697 681 1735; x_wconf 89' lang='lat' dir='ltr'><strong>thue</strong></span> <span class='ocrx_word' id='word_1_345' title='bbox 701 1694 850 1734; x_wconf 84' lang='lat' dir='ltr'><strong>glisceret</strong></span> <span class='ocrx_word' id='word_1_346' title='bbox 869 1694 1012 1733; x_wconf 82' lang='lat' dir='ltr'><strong>dignatio</strong></span> <span class='ocrx_word' id='word_1_347' title='bbox 1038 1694 1241 1726; x_wconf 86' lang='lat' dir='ltr'><strong>sacerdotum</strong></span> <span class='ocrx_word' id='word_1_348' title='bbox 1264 1697 1361 1734; x_wconf 84' lang='lat' dir='ltr'><strong>atque</strong></span> 
     </span>
     <span class='ocr_line' id='line_1_34' title="bbox 39 1741 1362 1784; baseline -0.002 -9"><span class='ocrx_word' id='word_1_349' title='bbox 39 1743 119 1784; x_wconf 89' lang='lat' dir='ltr'><strong>ipsis</strong></span> <span class='ocrx_word' id='word_1_350' title='bbox 134 1743 313 1784; x_wconf 87' lang='lat' dir='ltr'><strong>promptior</strong></span> <span class='ocrx_word' id='word_1_351' title='bbox 331 1743 460 1774; x_wconf 86' lang='lat' dir='ltr'><strong>animus</strong></span> <span class='ocrx_word' id='word_1_352' title='bbox 477 1742 558 1774; x_wconf 87' lang='lat' dir='ltr'><strong>foret</strong></span> <span class='ocrx_word' id='word_1_353' title='bbox 577 1742 617 1774; x_wconf 87' lang='lat' dir='ltr'><strong>ad</strong></span> <span class='ocrx_word' id='word_1_354' title='bbox 635 1741 844 1782; x_wconf 88' lang='lat' dir='ltr'><strong>capessendas</strong></span> <span class='ocrx_word' id='word_1_355' title='bbox 863 1741 1063 1773; x_wconf 83' lang='lat' dir='ltr'><strong>caerimonias</strong></span> <span class='ocrx_word' id='word_1_356' title='bbox 1074 1765 1083 1781; x_wconf 94' lang='lat'><strong>,</strong></span> <span class='ocrx_word' id='word_1_357' title='bbox 1100 1741 1272 1773; x_wconf 72' lang='lat' dir='ltr'><strong>decretum</strong></span> <span class='ocrx_word' id='word_1_358' title='bbox 1281 1744 1362 1773; x_wconf 81' lang='lat' dir='ltr'><strong>Cor-</strong></span> 
     </span>
     <span class='ocr_line' id='line_1_35' title="bbox 41 1788 1363 1831; baseline -0.003 -8"><span class='ocrx_word' id='word_1_359' title='bbox 41 1790 142 1823; x_wconf 75' lang='lat' dir='ltr'><strong>nelioe</strong></span> <span class='ocrx_word' id='word_1_360' title='bbox 166 1790 295 1830; x_wconf 74' lang='lat' dir='ltr'><strong>virqim&#39;</strong></span> <span class='ocrx_word' id='word_1_361' title='bbox 310 1789 320 1808; x_wconf 80' lang='lat'><strong>⁴</strong></span> <span class='ocrx_word' id='word_1_362' title='bbox 336 1813 347 1831; x_wconf 93' lang='lat'><strong>,</strong></span> <span class='ocrx_word' id='word_1_363' title='bbox 363 1798 437 1830; x_wconf 81' lang='lat' dir='ltr'><strong>quae</strong></span> <span class='ocrx_word' id='word_1_364' title='bbox 461 1789 495 1820; x_wconf 90' lang='lat' dir='ltr'><strong>in</strong></span> <span class='ocrx_word' id='word_1_365' title='bbox 519 1789 628 1821; x_wconf 90' lang='lat' dir='ltr'><strong>locum</strong></span> <span class='ocrx_word' id='word_1_366' title='bbox 643 1788 780 1822; x_wconf 81' lang='lat' dir='ltr'><strong>scantiae</strong></span> <span class='ocrx_word' id='word_1_367' title='bbox 799 1788 812 1807; x_wconf 74' lang='lat'>⁵</span> <span class='ocrx_word' id='word_1_368' title='bbox 836 1788 1042 1829; x_wconf 85' lang='lat' dir='ltr'><strong>capiebatur,</strong></span> <span class='ocrx_word' id='word_1_369' title='bbox 1066 1788 1261 1820; x_wconf 65' lang='lat' dir='ltr'><strong>sestertium</strong></span> <span class='ocrx_word' id='word_1_370' title='bbox 1282 1790 1363 1820; x_wconf 74' lang='lat' dir='ltr'><strong>vici-</strong></span> 
     </span>
    </p>
   </div>
   <div class='ocr_carea' id='block_1_3' title="bbox 39 1894 1363 2458">
    <p class='ocr_par' dir='ltr' id='par_1_5' title="bbox 39 1894 1361 2030">
     <span class='ocr_line' id='line_1_36' title="bbox 69 1894 1361 1924; baseline -0.002 -3"><span class='ocrx_word' id='word_1_371' title='bbox 69 1897 129 1921; x_wconf 76' lang='lat' dir='ltr'><strong>XV.</strong></span> <span class='ocrx_word' id='word_1_372' title='bbox 144 1901 165 1921; x_wconf 75' lang='grc' dir='ltr'><strong>ι.</strong></span> <span class='ocrx_word' id='word_1_373' title='bbox 179 1894 332 1920; x_wconf 75' lang='lat' dir='ltr'><strong>Honoribus</strong></span> <span class='ocrx_word' id='word_1_374' title='bbox 357 1894 497 1919; x_wconf 85' lang='lat' dir='ltr'><strong>curulibus</strong></span> <span class='ocrx_word' id='word_1_375' title='bbox 518 1900 573 1919; x_wconf 87' lang='lat' dir='ltr'><strong>non</strong></span> <span class='ocrx_word' id='word_1_376' title='bbox 593 1894 700 1919; x_wconf 69' lang='lat' dir='ltr'><strong>Iuncto.</strong></span> <span class='ocrx_word' id='word_1_377' title='bbox 721 1907 747 1912; x_wconf 86' lang='lat'>-</span> <span class='ocrx_word' id='word_1_378' title='bbox 763 1900 789 1919; x_wconf 73' lang='grc' dir='ltr'><strong>ςι-</strong></span> <span class='ocrx_word' id='word_1_379' title='bbox 811 1894 1064 1924; x_wconf 77' lang='lat' dir='ltr'><strong>Splendidissimum</strong></span> <span class='ocrx_word' id='word_1_380' title='bbox 1079 1901 1086 1918; x_wconf 74' lang='lat' dir='ltr'><strong>t</strong></span> <span class='ocrx_word' id='word_1_381' title='bbox 1102 1899 1164 1918; x_wconf 89' lang='lat' dir='ltr'><strong>nam</strong></span> <span class='ocrx_word' id='word_1_382' title='bbox 1187 1899 1293 1922; x_wconf 86' lang='lat' dir='ltr'><strong>censor,</strong></span> <span class='ocrx_word' id='word_1_383' title='bbox 1316 1895 1361 1923; x_wconf 87' lang='lat' dir='ltr'><strong>qui</strong></span> 
     </span>
     <span class='ocr_line' id='line_1_37' title="bbox 39 1928 1360 1962; baseline -0.001 -7"><span class='ocrx_word' id='word_1_384' title='bbox 39 1931 152 1962; x_wconf 73' lang='lat' dir='ltr'><strong>singuiis</strong></span> <span class='ocrx_word' id='word_1_385' title='bbox 165 1931 355 1961; x_wconf 81' lang='lat' dir='ltr'><strong>quinquenniis</strong></span> <span class='ocrx_word' id='word_1_386' title='bbox 369 1930 456 1954; x_wconf 84' lang='lat' dir='ltr'><strong>creari</strong></span> <span class='ocrx_word' id='word_1_387' title='bbox 473 1929 554 1958; x_wconf 86' lang='lat' dir='ltr'><strong>soliti,</strong></span> <span class='ocrx_word' id='word_1_388' title='bbox 570 1930 595 1953; x_wconf 91' lang='lat' dir='ltr'><strong>in</strong></span> <span class='ocrx_word' id='word_1_389' title='bbox 611 1930 770 1960; x_wconf 83' lang='lat' dir='ltr'><strong>magistratu</strong></span> <span class='ocrx_word' id='word_1_390' title='bbox 789 1929 932 1953; x_wconf 72' lang='lat' dir='ltr'><strong>defunctus</strong></span> <span class='ocrx_word' id='word_1_391' title='bbox 944 1930 1030 1953; x_wconf 88' lang='lat' dir='ltr'><strong>multo</strong></span> <span class='ocrx_word' id='word_1_392' title='bbox 1046 1928 1211 1958; x_wconf 83' lang='lat' dir='ltr'><strong>splendidius</strong></span> <span class='ocrx_word' id='word_1_393' title='bbox 1230 1928 1288 1952; x_wconf 84' lang='lat' dir='ltr'><strong>aliis</strong></span> <span class='ocrx_word' id='word_1_394' title='bbox 1302 1935 1360 1954; x_wconf 89' lang='lat' dir='ltr'><strong>ma-</strong></span> 
     </span>
     <span class='ocr_line' id='line_1_38' title="bbox 42 1964 1353 1998; baseline -0.002 -7"><span class='ocrx_word' id='word_1_395' title='bbox 42 1966 200 1998; x_wconf 76' lang='lat' dir='ltr'><strong>gistratibus</strong></span> <span class='ocrx_word' id='word_1_396' title='bbox 213 1965 470 1995; x_wconf 64' lang='lat' dir='ltr'><strong>sepeliebatur—5.</strong></span> <span class='ocrx_word' id='word_1_397' title='bbox 481 1965 530 1990; x_wconf 83' lang='lat' dir='ltr'><strong>Ubi</strong></span> <span class='ocrx_word' id='word_1_398' title='bbox 543 1966 640 1989; x_wconf 85' lang='lat' dir='ltr'><strong>statuae</strong></span> <span class='ocrx_word' id='word_1_399' title='bbox 649 1966 767 1989; x_wconf 85' lang='lat' dir='ltr'><strong>omnium</strong></span> <span class='ocrx_word' id='word_1_400' title='bbox 782 1966 904 1988; x_wconf 83' lang='lat' dir='ltr'><strong>veterum</strong></span> <span class='ocrx_word' id='word_1_401' title='bbox 920 1964 1017 1988; x_wconf 89' lang='lat' dir='ltr'><strong>ducum</strong></span> <span class='ocrx_word' id='word_1_402' title='bbox 1031 1964 1064 1987; x_wconf 92' lang='lat' dir='ltr'><strong>ab</strong></span> <span class='ocrx_word' id='word_1_403' title='bbox 1079 1965 1199 1992; x_wconf 78' lang='lat' dir='ltr'><strong>Augusto</strong></span> <span class='ocrx_word' id='word_1_404' title='bbox 1211 1964 1353 1989; x_wconf 81' lang='lat' dir='ltr'><strong>conoeatae</strong></span> 
     </span>
     <span class='ocr_line' id='line_1_39' title="bbox 40 1998 1359 2030; baseline -0.002 -5"><span class='ocrx_word' id='word_1_405' title='bbox 40 2014 73 2022; x_wconf 90' lang='grc'><strong>-</strong></span> <span class='ocrx_word' id='word_1_406' title='bbox 84 2008 106 2027; x_wconf 71' lang='lat'><strong>⁴.</strong></span> <span class='ocrx_word' id='word_1_407' title='bbox 120 2002 191 2027; x_wconf 82' lang='lat' dir='ltr'><strong>Fisci</strong></span> <span class='ocrx_word' id='word_1_408' title='bbox 204 2001 308 2024; x_wconf 85' lang='lat' dir='ltr'><strong>reditus</strong></span> <span class='ocrx_word' id='word_1_409' title='bbox 324 2006 373 2030; x_wconf 84' lang='lat' dir='ltr'><strong>per</strong></span> <span class='ocrx_word' id='word_1_410' title='bbox 385 2001 538 2030; x_wconf 86' lang='lat' dir='ltr'><strong>provincias</strong></span> <span class='ocrx_word' id='word_1_411' title='bbox 552 2001 670 2030; x_wconf 83' lang='lat' dir='ltr'><strong>exigens.</strong></span> <span class='ocrx_word' id='word_1_412' title='bbox 683 2013 713 2018; x_wconf 97' lang='lat'><strong>—</strong></span> <span class='ocrx_word' id='word_1_413' title='bbox 724 2005 746 2023; x_wconf 77' lang='lat'><strong>⁵.</strong></span> <span class='ocrx_word' id='word_1_414' title='bbox 760 2000 870 2024; x_wconf 85' lang='lat' dir='ltr'><strong>Urbium</strong></span> <span class='ocrx_word' id='word_1_415' title='bbox 881 2000 1002 2023; x_wconf 88' lang='lat' dir='ltr'><strong>nomine.</strong></span> <span class='ocrx_word' id='word_1_416' title='bbox 1015 1999 1100 2025; x_wconf 84' lang='lat' dir='ltr'><strong>Nero,</strong></span> <span class='ocrx_word' id='word_1_417' title='bbox 1116 1998 1268 2022; x_wconf 84' lang='lat' dir='ltr'><strong>Germanici</strong></span> <span class='ocrx_word' id='word_1_418' title='bbox 1281 1999 1359 2026; x_wconf 78' lang='lat' dir='ltr'><strong>filius,</strong></span> 
     </span>
    </p>

    <p class='ocr_par' dir='ltr' id='par_1_6' title="bbox 40 2034 1363 2458">
     <span class='ocr_line' id='line_1_40' title="bbox 71 2034 1355 2066; baseline -0.002 -5"><span class='ocrx_word' id='word_1_419' title='bbox 71 2038 144 2064; x_wconf 77' lang='lat' dir='ltr'>XVI.</span> <span class='ocrx_word' id='word_1_420' title='bbox 162 2037 241 2066; x_wconf 58' lang='lat' dir='ltr'><strong>hQui</strong></span> <span class='ocrx_word' id='word_1_421' title='bbox 250 2042 298 2066; x_wconf 83' lang='lat' dir='ltr'><strong>per</strong></span> <span class='ocrx_word' id='word_1_422' title='bbox 308 2036 581 2065; x_wconf 80' lang='lat' dir='ltr'><strong>confarreationem,</strong></span> <span class='ocrx_word' id='word_1_423' title='bbox 590 2036 769 2060; x_wconf 82' lang='lat' dir='ltr'><strong>ceremoniam</strong></span> <span class='ocrx_word' id='word_1_424' title='bbox 780 2035 1016 2064; x_wconf 82' lang='lat' dir='ltr'><strong>religiosissimam,</strong></span> <span class='ocrx_word' id='word_1_425' title='bbox 1025 2034 1226 2058; x_wconf 86' lang='lat' dir='ltr'><strong>matrimonium</strong></span> <span class='ocrx_word' id='word_1_426' title='bbox 1235 2034 1355 2063; x_wconf 74' lang='lat' dir='ltr'><strong>inierant</strong></span> 
     </span>
     <span class='ocr_line' id='line_1_41' title="bbox 42 2069 1355 2102; baseline -0.002 -6"><span class='ocrx_word' id='word_1_427' title='bbox 42 2073 157 2100; x_wconf 61' lang='lat' dir='ltr'><strong>ustibus</strong></span> <span class='ocrx_word' id='word_1_428' title='bbox 168 2072 262 2096; x_wconf 87' lang='lat' dir='ltr'><strong>decem</strong></span> <span class='ocrx_word' id='word_1_429' title='bbox 276 2071 462 2102; x_wconf 69' lang='lat' dir='ltr'><strong>praesentibus,</strong></span> <span class='ocrx_word' id='word_1_430' title='bbox 473 2071 586 2095; x_wconf 90' lang='lat' dir='ltr'><strong>solemni</strong></span> <span class='ocrx_word' id='word_1_431' title='bbox 609 2077 701 2095; x_wconf 90' lang='lat' dir='ltr'><strong>coram</strong></span> <span class='ocrx_word' id='word_1_432' title='bbox 715 2069 842 2100; x_wconf 79' lang='lat' dir='ltr'><strong>pontifice</strong></span> <span class='ocrx_word' id='word_1_433' title='bbox 856 2070 973 2093; x_wconf 78' lang='lat' dir='ltr'><strong>maximo</strong></span> <span class='ocrx_word' id='word_1_434' title='bbox 990 2071 1016 2094; x_wconf 90' lang='lat' dir='ltr'><strong>et</strong></span> <span class='ocrx_word' id='word_1_435' title='bbox 1026 2070 1134 2093; x_wconf 83' lang='lat' dir='ltr'><strong>flamine</strong></span> <span class='ocrx_word' id='word_1_436' title='bbox 1147 2069 1217 2092; x_wconf 88' lang='lat' dir='ltr'><strong>Diali</strong></span> <span class='ocrx_word' id='word_1_437' title='bbox 1227 2069 1355 2096; x_wconf 80' lang='lat' dir='ltr'><strong>sacrificio</strong></span> 
     </span>
     <span class='ocr_line' id='line_1_42' title="bbox 43 2104 1360 2137; baseline -0.005 -3"><span class='ocrx_word' id='word_1_438' title='bbox 43 2110 127 2137; x_wconf 79' lang='lat' dir='ltr'><strong>racto,</strong></span> <span class='ocrx_word' id='word_1_439' title='bbox 139 2108 168 2131; x_wconf 86' lang='lat' dir='ltr'><strong>in</strong></span> <span class='ocrx_word' id='word_1_440' title='bbox 187 2113 240 2137; x_wconf 85' lang='lat' dir='ltr'><strong>quo</strong></span> <span class='ocrx_word' id='word_1_441' title='bbox 251 2108 327 2137; x_wconf 84' lang='lat' dir='ltr'><strong>panis</strong></span> <span class='ocrx_word' id='word_1_442' title='bbox 338 2107 461 2137; x_wconf 75' lang='lat' dir='ltr'><strong>sar-reus</strong></span> <span class='ocrx_word' id='word_1_443' title='bbox 479 2107 668 2131; x_wconf 86' lang='lat' dir='ltr'><strong>adhibebatur.</strong></span> <span class='ocrx_word' id='word_1_444' title='bbox 681 2119 709 2124; x_wconf 92' lang='lat'><strong>-—</strong></span> <span class='ocrx_word' id='word_1_445' title='bbox 719 2112 742 2130; x_wconf 83' lang='lat'><strong>2.</strong></span> <span class='ocrx_word' id='word_1_446' title='bbox 765 2106 855 2130; x_wconf 86' lang='lat' dir='ltr'><strong>Ceteri</strong></span> <span class='ocrx_word' id='word_1_447' title='bbox 873 2111 966 2129; x_wconf 86' lang='lat' dir='ltr'><strong>omnes</strong></span> <span class='ocrx_word' id='word_1_448' title='bbox 981 2110 1030 2135; x_wconf 82' lang='lat' dir='ltr'><strong>per</strong></span> <span class='ocrx_word' id='word_1_449' title='bbox 1041 2105 1123 2128; x_wconf 86' lang='lat' dir='ltr'><strong>vitam</strong></span> <span class='ocrx_word' id='word_1_450' title='bbox 1138 2105 1220 2133; x_wconf 85' lang='lat' dir='ltr'><strong>patris</strong></span> <span class='ocrx_word' id='word_1_451' title='bbox 1238 2104 1289 2128; x_wconf 87' lang='lat' dir='ltr'><strong>sub</strong></span> <span class='ocrx_word' id='word_1_452' title='bbox 1303 2106 1360 2134; x_wconf 81' lang='lat' dir='ltr'><strong>ejus</strong></span> 
     </span>
     <span class='ocr_line' id='line_1_43' title="bbox 40 2139 1357 2174; baseline -0.004 -6"><span class='ocrx_word' id='word_1_453' title='bbox 40 2142 182 2174; x_wconf 55' lang='lat' dir='ltr'><strong>potestne</strong></span> <span class='ocrx_word' id='word_1_454' title='bbox 191 2143 235 2167; x_wconf 82' lang='lat' dir='ltr'><strong>vel</strong></span> <span class='ocrx_word' id='word_1_455' title='bbox 245 2142 350 2173; x_wconf 76' lang='lat' dir='ltr'><strong>injure</strong></span> <span class='ocrx_word' id='word_1_456' title='bbox 360 2143 460 2172; x_wconf 71' lang='lat' dir='ltr'><strong>patrio</strong></span> <span class='ocrx_word' id='word_1_457' title='bbox 474 2142 629 2170; x_wconf 85' lang='lat' dir='ltr'><strong>manebant,</strong></span> <span class='ocrx_word' id='word_1_458' title='bbox 648 2143 747 2171; x_wconf 79' lang='lat' dir='ltr'><strong>praeter</strong></span> <span class='ocrx_word' id='word_1_459' title='bbox 760 2141 893 2164; x_wconf 79' lang='lat' dir='ltr'><strong>flaminem</strong></span> <span class='ocrx_word' id='word_1_460' title='bbox 917 2139 1030 2169; x_wconf 85' lang='lat' dir='ltr'><strong>Dialem,</strong></span> <span class='ocrx_word' id='word_1_461' title='bbox 1047 2139 1101 2169; x_wconf 86' lang='lat' dir='ltr'><strong>qui,</strong></span> <span class='ocrx_word' id='word_1_462' title='bbox 1118 2140 1148 2162; x_wconf 90' lang='lat' dir='ltr'><strong>ut</strong></span> <span class='ocrx_word' id='word_1_463' title='bbox 1164 2139 1208 2163; x_wconf 86' lang='lat' dir='ltr'><strong>hic</strong></span> <span class='ocrx_word' id='word_1_464' title='bbox 1227 2140 1357 2168; x_wconf 86' lang='lat' dir='ltr'><strong>videmus,</strong></span> 
     </span>
     <span class='ocr_line' id='line_1_44' title="bbox 44 2174 1359 2208; baseline -0.005 -5"><span class='ocrx_word' id='word_1_465' title='bbox 44 2185 107 2204; x_wconf 79' lang='lat' dir='ltr'><strong>cum</strong></span> <span class='ocrx_word' id='word_1_466' title='bbox 118 2179 277 2203; x_wconf 80' lang='lat' dir='ltr'><strong>caerimomis</strong></span> <span class='ocrx_word' id='word_1_467' title='bbox 286 2179 350 2202; x_wconf 78' lang='lat' dir='ltr'><strong>inde</strong></span> <span class='ocrx_word' id='word_1_468' title='bbox 359 2178 459 2202; x_wconf 83' lang='lat' dir='ltr'><strong>exibat.</strong></span> <span class='ocrx_word' id='word_1_469' title='bbox 469 2179 544 2202; x_wconf 84' lang='lat' dir='ltr'><strong>Ritus</strong></span> <span class='ocrx_word' id='word_1_470' title='bbox 553 2177 698 2208; x_wconf 81' lang='lat' dir='ltr'><strong>nuptiales,</strong></span> <span class='ocrx_word' id='word_1_471' title='bbox 706 2176 805 2206; x_wconf 83' lang='lat' dir='ltr'><strong>quibus</strong></span> <span class='ocrx_word' id='word_1_472' title='bbox 814 2177 911 2200; x_wconf 82' lang='lat' dir='ltr'><strong>flamen</strong></span> <span class='ocrx_word' id='word_1_473' title='bbox 917 2175 1100 2205; x_wconf 73' lang='lat' dir='ltr'><strong>flammicam</strong></span> <span class='ocrx_word' id='word_1_474' title='bbox 1112 2175 1177 2198; x_wconf 87' lang='lat' dir='ltr'><strong>item</strong></span> <span class='ocrx_word' id='word_1_475' title='bbox 1194 2174 1359 2198; x_wconf 69' lang='lat' dir='ltr'><strong>farreatione</strong></span> 
     </span>
     <span class='ocr_line' id='line_1_45' title="bbox 44 2210 1361 2243; baseline -0.005 -4"><span class='ocrx_word' id='word_1_476' title='bbox 44 2214 172 2243; x_wconf 77' lang='lat' dir='ltr'><strong>ducebat,</strong></span> <span class='ocrx_word' id='word_1_477' title='bbox 197 2213 390 2238; x_wconf 81' lang='lat' dir='ltr'><strong>describuntur</strong></span> <span class='ocrx_word' id='word_1_478' title='bbox 405 2219 420 2237; x_wconf 90' lang='lat' dir='ltr'><strong>a</strong></span> <span class='ocrx_word' id='word_1_479' title='bbox 438 2213 532 2238; x_wconf 85' lang='lat' dir='ltr'><strong>Servio</strong></span> <span class='ocrx_word' id='word_1_480' title='bbox 551 2213 586 2236; x_wconf 91' lang='lat' dir='ltr'><strong>ad</strong></span> <span class='ocrx_word' id='word_1_481' title='bbox 611 2213 683 2242; x_wconf 88' lang='lat' dir='ltr'><strong>Virg.</strong></span> <span class='ocrx_word' id='word_1_482' title='bbox 703 2211 817 2237; x_wconf 79' lang='lat' dir='ltr'><strong>AEneid.</strong></span> <span class='ocrx_word' id='word_1_483' title='bbox 841 2212 883 2240; x_wconf 75' lang='lat' dir='ltr'><strong>fv,</strong></span> <span class='ocrx_word' id='word_1_484' title='bbox 906 2215 957 2235; x_wconf 68' lang='lat'>³⁷4.</span> <span class='ocrx_word' id='word_1_485' title='bbox 976 2210 1084 2234; x_wconf 83' lang='lat' dir='ltr'><strong>Manus</strong></span> <span class='ocrx_word' id='word_1_486' title='bbox 1106 2210 1222 2234; x_wconf 86' lang='lat' dir='ltr'><strong>vocatur</strong></span> <span class='ocrx_word' id='word_1_487' title='bbox 1238 2211 1361 2239; x_wconf 87' lang='lat' dir='ltr'><strong>potestas</strong></span> 
     </span>
     <span class='ocr_line' id='line_1_46' title="bbox 44 2246 1359 2279; baseline -0.005 -6"><span class='ocrx_word' id='word_1_488' title='bbox 44 2249 146 2278; x_wconf 86' lang='lat' dir='ltr'><strong>mariti,</strong></span> <span class='ocrx_word' id='word_1_489' title='bbox 162 2248 241 2279; x_wconf 82' lang='lat' dir='ltr'><strong>plena</strong></span> <span class='ocrx_word' id='word_1_490' title='bbox 259 2249 287 2272; x_wconf 87' lang='lat' dir='ltr'><strong>in</strong></span> <span class='ocrx_word' id='word_1_491' title='bbox 304 2249 410 2273; x_wconf 84' lang='lat' dir='ltr'><strong>flamine</strong></span> <span class='ocrx_word' id='word_1_492' title='bbox 432 2249 478 2278; x_wconf 81' lang='lat' dir='ltr'><strong>qui</strong></span> <span class='ocrx_word' id='word_1_493' title='bbox 489 2254 504 2272; x_wconf 87' lang='lat' dir='ltr'><strong>e</strong></span> <span class='ocrx_word' id='word_1_494' title='bbox 518 2249 607 2278; x_wconf 86' lang='lat' dir='ltr'><strong>patria</strong></span> <span class='ocrx_word' id='word_1_495' title='bbox 629 2249 765 2277; x_wconf 88' lang='lat' dir='ltr'><strong>potestate</strong></span> <span class='ocrx_word' id='word_1_496' title='bbox 783 2246 1014 2271; x_wconf 78' lang='lat' dir='ltr'><strong>exieratzceterae</strong></span> <span class='ocrx_word' id='word_1_497' title='bbox 1025 2251 1133 2273; x_wconf 81' lang='lat' dir='ltr'><strong>uxoreS,</strong></span> <span class='ocrx_word' id='word_1_498' title='bbox 1147 2250 1260 2274; x_wconf 85' lang='lat' dir='ltr'><strong>quarum</strong></span> <span class='ocrx_word' id='word_1_499' title='bbox 1277 2250 1359 2268; x_wconf 71' lang='lat' dir='ltr'><strong>soce»-</strong></span> 
     </span>
     <span class='ocr_line' id='line_1_47' title="bbox 45 2280 1362 2318; baseline -0.005 -8"><span class='ocrx_word' id='word_1_500' title='bbox 45 2286 165 2314; x_wconf 75' lang='lat' dir='ltr'><strong>vivebat,</strong></span> <span class='ocrx_word' id='word_1_501' title='bbox 177 2285 291 2309; x_wconf 85' lang='lat' dir='ltr'><strong>erantin</strong></span> <span class='ocrx_word' id='word_1_502' title='bbox 309 2290 399 2309; x_wconf 81' lang='lat' dir='ltr'><strong>manu</strong></span> <span class='ocrx_word' id='word_1_503' title='bbox 410 2285 510 2313; x_wconf 85' lang='lat' dir='ltr'><strong>mariti,</strong></span> <span class='ocrx_word' id='word_1_504' title='bbox 527 2285 555 2308; x_wconf 88' lang='lat' dir='ltr'><strong>in</strong></span> <span class='ocrx_word' id='word_1_505' title='bbox 573 2285 712 2314; x_wconf 79' lang='lat' dir='ltr'><strong>potestate</strong></span> <span class='ocrx_word' id='word_1_506' title='bbox 724 2284 812 2307; x_wconf 87' lang='lat' dir='ltr'><strong>soceri</strong></span> <span class='ocrx_word' id='word_1_507' title='bbox 824 2282 868 2306; x_wconf 85' lang='lat' dir='ltr'><strong>vel</strong></span> <span class='ocrx_word' id='word_1_508' title='bbox 891 2282 974 2311; x_wconf 85' lang='lat' dir='ltr'><strong>patris</strong></span> <span class='ocrx_word' id='word_1_509' title='bbox 993 2281 1060 2310; x_wconf 88' lang='lat' dir='ltr'><strong>ejus.</strong></span> <span class='ocrx_word' id='word_1_510' title='bbox 1072 2293 1100 2297; x_wconf 91' lang='lat'>—</span> <span class='ocrx_word' id='word_1_511' title='bbox 1113 2286 1136 2304; x_wconf 78' lang='lat'><strong>5.</strong></span> <span class='ocrx_word' id='word_1_512' title='bbox 1147 2280 1210 2309; x_wconf 82' lang='lat' dir='ltr'><strong>Quae</strong></span> <span class='ocrx_word' id='word_1_513' title='bbox 1230 2280 1294 2318; x_wconf 77' lang='lat' dir='ltr'><strong>sunt</strong></span> <span class='ocrx_word' id='word_1_514' title='bbox 1315 2281 1362 2304; x_wconf 53' lang='lat' dir='ltr'><strong>vel‘</strong></span> 
     </span>
     <span class='ocr_line' id='line_1_48' title="bbox 47 2314 1362 2352; baseline -0.007 -6"><span class='ocrx_word' id='word_1_515' title='bbox 47 2321 80 2346; x_wconf 70' lang='lat' dir='ltr'><strong>in</strong></span> <span class='ocrx_word' id='word_1_516' title='bbox 90 2321 230 2352; x_wconf 75' lang='lat' dir='ltr'><strong>potestate</strong></span> <span class='ocrx_word' id='word_1_517' title='bbox 241 2321 344 2350; x_wconf 74' lang='lat' dir='ltr'><strong>patris,</strong></span> <span class='ocrx_word' id='word_1_518' title='bbox 356 2320 408 2349; x_wconf 88' lang='lat' dir='ltr'><strong>vel,</strong></span> <span class='ocrx_word' id='word_1_519' title='bbox 418 2325 468 2344; x_wconf 87' lang='lat' dir='ltr'><strong>avo</strong></span> <span class='ocrx_word' id='word_1_520' title='bbox 482 2320 510 2343; x_wconf 88' lang='lat' dir='ltr'><strong>et</strong></span> <span class='ocrx_word' id='word_1_521' title='bbox 525 2321 601 2349; x_wconf 88' lang='lat' dir='ltr'><strong>patre</strong></span> <span class='ocrx_word' id='word_1_522' title='bbox 612 2320 735 2347; x_wconf 87' lang='lat' dir='ltr'><strong>mortuis,</strong></span> <span class='ocrx_word' id='word_1_523' title='bbox 748 2318 794 2343; x_wconf 81' lang='lat' dir='ltr'><strong>sui</strong></span> <span class='ocrx_word' id='word_1_524' title='bbox 803 2318 890 2347; x_wconf 84' lang='lat' dir='ltr'><strong>juris.</strong></span> <span class='ocrx_word' id='word_1_525' title='bbox 901 2317 937 2342; x_wconf 81' lang='lat' dir='ltr'><strong>At</strong></span> <span class='ocrx_word' id='word_1_526' title='bbox 951 2317 978 2340; x_wconf 89' lang='lat' dir='ltr'><strong>in</strong></span> <span class='ocrx_word' id='word_1_527' title='bbox 992 2315 1074 2340; x_wconf 87' lang='lat' dir='ltr'><strong>rebus</strong></span> <span class='ocrx_word' id='word_1_528' title='bbox 1086 2315 1120 2339; x_wconf 92' lang='lat' dir='ltr'><strong>ad</strong></span> <span class='ocrx_word' id='word_1_529' title='bbox 1131 2320 1209 2339; x_wconf 87' lang='lat' dir='ltr'><strong>sacra</strong></span> <span class='ocrx_word' id='word_1_530' title='bbox 1225 2314 1362 2344; x_wconf 83' lang='lat' dir='ltr'><strong>pertinen-</strong></span> 
     </span>
     <span class='ocr_line' id='line_1_49' title="bbox 47 2348 1363 2389; baseline -0.008 -8"><span class='ocrx_word' id='word_1_531' title='bbox 47 2356 123 2382; x_wconf 73' lang='lat' dir='ltr'><strong>tibus</strong></span> <span class='ocrx_word' id='word_1_532' title='bbox 146 2357 280 2381; x_wconf 78' lang='lat' dir='ltr'><strong>flaminica</strong></span> <span class='ocrx_word' id='word_1_533' title='bbox 301 2356 360 2379; x_wconf 86' lang='lat' dir='ltr'><strong>erat</strong></span> <span class='ocrx_word' id='word_1_534' title='bbox 372 2355 401 2378; x_wconf 88' lang='lat' dir='ltr'><strong>in</strong></span> <span class='ocrx_word' id='word_1_535' title='bbox 413 2356 550 2384; x_wconf 82' lang='lat' dir='ltr'><strong>potestate</strong></span> <span class='ocrx_word' id='word_1_536' title='bbox 563 2355 623 2378; x_wconf 88' lang='lat' dir='ltr'><strong>viri.</strong></span> <span class='ocrx_word' id='word_1_537' title='bbox 633 2366 665 2372; x_wconf 90' lang='lat'>-</span> <span class='ocrx_word' id='word_1_538' title='bbox 675 2359 696 2379; x_wconf 67' lang='lat' dir='ltr'><strong>a.</strong></span> <span class='ocrx_word' id='word_1_539' title='bbox 711 2354 755 2378; x_wconf 89' lang='lat' dir='ltr'><strong>Sc.</strong></span> <span class='ocrx_word' id='word_1_540' title='bbox 768 2352 877 2377; x_wconf 85' lang='lat' dir='ltr'><strong>Vestali.</strong></span> <span class='ocrx_word' id='word_1_541' title='bbox 887 2364 916 2369; x_wconf 93' lang='lat'><em>-</em></span> <span class='ocrx_word' id='word_1_542' title='bbox 926 2356 948 2376; x_wconf 75' lang='grc' dir='ltr'><strong>ις.</strong></span> <span class='ocrx_word' id='word_1_543' title='bbox 965 2351 1085 2379; x_wconf 81' lang='lat' dir='ltr'><strong>Mortuae,</strong></span> <span class='ocrx_word' id='word_1_544' title='bbox 1098 2351 1129 2373; x_wconf 85' lang='lat' dir='ltr'><strong>ut</strong></span> <span class='ocrx_word' id='word_1_545' title='bbox 1141 2350 1255 2373; x_wconf 84' lang='lat' dir='ltr'><strong>videtur.</strong></span> <span class='ocrx_word' id='word_1_546' title='bbox 1275 2348 1363 2389; x_wconf 56' lang='lat' dir='ltr'><strong>C4P1</strong></span> 
     </span>
     <span class='ocr_line' id='line_1_50' title="bbox 47 2385 1361 2424; baseline -0.007 -8"><span class='ocrx_word' id='word_1_547' title='bbox 47 2392 129 2422; x_wconf 77' lang='lat' dir='ltr'><strong>vir-90</strong></span> <span class='ocrx_word' id='word_1_548' title='bbox 141 2392 294 2422; x_wconf 75' lang='lat' dir='ltr'><strong>propterea</strong></span> <span class='ocrx_word' id='word_1_549' title='bbox 304 2390 363 2414; x_wconf 81' lang='lat' dir='ltr'><strong>dici</strong></span> <span class='ocrx_word' id='word_1_550' title='bbox 375 2390 500 2419; x_wconf 75' lang='lat' dir='ltr'><strong>videtur,</strong></span> <span class='ocrx_word' id='word_1_551' title='bbox 513 2390 583 2419; x_wconf 75' lang='lat' dir='ltr'><strong>quia</strong></span> <span class='ocrx_word' id='word_1_552' title='bbox 592 2389 737 2420; x_wconf 69' lang='lat' dir='ltr'><strong>pontificis</strong></span> <span class='ocrx_word' id='word_1_553' title='bbox 750 2394 839 2412; x_wconf 80' lang='lat' dir='ltr'><strong>manu</strong></span> <span class='ocrx_word' id='word_1_554' title='bbox 848 2387 998 2417; x_wconf 78' lang='lat' dir='ltr'><strong>prehensa,</strong></span> <span class='ocrx_word' id='word_1_555' title='bbox 1020 2385 1056 2410; x_wconf 83' lang='lat' dir='ltr'><strong>ab</strong></span> <span class='ocrx_word' id='word_1_556' title='bbox 1065 2390 1098 2410; x_wconf 85' lang='lat' dir='ltr'><strong>eo</strong></span> <span class='ocrx_word' id='word_1_557' title='bbox 1114 2386 1207 2424; x_wconf 67' lang='lat' dir='ltr'><strong>patre,</strong></span> <span class='ocrx_word' id='word_1_558' title='bbox 1227 2385 1258 2408; x_wconf 78' lang='lat' dir='ltr'><strong>in</strong></span> <span class='ocrx_word' id='word_1_559' title='bbox 1278 2389 1361 2422; x_wconf 61' lang='lat' dir='ltr'><strong>cujus</strong></span> 
     </span>
     <span class='ocr_line' id='line_1_51' title="bbox 49 2420 1360 2458; baseline -0.008 -2"><span class='ocrx_word' id='word_1_560' title='bbox 49 2428 195 2458; x_wconf 66' lang='lat' dir='ltr'><strong>potestate,</strong></span> <span class='ocrx_word' id='word_1_561' title='bbox 208 2426 298 2454; x_wconf 73' lang='lat' dir='ltr'><strong>veluti</strong></span> <span class='ocrx_word' id='word_1_562' title='bbox 308 2424 378 2450; x_wconf 81' lang='lat' dir='ltr'><strong>bello</strong></span> <span class='ocrx_word' id='word_1_563' title='bbox 394 2425 480 2454; x_wconf 77' lang='lat' dir='ltr'><strong>capta</strong></span> <span class='ocrx_word' id='word_1_564' title='bbox 492 2424 648 2452; x_wconf 79' lang='lat' dir='ltr'><strong>abducitur</strong></span> <span class='ocrx_word' id='word_1_565' title='bbox 661 2426 705 2455; x_wconf 73' lang='lat' dir='ltr'><strong>(A.</strong></span> <span class='ocrx_word' id='word_1_566' title='bbox 723 2424 822 2449; x_wconf 82' lang='lat' dir='ltr'><strong>Gellius</strong></span> <span class='ocrx_word' id='word_1_567' title='bbox 839 2423 862 2454; x_wconf 84' lang='lat'><strong>1,</strong></span> <span class='ocrx_word' id='word_1_568' title='bbox 884 2422 930 2452; x_wconf 66' lang='grc' dir='ltr'><strong>ια),</strong></span> <span class='ocrx_word' id='word_1_569' title='bbox 951 2427 1004 2452; x_wconf 83' lang='lat' dir='ltr'><strong>quo</strong></span> <span class='ocrx_word' id='word_1_570' title='bbox 1017 2421 1073 2446; x_wconf 85' lang='lat' dir='ltr'><strong>ritu</strong></span> <span class='ocrx_word' id='word_1_571' title='bbox 1090 2422 1180 2450; x_wconf 80' lang='lat' dir='ltr'><strong>patria</strong></span> <span class='ocrx_word' id='word_1_572' title='bbox 1199 2420 1320 2450; x_wconf 78' lang='lat' dir='ltr'><strong>potestas</strong></span> <span class='ocrx_word' id='word_1_573' title='bbox 1331 2424 1360 2445; x_wconf 78' lang='lat' dir='ltr'><strong>m</strong></span> 
     </span>
    </p>
   </div>
  </div>
 </body>
</html>
