1539 2668
492 119 527 147 A.
552 119 590 146 U.
614 118 648 146 C.
674 117 745 146 767.
783 117 820 145 A.
843 118 878 145 C.
906 115 954 146 14.
1367 117 1385 147 7

62 210 79 226 α
93 195 289 233 Antonium,
311 193 482 225 Tarentino
506 184 763 230 Brundisinoque
784 189 903 222 soedere
926 190 935 207 ⁷
961 190 994 221 et
1023 189 1147 229 nuptiis
1166 191 1285 222 sororis
1316 191 1383 223 ille-

63 257 80 272 «
93 245 202 281 ctum,
224 241 367 274 subdolae
389 239 556 271 affinitatis
580 247 688 279 poenas
714 239 818 269 morte
843 237 1024 269 exsolvisse.
1052 246 1163 276 pacem
1190 237 1257 268 siue
1283 237 1384 270 dubio

63 304 78 319 «ι
94 292 167 331 post
193 291 282 329 haec,
307 296 418 320 verum
447 290 615 318 cruentam
633 295 642 317 z
657 285 817 317 Lolliauos
838 285 1058 324 Varianasque
1093 284 1199 315 clades
1213 284 1224 301 ³
1244 307 1253 323 ,
1283 284 1384 316 inter-

62 351 79 366 «
94 338 196 369 sectos
210 341 320 367 Romae
332 338 503 373 varrones,
518 333 680 373 Egnatios‚
696 332 783 364 Iulos
793 332 818 360 ⁹.
835 346 849 359 υ
866 336 931 364 Nec
944 331 1131 362 domesticis
1146 331 1386 362 abstinebatur:

64 385 232 416 «abducta
245 381 362 414 Neroni
378 390 460 412 uxor
478 381 504 399 ¹⁰
526 391 533 411 :
550 385 589 420 Q.
608 380 698 412 Tedii
720 383 753 411 et
772 380 861 411 Vedii
879 379 1029 410 Pollionis
1047 379 1071 395 ¹¹
1092 379 1208 409 luxus:
1225 381 1390 418 postremo

63 444 78 458 «
94 431 184 463 Livia
197 455 206 469 ,
224 429 328 470 gravis
343 429 376 460 in
390 428 621 468 rempublicam
642 429 745 458 mater
757 451 766 465 ‚
789 427 896 467 gravis
919 426 1031 457 domui
1054 429 1219 457 Caesarum
1240 435 1389 457 noverea.

65 492 79 505 ιι
94 478 171 509 nibil
186 477 320 507 deorum
337 475 513 507 bonoribus
528 476 674 506 relictum
691 499 700 513 ,
719 483 820 514 quum
843 483 875 505 se
898 474 1027 514 templis
1040 476 1073 505 et
1092 473 1196 513 effigie
1218 473 1389 504 numinum

63 537 78 551 «
94 533 150 565 per
162 524 307 555 flamines
323 525 355 554 et
376 522 559 554 sacerdotes
583 522 644 553 coli
669 521 766 553 vellet
784 520 823 551 ¹².
851 530 891 553 ne
910 521 1074 552 Tiberium
1099 521 1229 561 quidem
1255 521 1388 552 caritate

64 585 78 599 «
95 573 151 602 aut
166 570 352 611 reipublicae
365 579 441 601 cura
459 578 682 601 successorem
705 569 865 608 ascitum3
895 569 973 607 sed,
1003 569 1154 608 quoniam
1176 569 1392 607 arrogantiam

63 631 78 645 «
94 618 319 657 saevitiamque
347 621 418 657 ejus
440 617 667 657 introspexerit
688 639 696 654 ,
723 617 963 656 comparatione
984 616 1157 647 deterrima
1183 615 1210 633 ¹³
1240 615 1302 646 sibi
1329 615 1393 653 glo-

64 678 79 693 «
94 666 175 696 riam
190 665 390 705 quaesivisse.
403 678 418 692 »
435 666 554 697 etenim
571 666 734 704 Augustus
748 664 859 704 paucis
873 668 947 695 ante
962 664 1065 703 anuis,
1082 672 1182 704 quum
1197 663 1325 694 Tiberio
1340 662 1393 692 tri-

64 711 228 743 buniciam
247 715 437 752 potestatem
464 722 481 743 a
507 713 654 744 Patribus
678 721 805 744 rursum
830 712 1025 752 postularet,
1054 719 1252 751 quamquam
1274 711 1394 741 honora

62 759 225 797 oratione,
253 759 403 799 quaedam
422 759 462 791 de
481 760 593 791 habitu
619 760 774 799 cultuque
794 761 828 791 et
852 758 1007 790 institutis
1029 757 1134 797 eJus¹¹
1159 758 1299 798 jecerat,
1323 765 1395 797 quae

64 806 155 837 velut
171 806 356 837 excusando
378 807 597 846 exprobraret.

104 856 156 884 XI.
188 856 338 884 Ceterum
367 854 530 893 sepultura
552 864 641 885 more
664 855 818 895 perfecta,
838 853 996 891 templum
1018 855 1049 883 et
1065 852 1210 883 caelestes
1228 851 1395 890 religiones

62 899 291 931 decernuntur.
308 904 416 931 Versae
439 901 513 932 inde
530 901 569 932 ad
586 901 749 933 Tiberium
769 909 879 941 preces
895 901 917 931 ¹.
937 903 968 931 et
984 900 1034 930 ille
1048 899 1137 929 varie
1153 898 1344 935 disserebat,
1356 897 1396 929 de

63 946 284 986 magnitudine
304 948 441 988 imperii,
461 948 729 987 suamodestia23
750 949 878 980 «solam
891 948 958 978 divi
981 947 1113 986 Augusti
1132 947 1273 976 mentem
1300 947 1396 976 tantae

66 1006 82 1021 «
96 994 191 1025 molis
208 1003 379 1034 capacem3
399 1005 434 1026 se
451 996 483 1026 iu
499 998 624 1036 partem
640 1005 791 1027 curarum
814 995 855 1026 ab
880 995 935 1026 iiio
959 997 1108 1025 vocatum
1129 992 1326 1032 experiendo
1351 991 1396 1022 di-

65 1053 81 1068 «
96 1040 212 1072 dicisse
223 1066 232 1080 ,
247 1051 344 1082 quam
362 1042 500 1074 arduum
516 1066 524 1081 ,
542 1052 639 1083 quam
655 1044 837 1082 subjectum
854 1043 994 1072 fortunae
1011 1040 1141 1081 regendi
1165 1040 1283 1070 cuncta
1301 1047 1394 1070 onus.

66 1088 232 1127 «proinde
257 1089 289 1119 in
309 1090 438 1120 civitate
467 1093 515 1121 tot
539 1090 717 1122 illustribus
742 1090 821 1121 viris
848 1089 986 1120 subnixa
1007 1097 1070 1118 non
1094 1087 1135 1118 ad
1158 1095 1260 1118 uuum
1288 1086 1397 1118 omnia

65 1147 82 1162 u
98 1134 262 1166 deterrent
286 1135 297 1152 ³
330 1145 337 1165 :
372 1137 481 1175 plures
504 1137 630 1168 facilius
649 1138 760 1168 munia
794 1135 982 1176 reipublicae
1005 1135 1135 1166 sociatis
1158 1134 1325 1165 laboribus
1345 1142 1398 1165 ex-

68 1193 83 1208 «
98 1184 278 1213 secuturos.
295 1194 312 1209 ι»
330 1183 406 1213 Plus
427 1183 458 1213 in
482 1183 626 1214 oratione
643 1184 699 1214 tali
715 1182 879 1221 dignitatis
901 1191 999 1222 quam
1016 1182 1088 1213 fidei
1106 1186 1186 1221 erat,
1205 1182 1398 1221 Tiberioque

65 1229 162 1259 etiam
179 1229 213 1259 in
227 1230 322 1260 relius
339 1239 420 1269 quas
437 1239 499 1260 uon
517 1231 693 1268 occuleret,
714 1238 770 1261 seu
785 1231 899 1260 natura
912 1229 981 1260 sive
1002 1229 1225 1268 assuetudine,
1242 1238 1398 1270 suspensa

67 1283 194 1316 semper
210 1279 241 1307 et
254 1276 391 1307 obscura
410 1277 525 1315 verba,
540 1280 618 1308 tunc
636 1285 713 1307 vero
733 1277 863 1313 nitenti,
888 1279 923 1306 ut
946 1284 1059 1307 sensus
1072 1284 1149 1307 suos
1163 1277 1290 1316 penitus
1304 1277 1397 1308 abde-

66 1324 126 1361 ret,
142 1322 173 1353 in
193 1323 351 1354 incertum
378 1327 409 1354 et
431 1324 618 1363 ambiguum
648 1323 750 1362 magis
776 1323 1035 1362 implicabantur.
1066 1326 1107 1353 At
1130 1326 1256 1361 Patres,
1280 1322 1398 1362 quibus

67 1377 151 1400 unus
163 1372 288 1409 metus,
307 1371 332 1401 si
351 1371 525 1411 intelligere
548 1370 746 1408 viderentur,
763 1370 796 1400 in
818 1372 966 1410 questus,
981 1370 1143 1408 lacrimas,
1160 1373 1236 1401 vota
1250 1369 1377 1401 effundi
1388 1379 1398 1408 ;

67 1416 108 1446 ad
124 1416 210 1455 deos,
235 1417 274 1448 ad
290 1418 426 1457 et'tigiem
444 1418 592 1458 Augusti,
611 1417 652 1448 ad
670 1426 774 1457 genua
793 1417 893 1457 ipsius
911 1425 1027 1448 manus
1048 1416 1191 1454 tendere,
1211 1426 1313 1457 quum
1329 1426 1398 1456 pro-

68 1461 143 1494 serri
165 1464 329 1495 libellum¹
352 1466 544 1505 recitarique
563 1465 670 1504 jussit.
699 1473 776 1504 opes
792 1465 931 1505 publicae
948 1464 1216 1502 continebantur3
1239 1465 1398 1504 quantum

67 1507 190 1541 civium
207 1512 435 1553 sociorumque
452 1513 484 1543 in
502 1513 610 1552 armis,
627 1514 707 1553 quot
722 1512 852 1551 classes,
871 1521 979 1552 regua,
998 1512 1185 1552 provinciae,
1209 1511 1330 1543 tributa
1344 1514 1398 1542 aut

67 1558 237 1597 vectigalia
257 1562 289 1590 et
310 1561 541 1592 necessitates⁵
561 1569 598 1591 ac
623 1560 818 1599 largitiones
843 1568 917 1600 quae
938 1561 1054 1590 cuncta
1071 1568 1129 1590 sua
1145 1567 1241 1590 manu
1267 1558 1400 1599 perscri-

69 1607 175 1643 pserat
187 1610 364 1646 Augustus,
379 1608 611 1648 addideratque
628 1607 797 1639 consilium
807 1607 977 1639 coercendi
992 1607 1079 1638 intra
1094 1606 1248 1638 terminos
1258 1606 1398 1647 imperii,

70 1650 229 1684 incertum
247 1657 335 1685 metu
352 1663 393 1685 an
409 1663 464 1694 per
481 1655 648 1686 invidiam.

111 1703 178 1730 ΧΠ.
196 1702 284 1731 luter
299 1710 372 1741 quae
388 1704 501 1733 senatu
517 1702 558 1733 ad
573 1703 701 1734 intimas
717 1702 948 1734 obtestationes
962 1701 1204 1741 procumbente,
1219 1700 1303 1732 dixit
1319 1701 1400 1732 sorte

70 1745 228 1786 Tiberius,
251 1757 299 1787 se,
317 1750 356 1780 uc
374 1757 440 1780 non
459 1751 521 1780 toli
544 1750 741 1790 reipublicae
751 1758 887 1790 parem,
909 1750 974 1783 ita,
997 1756 1220 1789 quaecumque
1236 1757 1320 1788 pars
1336 1748 1400 1779 sibi

70 1793 338 1835 mandarant-¹,
367 1797 440 1836 ejus
464 1797 614 1828 tutelam
629 1799 884 1838 suscepturum.
912 1799 982 1827 tum
1000 1796 1130 1827 Asinius
1147 1796 1268 1833 Gallus,
1286 1797 1307 1827 Ι
1311 1797 1400 1826 nter-

71 1872 274 1898 inimicitiarum
288 1880 369 1899 causa
384 1876 516 1900 admissos
529 1883 595 1900 esse.
609 1889 640 1893 —
653 1882 676 1900 7.
694 1877 769 1901 Prius
789 1877 849 1900 erat
865 1876 950 1900 roedus
964 1875 1152 1899 Brundisinum
1164 1894 1170 1903 ,
1191 1881 1215 1898 a.
1232 1876 1263 1900 U.
1282 1881 1324 1899 71¹.
1339 1877 1404 1905 jun-

71 1908 163 1935 ctum,
183 1910 254 1938 quod
274 1913 375 1934 secutae
391 1912 453 1934 sunt
472 1913 572 1941 nuptiae
588 1912 699 1935 Antonii
719 1917 780 1935 cum
793 1912 922 1939 Octavia;
944 1911 1122 1935 Tarentinum
1143 1911 1207 1934 anni
1224 1916 1275 1934 ⁷17.
1289 1923 1315 1927 —-
1334 1918 1356 1935 3.
1372 1913 1402 1935 ln

72 1942 226 1969 Germania.
251 1946 297 1969 Illa
313 1948 424 1976 accepta
440 1953 462 1970 a.
477 1947 508 1971 U.
523 1952 565 1970 758
579 1953 594 1970 a
608 1947 769 1975 Sicambris,
787 1947 898 1976 gravior
914 1946 999 1970 altera
1014 1946 1198 1975 quinquennio
1211 1947 1275 1969 ante
1287 1948 1401 1971 mortem

73 1979 196 2007 Augusti.
212 1992 240 1997 ·-
251 1986 273 2005 9.
286 1983 401 2005 Licinius
415 1983 497 2006 varro
512 1983 622 2006 Murena
636 1989 663 2006 a.
674 1983 703 2007 U.
717 1987 770 2011 ⁷52,
782 1987 834 2006 nec
848 1982 933 2005 mutto
948 1983 1008 2010 post
1019 1982 1054 2004 M.
1066 1982 1196 2010 Egnatius
1209 1982 1292 2005 Rufius
1307 1983 1402 2011 capitis

73 2012 192 2038 damnati
210 2017 238 2040 et
259 2018 358 2046 occisi,
379 2018 440 2047 quia
455 2018 482 2041 in
496 2019 578 2041 vitam
600 2019 712 2048 Augusti
738 2019 895 2047 conjurasse
912 2016 1148 2041 insimulabantur.
1173 2016 1244 2040 lutus
1262 2018 1402 2047 Antonius,

73 2048 206 2074 triumviri
218 2050 296 2082 finus
314 2053 348 2077 ab
363 2053 530 2083 Imperatore
548 2054 653 2083 magnis
666 2053 813 2078 honoribus
827 2054 936 2081 auctus,
951 2058 975 2076 a.
987 2052 1018 2076 U.
1029 2055 1074 2076 75⁸2
1084 2052 1217 2082 supplicio
1231 2053 1325 2081 datus,
1343 2054 1401 2079 vio-

72 2084 144 2109 lator
154 2085 266 2111 honoris
277 2089 373 2112 domus
386 2090 520 2119 Augustae..
532 2101 561 2105 ——
576 2090 676 2113 io.Tib.
691 2088 827 2112 Neronem
836 2090 965 2118 coegerat
978 2089 1113 2117 Augustus
1128 2089 1158 2111 ut.
1173 2094 1285 2112 uxorem
1301 2089 1400 2114 Liviani

72 2124 242 2153 repudiaret;
265 2129 318 2153 quo
339 2125 411 2148 racto
434 2126 489 2154 ipse
510 2130 569 2147 eam
590 2125 666 2148 duxit
680 2126 707 2148 ct
720 2125 788 2148 tilios
802 2124 871 2148 iltius
885 2125 951 2147 duos
969 2125 1118 2153 adoptavit.
1132 2137 1159 2140 —
1182 2128 1217 2147 n.
1234 2125 1337 2154 Equitis
1351 2126 1401 2150 Ro-

74 2160 154 2187 mani,
171 2161 291 2189 Augusto
305 2159 451 2183 familiaris.
475 2160 550 2184 Alter
566 2161 673 2190 ignotus
685 2162 727 2184 est
739 2161 787 2184 aut
799 2160 895 2183 vitiose
909 2160 1040 2188 scriptus,
1060 2159 1086 2182 in
1101 2159 1192 2183 codice
1202 2160 1360 2189 qnaessectti.
1373 2174 1404 2179 --

76 2198 111 2217 ¹².
123 2194 233 2218 Scilicet
246 2195 323 2219 divus
338 2197 478 2224 Augustus,
491 2197 552 2225 post
563 2196 740 2225 apotheosim
754 2201 815 2219 nam
830 2196 907 2218 vivus
920 2201 935 2218 a
946 2195 1048 2218 divinis
1059 2195 1208 2218 honoribus
1220 2195 1362 2219 abstinuit.
1374 2209 1402 2214 -

77 2234 114 2252 η.
124 2230 330 2258 comparatione
341 2237 402 2255 cum
411 2232 557 2255 deterrimo
567 2231 684 2259 homine,
693 2233 723 2255 ut
734 2231 832 2254 dicitur
839 2230 1001 2260 honorifica
1009 2230 1353 2259 empuratio.—-u.v.1v‚
1361 2235 1400 2254 εἳ.

105 2264 150 2288 XI.
163 2264 226 2288 ¹.Ut
238 2265 380 2294 imperium
392 2267 530 2296 suscipere
538 2266 630 2290 vetlet.
649 2279 676 2283 -
690 2271 714 2290 2.
728 2266 927 2295 mediocritate,
939 2266 1051 2290 modicis
1062 2266 1173 2290 viribus.
1187 2279 1215 2282 -ν
1232 2264 1404 2294 &supplan

74 2301 210 2330 saper-ent
218 2308 228 2328 ‚·
241 2303 303 2330 quia
317 2308 370 2326 non
382 2303 508 2332 praecedit
520 2309 567 2332 ne,
582 2304 629 2327 sed
646 2309 711 2327 non.
731 2315 760 2320 -—
777 2308 799 2327 4.
816 2302 880 2327 Aliis
895 2303 1096 2327 rationarium
1114 2302 1230 2331 imperti
1244 2302 1346 2325 dictum
1361 2301 1403 2329 (Ia

75 2336 239 2365 statistique
257 2337 292 2360 de
310 2337 466 2368 l'empire),
487 2339 564 2368 cnjus
583 2339 734 2369 exemptum
752 2338 816 2363 olim
835 2340 948 2368 Ancyrae
972 2339 1090 2368 positum
1116 2337 1198 2361 hodie
1222 2338 1353 2366 superest.
1374 2348 1403 2353 —

76 2374 98 2394 ει.
109 2371 236 2400 sumptus
247 2374 391 2397 necessarii
405 2375 531 2398 civitatis.

106 2405 166 2430 ΧΠ.
181 2411 202 2430 ι.
213 2407 281 2431 Tres
292 2408 448 2438 reipubucae
459 2411 552 2438 partes
565 2410 669 2434 fecerat
675 2411 800 2435 Tiberius
808 2416 817 2434 τ
831 2410 979 2435 nommant
988 2407 1108 2437 Italiam:
1120 2407 1275 2435 exercitus:
1292 2406 1402 2436 provin-
