1539 2668
503 129 540 160 A.
555 128 603 159 ¹U.
619 129 663 159 C.
688 128 759 160 769.
779 130 820 159 A.
838 130 880 160 uc.
908 132 958 159 16.
1354 134 1402 164 ,39

55 211 146 254 „gilia
157 209 170 228 ³
185 207 382 240 assuitamm
390 207 441 237 est
458 203 571 236 castris
586 202 656 234 sine
671 203 1108 246 conjectuneli‚:q2oetq=m
1121 205 1254 237 eremas
1262 215 1325 247 pm.
1333 216 1402 239 mu,

70 256 225 291 nimentis
241 255 390 286 cohortes
406 253 438 284 et
455 251 534 283 nihil
551 250 719 282 remissum
731 258 877 283 semem-

69 316 77 343 εἰ
109 308 193 337 XIV.
217 306 288 334 Nox
303 300 416 332 eadem*
429 299 542 330 iaetam·
553 297 740 330 Germanico
763 299 912 338 quietzm'
929 298 936 317 ¹
956 298 1055 338 tulit3·
1068 298 1216 339 viditque
1235 309 1269 331 se
1290 309 1402 342 opem·

52 380 57 384 ,
71 355 144 387 tum
160 350 172 369 ²
183 375 194 392 ,
209 351 242 382 et
255 347 411 387 sanguine
427 354 519 378 sacro
534 353 676 386 respersa
693 348 868 386 praetexta,
893 346 1110 387 pulchriorem
1134 346 1231 377 aliani
1255 347 1403 379 manibus

70 399 153 431 aviae
169 399 324 437 Augustae
338 393 509 435 accepisse.
526 396 647 424 Auctus
661 392 770 424 unane
780 417 788 432 ‚
806 392 1031 425 addicentibus
1043 393 1212 434 auspiciis,
1228 396 1322 426 vocat
1333 403 1404 426 eon·

71 446 218 485 cionem,
241 445 273 475 et
300 451 373 482 quae
400 440 557 482 sapientia
572 439 711 480 praevisa
738 442 877 481 aptaque
903 439 1085 472 imminenti
1100 449 1236 481 pugnae,
1253 440 1402 472 disserit:

71 507 86 518 κ
105 501 169 524 non
184 498 315 531 campos
328 488 426 520 modo
443 487 538 519 militi
553 491 699 519 Romano
713 487 753 518 ad
768 487 918 527 proelium
930 487 1058 528 zbonns,
1079 488 1149 528 sed,
1167 488 1193 518 si
1210 488 1290 519 ratio
1306 487 1402 529 adsit,

73 552 88 566 «ι
103 539 198 570 silvas
216 539 248 570 et
265 537 375 569 saltus.
396 544 465 567 nec·
476 534 562 566 enim
579 534 740 566 immensa
754 534 966 566 barbarorum
976 537 1073 567 :scuta
1085 560 1094 575 ,
1119 543 1269 567 enormes
1295 535 1402 569 hastas

73 599 87 614 α
103 586 185 618 iuter
210 588 342 616 truncos
366 582 516 614 arborum
543 583 575 613 et
595 584 690 613 enata
712 582 812 613 liumo
833 582 971 622 virgulta
985 582 1117 623 perinde
1142 581 1254 614 baberi
1276 581 1287 600 ³
1305 591 1403 623 quam

72 646 87 660 «
102 632 166 674 pila
181 633 213 664 et
231 632 352 672 gladios
367 632 399 662 et
417 629 570 661 liaerentia
587 629 713 670 corpori
731 629 881 670 tegmina.
905 630 1075 662 denserent
1094 629 1104 648 ⁴
1130 630 1235 670 ictus,
1255 638 1312 661 ora
1331 638 1403 660 mu-

72 694 87 709 «
103 679 258 712 cronihus
283 680 464 719 quaererent
489 687 497 708 ε
520 686 586 708 non
611 677 743 708 loricam
775 681 952 718 Germano,
980 686 1043 708 non
1066 677 1187 717 galeam
1207 677 1232 717 ⁵,
1256 685 1296 708 ne
1311 676 1404 709 scuta

75 740 90 756 «ι
108 727 242 768 quidem
260 727 343 757 serro
360 725 522 757 nervove⁶
538 724 677 764 firmata,
688 725 748 756 sed
762 725 921 756 viminum
934 726 1054 764 textus,
1068 725 1123 756 sed
1138 726 1270 764 tenues,v
1281 724 1404 756 fucatas

75 792 78 798 ·
112 775 220 806 colore
236 773 382 811 tabulas3
405 772 540 813 primam
561 774 741 812 utcumque
767 773 869 803 aciem
896 773 1055 804 hastatam
1074 772 1101 812 ⁷,
1129 771 1244 803 ceteris
1264 772 1405 812 praeusta

73 834 88 849 «ι
103 825 158 853 ant
174 821 286 853 brevia
303 821 376 852 tela.
396 820 463 859 ,iam
480 828 597 860 corpus
608 844 617 860 ,
634 822 671 852 ut
689 820 760 850 visu
775 822 905 851 torvum
929 823 960 851 et
974 819 1014 851 ad
1030 819 1160 850 brevem
1182 818 1338 858 impetum
1350 826 1405 849 va·

74 882 89 897 α
104 869 227 908 lidum,
259 869 306 899 sic
330 867 418 898 nulla
441 867 610 898 vulnerum
631 867 808 908 patientia:
839 867 910 898 sine
937 866 1062 907 pudore
1086 865 1216 905 flagitii,
1239 865 1309 896 sine
1326 872 1404 896 cura

74 930 88 944 u
108 915 227 947 ducum
245 915 351 954 abire,
370 915 498 953 sugere;
515 914 654 954 pavidos
663 913 850 953 adversis⁸,
868 913 951 944 inter
967 912 1108 944 secunda
1125 922 1189 943 non
1204 911 1324 951 divini,
1340 920 1403 942 non

73 977 89 992 κ
104 962 238 994 humani
249 961 329 1001 juris
342 970 512 992 memores.
528 961 555 992 si
568 961 669 992 taedio
684 961 811 992 viarum
828 969 865 991 ac
883 960 982 991 maris
991 960 1088 991 finem
1105 960 1247 999 cupiant,
1263 959 1322 989 liac
1337 957 1405 989 acie

74 1024 88 1039 a
105 1010 208 1051 parari
222 1020 227 1039 :
240 1009 423 1049 propiorem
436 1009 500 1048 jain
515 1008 619 1040 Albim
634 1017 730 1049 quam
743 1009 904 1047 Rhenum,
914 1017 1017 1047 neque
1031 1008 1149 1038 bellum
1160 1007 1255 1046 ultra,
1265 1005 1405 1036 :nodoso

75 1072 88 1085 ιι
104 1057 203 1099 patris
213 1057 382 1097 patruique
391 1057 403 1071 ⁹
415 1056 547 1096 vestigia
559 1058 756 1096 prementem
768 1055 882 1086 iisdem
894 1055 1025 1087 interris
1035 1056 1190 1085 victorem
1207 1054 1357 1085 sisterent
1374 1064 1401 1082 ν.

114 1108 180 1136 XV.
204 1104 392 1135 Orationem
411 1103 503 1134 ducis
520 1105 652 1134 secutus
668 1103 810 1134 militum
827 1101 935 1140 ardor,
952 1102 1141 1141 signumgue
1155 1110 1270 1142 pugnae
1279 1099 1402 1131 datum.

73 1155 139 1183 Nec
163 1150 326 1181 Arminius
345 1152 400 1180 aut
422 1151 520 1180 ceteri
543 1154 779 1182 Germanorum
797 1157 945 1189 proceres
963 1149 1154 1180 omittebant
1173 1157 1248 1180 suos
1267 1147 1403 1187 quisque

74 1198 185 1230 testari
204 1197 210 1215 ¹
233 1207 241 1227 2
263 1210 277 1223 «
295 1197 353 1226 hos
367 1204 437 1226 esse
453 1200 613 1227 Romanos
630 1196 759 1227 Variani
777 1196 936 1227 exercitus
957 1196 1189 1235 fugacissimos,
1205 1194 1262 1234 qui
1280 1203 1318 1225 ne
1337 1193 1402 1225 bel-

79 1258 93 1272 «
110 1246 176 1276 lum
193 1244 383 1281 tolerarent,
401 1243 592 1274 seditionem
609 1242 771 1274 induerint
784 1241 817 1281 ²;
834 1251 973 1282 qnorum
987 1251 1062 1283 pars
1084 1244 1198 1273 onusta
1215 1240 1403 1272 vulneribus

78 1307 90 1320 «
110 1295 254 1331 tergum,
277 1299 351 1330 pars
371 1289 520 1320 fluctibus
538 1292 569 1321 et
584 1289 733 1330 procellis
749 1289 869 1320 fractos
890 1292 979 1320 artus
1002 1289 1135 1320 infensis
1155 1297 1285 1320 rursum
1305 1287 1403 1319 hosti·

78 1353 90 1365 u
110 1339 187 1377 bus,
209 1337 351 1368 adversis
376 1336 438 1366 diis
462 1336 636 1374 objiciant,
663 1336 751 1367 nulla
774 1336 850 1366 boni
875 1344 942 1375 spe.
970 1336 1102 1367 classem
1131 1336 1249 1376 qnippe
1275 1337 1307 1366 et
1332 1334 1404 1365 avia

78 1402 89 1408 v-
111 1385 228 1417 Oceani
248 1383 383 1424 quaesita
395 1408 402 1421 ‚
426 1392 466 1413 ne
480 1382 554 1422 quis
567 1383 773 1414 venientibus
788 1386 994 1421 occurreret,
1013 1392 1053 1413 ue
1069 1384 1177 1423 pulsos
1191 1384 1348 1422 premeret
1363 1381 1373 1398 ³
1394 1391 1401 1411 :

78 1446 91 1459 «
109 1432 162 1464 sed
177 1457 185 1472 ‚
206 1431 260 1462 ubi
287 1430 478 1461 miscuerint
501 1439 636 1469 manus,
662 1429 759 1461 inane
782 1429 879 1461 victis
895 1433 1064 1460 ventorum
1084 1437 1286 1460 remorumve
1303 1428 1403 1460 subsi-

79 1494 90 1506 ιι
110 1480 211 1511 dium.
238 1478 460 1509 meminissent
485 1477 582 1508 modo
606 1477 772 1515 avaritiae,
796 1476 1012 1514 crudelitatis,
1034 1476 1193 1517 superbiae
1209 1486 1215 1505 :
1230 1475 1317 1506 aliud
1343 1475 1403 1506 sibi

78 1541 91 1554 «
109 1527 266 1566 reliquum
279 1550 286 1565 ,
299 1534 398 1565 quam
412 1527 520 1555 tenere
531 1524 713 1555 libertatem
726 1525 783 1555 aut
797 1524 878 1555 mori
892 1527 968 1555 ante
979 1524 1147 1555 servitium
1161 1527 1173 1555 ?
1188 1537 1202 1550 »

115 1577 195 1606 XVI.
221 1574 270 1605 Sic
292 1580 443 1604 accensos
469 1572 500 1602 et
528 1571 680 1611 proelium
705 1574 875 1612 poscentes
900 1571 930 1601 in
954 1579 1123 1611 campum,
1149 1571 1202 1601 cui
1224 1569 1403 1601 Idistaviso

75 1630 190 1653 nomen
204 1645 214 1661 ‚
231 1620 406 1651 dffllucunt.
433 1618 461 1649 is
476 1618 603 1649 medius
622 1618 706 1650 inter
723 1618 882 1658 Visurgim
899 1619 931 1649 et
952 1618 1067 1657 collffi3
1088 1620 1120 1649 ut
1139 1619 1216 1658 ripae
1235 1618 1240 1634 ¹
1261 1616 1403 1648 fluminis

76 1669 193 1700 cedunt
213 1671 270 1699 aut
298 1666 512 1708 prominentia
535 1665 695 1696 montium
725 1666 894 1704 resistunt,
920 1665 1120 1706 inaequaliter
1141 1666 1300 1696 sinuatur.
1320 1672 1403 1705 pone

74 1718 200 1756 toi-gum
221 1714 407 1754 insurgebat
424 1713 507 1744 silva
521 1713 616 1744 editis
633 1714 665 1743 in
681 1713 783 1744 altum
800 1713 898 1743 ramis
921 1714 953 1744 et
976 1722 1057 1753 pura
1080 1714 1179 1744 humo
1199 1713 1282 1748 inter
1313 1711 1404 1742 arbo-

73 1771 145 1794 rum
164 1766 295 1794 truncos
311 1761 336 1791 ²*
360 1769 511 1800 campum
525 1763 556 1792 et
570 1760 673 1800 prima
687 1760 839 1791 silvarum
857 1759 992 1791 barbara
1009 1760 1095 1791 acies
1112 1760 1215 1791 tenuit
1231 1769 1238 1789 z
1257 1759 1312 1790 soli
1326 1759 1404 1790 Che-

76 1809 159 1840 rusci
171 1811 248 1849 juga
264 1808 428 1847 insedere,
447 1808 483 1838 ut
498 1807 722 1848 proeliantibus
739 1807 894 1838 Romanis
906 1807 1042 1847 desuper
1059 1807 1270 1839 incurrerent.
1288 1807 1403 1838 Noster

76 1856 237 1888 exercitus
253 1855 300 1886 sic
319 1854 448 1886 incessit
463 1864 472 1885 ε
490 1855 662 1885 auxiliares
679 1854 758 1886 Galli
773 1854 987 1894 Germanique
1014 1854 1045 1884 in
1074 1855 1197 1893 fronte,
1224 1854 1297 1893 post
1321 1860 1403 1892 quos

78 1903 200 1943 pedites
218 1901 391 1941 sagitta·i·ii;
408 1901 482 1932 dein
497 1902 653 1940 quattuor
667 1900 808 1940 legiones
823 1904 855 1931 et
879 1909 954 1932 cum
970 1900 1097 1932 duabus
1110 1900 1270 1941 praetoriis
1295 1899 1405 1930 cohor-

77 1949 162 1982 tibus
176 1958 213 1980 ac
229 1949 352 1980 delecto
365 1948 471 1987 equine
483 1952 587 1979 Cacsar
601 1958 609 1986 ;
626 1947 701 1978 exin
715 1947 849 1979 totidem
863 1948 933 1978 aliae
947 1947 1086 1987 legiones
1099 1951 1132 1978 et
1149 1947 1226 1977 levis
1239 1947 1404 1977 armatura

53 2004 57 2008 ·
76 2005 150 2028 cum
163 1996 271 2037 equite
292 1994 455 2035 sagittario
467 2018 476 2034 ‚
494 1996 673 2034 ceteraeque
691 1994 854 2025 sociorum
868 1995 1024 2025 cohortes.
1042 1994 1185 2025 intentus
1210 1995 1405 2033 paratusque

79 2044 168 2075 miles
178 2067 187 2084 ,
202 2045 239 2075 ut
256 2042 335 2074 ordo
350 2042 489 2082 agminis
502 2041 538 2073 in
547 2041 649 2074 aciem
663 2041 827 2073 assisteret
845 2040 870 2072 ³.

80 2125 102 2144 ⁴.
119 2119 178 2142 Nox
195 2119 223 2142 in
237 2119 366 2147 quattuor
380 2117 484 2147 vigilias
501 2117 682 2146 dividebatur,
696 2123 811 2146 quarum
823 2122 934 2146 quaeque
949 2116 1029 2140 trium
1044 2116 1182 2139 horarum.

107 2153 175 2178 XIV.
195 2159 216 2177 ι.
234 2154 382 2177 somnium.
392 2165 420 2170 —
433 2153 509 2176 msc.
523 2154 616 2181 sacris,
631 2152 840 2176 sacrificantem.
857 2152 1014 2181 mperatum
1028 2152 1111 2175 habet
1125 2156 1202 2174 usum
1213 2150 1362 2180 praesentis.
1376 2162 1404 2167 —

79 2193 92 2212 s
116 2189 248 2213 Tractari.
266 2201 296 2206 —-
309 2189 486 2218 ⁴..Antiquior
501 2189 656 2218 conjugatio
671 2193 719 2217 pro
733 2187 899 2211 densarem.
914 2193 978 2210 -ε,
994 2187 1024 2210 v.
1043 2187 1134 2210 Germ.
1152 2191 1176 2210 c.
1200 2191 1222 2209 s.
1234 2198 1259 2201 —
1279 2190 1300 2209 s.
1315 2185 1403 2209 Corio.

79 2235 107 2240 —-
117 2228 139 2247 ⁷.
149 2224 335 2254 Qualicunque
352 2224 428 2248 hasta
446 2224 615 2247 instructam.
627 2236 656 2240 —
667 2228 690 2247 s.
704 2222 734 2246 ln
747 2223 862 2246 adversa
875 2222 1029 2246 fortuna.—
1040 2227 1065 2246 9.
1085 2222 1162 2245 Drusi
1175 2221 1341 2249 Tiberiique.

108 2258 165 2282 xv.
184 2265 202 2283 ι.
217 2260 368 2288 Obtestari,
389 2258 535 2283 cohortari.
547 2271 574 2275 —
587 2265 609 2283 2.
624 2258 743 2287 Acerbe,
758 2258 835 2288 quasi
848 2257 968 2287 diceret,
993 2263 1022 2281 se
1044 2257 1176 2281 seditione
1190 2255 1364 2280 armaverint.
1378 2267 1391 2272 -

81 2298 104 2316 3.
123 2293 332 2324 Persequor-etur
349 2296 460 2319 aeriter.

110 2329 180 2352 ΧΠ.
198 2334 216 2352 ι.
238 2330 433 2354 Nominativus.
447 2342 477 2347 —
488 2335 511 2353 2.
531 2329 647 2355 Proinde
660 2329 727 2353 silva
748 2329 866 2353 abietum
881 2330 909 2353 et
925 2329 1048 2358 pinnum.
1062 2341 1090 2344 —-
1107 2333 1128 2351 τ..
1145 2327 1180 2351 Ut
1196 2326 1263 2350 ordo
1278 2324 1407 2356 agminum

81 2363 241 2394 simulatque
254 2366 338 2390 hostis
349 2367 516 2397 apparuisset
527 2368 573 2390 aut
583 2366 636 2390 dux
650 2365 767 2389 dedisset
781 2366 896 2395 signum,
909 2365 1024 2395 gradum
1042 2365 1077 2389 ita
1096 2365 1205 2387 sisteret
1219 2365 1245 2387 et
1262 2360 1411 2389 inhiberet,

81 2400 111 2423 ut
123 2400 196 2423 acics
204 2400 256 2424 hoc
268 2402 326 2430 ipso
339 2403 436 2430 parata
446 2402 524 2426 esset.
