1539 2668
130 137 191 167 146
526 136 659 164 TACITI
680 135 890 165 ANNALIUM
912 138 985 167 LIB.
1010 140 1062 168 v1.

129 197 298 231 Marcellus
313 197 346 228 et
358 195 509 236 Agrippa,
530 205 607 227 mox
624 196 719 228 Caius
736 197 917 238 Luciusque
930 203 1072 231 Caesares
1087 203 1229 242 viguere.
1245 207 1342 238 etiam
1356 208 1452 239 frater

129 246 199 285 eJus
214 249 337 275 Drusus
353 243 553 283 prosperiore
569 243 691 274 civium
706 253 814 276 amore
830 248 910 276 erat.
938 246 995 277 sed
1017 248 1158 280 maxime
1182 252 1215 283 in
1241 253 1365 286 lubrico
1388 255 1453 295 egit

129 293 263 332 accepta
280 291 314 322 in
331 290 575 322 matrimonium
592 291 697 330 June,
724 292 961 332 impudicitiam
986 296 1096 326 uxoris
1118 297 1258 330 tolerans
1282 304 1338 333 aut
1359 302 1454 334 decli-

128 338 248 370 nans³.
272 337 386 369 deinde
414 338 528 369 Rhodo
551 346 717 377 regressus
734 362 742 377 ‚
766 339 908 370 vacuos⁴
938 341 1096 382 Principis
1122 347 1254 383 penates
1282 349 1454 380 duodecim

129 387 234 426 annis,
250 394 325 417 mox
340 385 384 416 rei
400 389 552 416 Romanae
570 385 739 416 arbitrium
752 385 856 417 tribus
869 387 969 419 ferme
985 390 1017 419 et
1030 389 1143 429 viginti
1158 392 1310 425 obtinuit.
1329 400 1455 427 Morum

130 442 258 474 quoque
273 435 419 472 tempora
435 432 480 463 illi
497 432 646 463 diversa:
663 434 825 472 egregium
842 434 910 466 vita
925 435 1074 476 famaque
1085 461 1093 476 ,
1116 440 1219 478 quoad
1245 441 1390 481 privatus
1403 443 1456 474 vel

128 480 164 510 in
178 480 323 521 imperiis
337 480 396 511 sub
411 482 554 519 Augusto
569 479 630 510 fuit
644 491 652 520 ;
669 480 835 512 occultum
848 490 885 512 ac
899 483 1073 514 subdolum
1092 485 1248 526 fingendis
1265 489 1456 529 virtutibus,

129 526 234 559 donec
250 527 460 559 Germanicus
476 536 513 558 ae
527 531 652 558 Drusus
675 528 873 567 superfuere.
902 529 989 561 idem
1007 531 1092 563 inter
1113 533 1197 565 bona
1214 537 1362 576 malaque
1379 536 1457 567 mix-

129 574 183 605 tus
202 574 357 606 incolumi
374 577 495 613 matre;
520 574 713 606 intestabilis
733 575 878 615 saevitia,
898 576 954 608 sed
982 578 1118 611 obtectis
1144 581 1350 624 libidinibus,
1377 583 1457 615 dum

130 620 280 659 Sejfflnnn
296 621 408 653 dilexit
425 621 574 653 timuitve
591 632 598 652 :
618 623 779 661 postremo
795 623 828 653 in
845 624 964 655 scelera
989 625 1087 658 simui
1110 636 1147 658 ac
1162 629 1322 662 dedecora
1345 639 1455 671 proru-

129 666 178 706 pit
192 694 200 709 ,
221 672 395 710 postquam
411 671 536 701 remoto
557 669 682 709 pudore
696 672 728 701 et
747 671 837 701 metu
853 679 911 701 suo
927 673 1055 704 tantum
1072 674 1200 714 iugenio
1218 678 1370 710 utebatur
1387 678 1412 707 ⁵.

130 777 195 794 .-.:„
212 772 325 794 secessu
346 770 373 793 in
395 770 566 794 Rhodum.-—
578 774 598 792 1².
614 769 726 792 Mortuis
750 770 892 799 Marcello,
908 772 1039 801 Agrippa,
1057 774 1119 799 Caio
1147 777 1173 799 et
1196 777 1278 800 Lucio
1291 791 1329 801 —.
1343 783 1366 802 5.
1389 779 1457 803 Hinc

130 807 271 835 perierunt
284 806 346 830 libri
360 806 487 835 quattuor
498 805 525 827 et
543 810 639 834 magna
654 810 715 833 pars
734 804 835 834 quinti,
851 806 878 829 in
889 806 988 835 quibus
1001 811 1140 834 narratum
1154 811 1297 841 imperium
1312 813 1439 843 Caligulae

129 847 165 865 ac
175 847 249 871 paene
263 848 309 866 sex
322 842 386 866 anni
398 840 572 870 imperatoris
583 840 693 864 Claudii.
