<?xml version="1.0" encoding="UTF-8"?>
<!DOCTYPE html PUBLIC "-//W3C//DTD XHTML 1.0 Transitional//EN"
    "http://www.w3.org/TR/xhtml1/DTD/xhtml1-transitional.dtd">
<html xmlns="http://www.w3.org/1999/xhtml" xml:lang="en" lang="en">
 <head>
  <title>
</title>
<meta http-equiv="Content-Type" content="text/html;charset=utf-8" />
  <meta name='ocr-system' content='tesseract 3.04.00' />
  <meta name='ocr-capabilities' content='ocr_page ocr_carea ocr_par ocr_line ocrx_word'/>
</head>
<body>
  <div class='ocr_page' id='page_1' title='image "./operaquaesupersu00taciuoft_0041.png"; bbox 0 0 1539 2668; ppageno 0'>
   <div class='ocr_carea' id='block_1_1' title="bbox 470 177 1359 212">
    <p class='ocr_par' dir='ltr' id='par_1_1' title="bbox 470 177 1359 212">
     <span class='ocr_line' id='line_1_1' title="bbox 470 177 1359 212; baseline -0.007 -2"><span class='ocrx_word' id='word_1_1' title='bbox 470 187 506 210; x_wconf 73' lang='lat' dir='ltr'><strong>A.</strong></span> <span class='ocrx_word' id='word_1_2' title='bbox 531 180 568 210; x_wconf 84' lang='lat' dir='ltr'><strong>U.</strong></span> <span class='ocrx_word' id='word_1_3' title='bbox 591 180 626 209; x_wconf 89' lang='lat' dir='ltr'><strong>C.</strong></span> <span class='ocrx_word' id='word_1_4' title='bbox 650 177 722 209; x_wconf 81' lang='grc'>767.</span> <span class='ocrx_word' id='word_1_5' title='bbox 746 179 783 209; x_wconf 82' lang='lat' dir='ltr'><strong>A.</strong></span> <span class='ocrx_word' id='word_1_6' title='bbox 807 179 843 209; x_wconf 91' lang='lat' dir='ltr'><strong>C.</strong></span> <span class='ocrx_word' id='word_1_7' title='bbox 870 178 920 208; x_wconf 82' lang='grc'><strong>14.</strong></span> <span class='ocrx_word' id='word_1_8' title='bbox 1337 181 1359 212; x_wconf 86' lang='lat'><em>9</em></span> 
     </span>
    </p>
   </div>
   <div class='ocr_carea' id='block_1_2' title="bbox 25 249 1365 1946">
    <p class='ocr_par' dir='ltr' id='par_1_2' title="bbox 31 249 1357 484">
     <span class='ocr_line' id='line_1_2' title="bbox 32 249 1357 295; baseline -0.002 -9"><span class='ocrx_word' id='word_1_9' title='bbox 32 255 102 287; x_wconf 84' lang='lat' dir='ltr'><strong>vit:</strong></span> <span class='ocrx_word' id='word_1_10' title='bbox 118 254 273 295; x_wconf 83' lang='lat' dir='ltr'><strong>missique</strong></span> <span class='ocrx_word' id='word_1_11' title='bbox 295 253 403 294; x_wconf 86' lang='lat' dir='ltr'><strong>legati,</strong></span> <span class='ocrx_word' id='word_1_12' title='bbox 429 252 484 294; x_wconf 88' lang='lat' dir='ltr'><strong>qui</strong></span> <span class='ocrx_word' id='word_1_13' title='bbox 506 252 685 291; x_wconf 79' lang='lat' dir='ltr'><strong>deferrent,</strong></span> <span class='ocrx_word' id='word_1_14' title='bbox 711 251 808 283; x_wconf 88' lang='lat' dir='ltr'><strong>simul</strong></span> <span class='ocrx_word' id='word_1_15' title='bbox 830 250 1016 282; x_wconf 83' lang='lat' dir='ltr'><strong>moestitiam</strong></span> <span class='ocrx_word' id='word_1_16' title='bbox 1036 250 1105 291; x_wconf 88' lang='lat' dir='ltr'><strong>ejus</strong></span> <span class='ocrx_word' id='word_1_17' title='bbox 1126 249 1168 282; x_wconf 89' lang='lat' dir='ltr'><strong>ob</strong></span> <span class='ocrx_word' id='word_1_18' title='bbox 1189 259 1357 284; x_wconf 83' lang='lat' dir='ltr'>excessum</span> 
     </span>
     <span class='ocr_line' id='line_1_3' title="bbox 33 298 1357 342; baseline -0.002 -8"><span class='ocrx_word' id='word_1_19' title='bbox 33 302 167 342; x_wconf 84' lang='lat' dir='ltr'><strong>Augusti</strong></span> <span class='ocrx_word' id='word_1_20' title='bbox 191 302 381 333; x_wconf 80' lang='lat' dir='ltr'>solarentur.</span> <span class='ocrx_word' id='word_1_21' title='bbox 411 300 585 341; x_wconf 88' lang='lat' dir='ltr'><strong>quominus</strong></span> <span class='ocrx_word' id='word_1_22' title='bbox 605 298 691 331; x_wconf 89' lang='lat' dir='ltr'><strong>idem</strong></span> <span class='ocrx_word' id='word_1_23' title='bbox 720 308 778 340; x_wconf 92' lang='lat' dir='ltr'><strong>pro</strong></span> <span class='ocrx_word' id='word_1_24' title='bbox 805 303 910 330; x_wconf 80' lang='lat' dir='ltr'><strong>Druso</strong></span> <span class='ocrx_word' id='word_1_25' title='bbox 931 298 1162 339; x_wconf 80' lang='lat' dir='ltr'><strong>postularetur,</strong></span> <span class='ocrx_word' id='word_1_26' title='bbox 1188 307 1224 330; x_wconf 91' lang='lat' dir='ltr'><strong>ea</strong></span> <span class='ocrx_word' id='word_1_27' title='bbox 1249 308 1357 340; x_wconf 88' lang='lat' dir='ltr'><strong>causa,</strong></span> 
     </span>
     <span class='ocr_line' id='line_1_4' title="bbox 31 345 1357 391; baseline -0.002 -10"><span class='ocrx_word' id='word_1_28' title='bbox 31 349 120 391; x_wconf 87' lang='lat' dir='ltr'><strong>quod</strong></span> <span class='ocrx_word' id='word_1_29' title='bbox 146 349 329 390; x_wconf 84' lang='lat' dir='ltr'><strong>designatus</strong></span> <span class='ocrx_word' id='word_1_30' title='bbox 358 348 470 380; x_wconf 91' lang='lat' dir='ltr'><strong>consul</strong></span> <span class='ocrx_word' id='word_1_31' title='bbox 503 352 624 379; x_wconf 85' lang='lat' dir='ltr'><strong>Drusus</strong></span> <span class='ocrx_word' id='word_1_32' title='bbox 650 355 856 387; x_wconf 82' lang='lat' dir='ltr'><strong>praesensque</strong></span> <span class='ocrx_word' id='word_1_33' title='bbox 877 349 956 378; x_wconf 88' lang='lat' dir='ltr'><strong>erat.</strong></span> <span class='ocrx_word' id='word_1_34' title='bbox 985 345 1183 377; x_wconf 80' lang='lat' dir='ltr'><strong>Candidatus</strong></span> <span class='ocrx_word' id='word_1_35' title='bbox 1206 349 1357 387; x_wconf 82' lang='lat' dir='ltr'><strong>praeturae</strong></span> 
     </span>
     <span class='ocr_line' id='line_1_5' title="bbox 31 393 1357 434; baseline -0.002 -6"><span class='ocrx_word' id='word_1_36' title='bbox 31 396 202 428; x_wconf 82' lang='lat' dir='ltr'><strong>duodecim</strong></span> <span class='ocrx_word' id='word_1_37' title='bbox 219 395 411 434; x_wconf 89' lang='lat' dir='ltr'><strong>nominavit,</strong></span> <span class='ocrx_word' id='word_1_38' title='bbox 430 404 599 426; x_wconf 89' lang='lat' dir='ltr'><strong>numerum</strong></span> <span class='ocrx_word' id='word_1_39' title='bbox 614 394 654 425; x_wconf 90' lang='lat' dir='ltr'><strong>ab</strong></span> <span class='ocrx_word' id='word_1_40' title='bbox 668 396 813 434; x_wconf 86' lang='lat' dir='ltr'><strong>Augusto</strong></span> <span class='ocrx_word' id='word_1_41' title='bbox 825 393 982 426; x_wconf 86' lang='lat' dir='ltr'><strong>traditum</strong></span> <span class='ocrx_word' id='word_1_42' title='bbox 999 403 1006 424; x_wconf 88' lang='lat'><strong>:</strong></span> <span class='ocrx_word' id='word_1_43' title='bbox 1028 395 1060 425; x_wconf 90' lang='lat' dir='ltr'><strong>et</strong></span> <span class='ocrx_word' id='word_1_44' title='bbox 1081 393 1229 425; x_wconf 77' lang='lat' dir='ltr'><strong>hortante</strong></span> <span class='ocrx_word' id='word_1_45' title='bbox 1245 397 1357 426; x_wconf 89' lang='lat' dir='ltr'><strong>senatu</strong></span> 
     </span>
     <span class='ocr_line' id='line_1_6' title="bbox 31 440 1026 484; baseline -0.002 -9"><span class='ocrx_word' id='word_1_46' title='bbox 31 447 66 474; x_wconf 93' lang='lat' dir='ltr'><strong>ut</strong></span> <span class='ocrx_word' id='word_1_47' title='bbox 83 447 224 484; x_wconf 85' lang='lat' dir='ltr'><strong>augeret,</strong></span> <span class='ocrx_word' id='word_1_48' title='bbox 239 442 447 483; x_wconf 85' lang='lat' dir='ltr'><strong>jurejurando</strong></span> <span class='ocrx_word' id='word_1_49' title='bbox 463 440 660 473; x_wconf 82' lang='lat' dir='ltr'><strong>obstrinxit³</strong></span> <span class='ocrx_word' id='word_1_50' title='bbox 678 449 713 473; x_wconf 90' lang='lat' dir='ltr'><strong>se</strong></span> <span class='ocrx_word' id='word_1_51' title='bbox 727 450 791 472; x_wconf 91' lang='lat' dir='ltr'><strong>non</strong></span> <span class='ocrx_word' id='word_1_52' title='bbox 803 449 1026 473; x_wconf 83' lang='lat' dir='ltr'><strong>excessurum.</strong></span> 
     </span>
    </p>

    <p class='ocr_par' dir='ltr' id='par_1_3' title="bbox 26 488 1362 994">
     <span class='ocr_line' id='line_1_7' title="bbox 71 488 1360 530; baseline -0.002 -8"><span class='ocrx_word' id='word_1_53' title='bbox 71 494 135 522; x_wconf 80' lang='lat' dir='ltr'><strong>XV.</strong></span> <span class='ocrx_word' id='word_1_54' title='bbox 151 494 234 522; x_wconf 89' lang='lat' dir='ltr'><strong>Tum</strong></span> <span class='ocrx_word' id='word_1_55' title='bbox 251 490 392 530; x_wconf 89' lang='lat' dir='ltr'><strong>primum</strong></span> <span class='ocrx_word' id='word_1_56' title='bbox 409 499 426 521; x_wconf 86' lang='lat' dir='ltr'><strong>e</strong></span> <span class='ocrx_word' id='word_1_57' title='bbox 443 498 556 530; x_wconf 85' lang='lat' dir='ltr'><strong>campo</strong></span> <span class='ocrx_word' id='word_1_58' title='bbox 573 488 704 520; x_wconf 85' lang='lat' dir='ltr'><strong>comitia</strong></span> <span class='ocrx_word' id='word_1_59' title='bbox 728 488 766 519; x_wconf 89' lang='lat' dir='ltr'><strong>ad</strong></span> <span class='ocrx_word' id='word_1_60' title='bbox 791 490 899 520; x_wconf 87' lang='lat' dir='ltr'><strong>Patres</strong></span> <span class='ocrx_word' id='word_1_61' title='bbox 922 488 1076 520; x_wconf 88' lang='lat' dir='ltr'><strong>translata</strong></span> <span class='ocrx_word' id='word_1_62' title='bbox 1098 491 1173 519; x_wconf 89' lang='lat' dir='ltr'><strong>sunt</strong></span> <span class='ocrx_word' id='word_1_63' title='bbox 1186 488 1209 519; x_wconf 88' lang='lat'><strong>¹.</strong></span> <span class='ocrx_word' id='word_1_64' title='bbox 1228 497 1302 519; x_wconf 88' lang='lat' dir='ltr'><strong>nam</strong></span> <span class='ocrx_word' id='word_1_65' title='bbox 1319 489 1360 520; x_wconf 85' lang='lat' dir='ltr'><strong>ad</strong></span> 
     </span>
     <span class='ocr_line' id='line_1_8' title="bbox 30 535 1360 578; baseline -0.002 -9"><span class='ocrx_word' id='word_1_66' title='bbox 30 546 100 569; x_wconf 88' lang='lat' dir='ltr'><strong>eam</strong></span> <span class='ocrx_word' id='word_1_67' title='bbox 112 537 211 577; x_wconf 85' lang='lat' dir='ltr'><strong>diem,</strong></span> <span class='ocrx_word' id='word_1_68' title='bbox 230 538 289 569; x_wconf 87' lang='lat' dir='ltr'><strong>etsi</strong></span> <span class='ocrx_word' id='word_1_69' title='bbox 306 537 474 578; x_wconf 85' lang='lat' dir='ltr'><strong>potissima</strong></span> <span class='ocrx_word' id='word_1_70' title='bbox 489 537 500 554; x_wconf 78' lang='lat'>²</span> <span class='ocrx_word' id='word_1_71' title='bbox 529 536 660 568; x_wconf 83' lang='lat' dir='ltr'><strong>arbitrio</strong></span> <span class='ocrx_word' id='word_1_72' title='bbox 686 536 855 576; x_wconf 82' lang='lat' dir='ltr'><strong>Principis,</strong></span> <span class='ocrx_word' id='word_1_73' title='bbox 877 535 1025 576; x_wconf 79' lang='lat' dir='ltr'><strong>quaedam</strong></span> <span class='ocrx_word' id='word_1_74' title='bbox 1040 538 1148 567; x_wconf 80' lang='lat' dir='ltr'><strong>tamen</strong></span> <span class='ocrx_word' id='word_1_75' title='bbox 1169 536 1285 567; x_wconf 88' lang='lat' dir='ltr'><strong>studiis</strong></span> <span class='ocrx_word' id='word_1_76' title='bbox 1305 536 1360 567; x_wconf 88' lang='lat' dir='ltr'><strong>tri-</strong></span> 
     </span>
     <span class='ocr_line' id='line_1_9' title="bbox 29 583 1360 625; baseline 0 -10"><span class='ocrx_word' id='word_1_77' title='bbox 29 583 129 615; x_wconf 89' lang='lat' dir='ltr'><strong>buum</strong></span> <span class='ocrx_word' id='word_1_78' title='bbox 144 584 274 616; x_wconf 87' lang='lat' dir='ltr'><strong>fiebant.</strong></span> <span class='ocrx_word' id='word_1_79' title='bbox 292 593 396 624; x_wconf 87' lang='lat' dir='ltr'><strong>neque</strong></span> <span class='ocrx_word' id='word_1_80' title='bbox 409 585 548 625; x_wconf 88' lang='lat' dir='ltr'><strong>populus</strong></span> <span class='ocrx_word' id='word_1_81' title='bbox 562 584 749 624; x_wconf 84' lang='lat' dir='ltr'><strong>ademptum</strong></span> <span class='ocrx_word' id='word_1_82' title='bbox 762 583 815 623; x_wconf 87' lang='lat' dir='ltr'><strong>jus</strong></span> <span class='ocrx_word' id='word_1_83' title='bbox 829 586 963 623; x_wconf 86' lang='lat' dir='ltr'><strong>questus</strong></span> <span class='ocrx_word' id='word_1_84' title='bbox 977 585 1024 615; x_wconf 90' lang='lat' dir='ltr'><strong>est</strong></span> <span class='ocrx_word' id='word_1_85' title='bbox 1038 583 1098 614; x_wconf 87' lang='lat' dir='ltr'><strong>nisi</strong></span> <span class='ocrx_word' id='word_1_86' title='bbox 1116 583 1202 614; x_wconf 91' lang='lat' dir='ltr'><strong>inani</strong></span> <span class='ocrx_word' id='word_1_87' title='bbox 1219 593 1360 622; x_wconf 88' lang='lat' dir='ltr'><strong>rumore,</strong></span> 
     </span>
     <span class='ocr_line' id='line_1_10' title="bbox 29 630 1356 672; baseline 0.001 -11"><span class='ocrx_word' id='word_1_88' title='bbox 29 631 60 661; x_wconf 87' lang='lat' dir='ltr'><strong>et</strong></span> <span class='ocrx_word' id='word_1_89' title='bbox 85 634 216 663; x_wconf 89' lang='lat' dir='ltr'><strong>senatus</strong></span> <span class='ocrx_word' id='word_1_90' title='bbox 232 631 458 671; x_wconf 82' lang='lat' dir='ltr'><strong>largitionibus</strong></span> <span class='ocrx_word' id='word_1_91' title='bbox 481 640 518 663; x_wconf 86' lang='lat' dir='ltr'><strong>ac</strong></span> <span class='ocrx_word' id='word_1_92' title='bbox 540 631 688 672; x_wconf 86' lang='lat' dir='ltr'><strong>precibus</strong></span> <span class='ocrx_word' id='word_1_93' title='bbox 716 630 876 662; x_wconf 82' lang='lat' dir='ltr'><strong>sordidis³</strong></span> <span class='ocrx_word' id='word_1_94' title='bbox 901 631 1080 671; x_wconf 77' lang='lat' dir='ltr'><strong>exsolutus,</strong></span> <span class='ocrx_word' id='word_1_95' title='bbox 1106 630 1210 662; x_wconf 89' lang='lat' dir='ltr'><strong>libens</strong></span> <span class='ocrx_word' id='word_1_96' title='bbox 1228 631 1332 662; x_wconf 85' lang='lat' dir='ltr'><strong>tenuit</strong></span> <span class='ocrx_word' id='word_1_97' title='bbox 1347 632 1356 649; x_wconf 72' lang='lat'><strong><em>⁴</em></strong></span> 
     </span>
     <span class='ocr_line' id='line_1_11' title="bbox 28 677 1360 719; baseline 0 -10"><span class='ocrx_word' id='word_1_98' title='bbox 28 677 215 710; x_wconf 74' lang='lat' dir='ltr'><strong>moderante</strong></span> <span class='ocrx_word' id='word_1_99' title='bbox 231 679 376 718; x_wconf 89' lang='lat' dir='ltr'><strong>Tiberio,</strong></span> <span class='ocrx_word' id='word_1_100' title='bbox 401 688 440 710; x_wconf 90' lang='lat' dir='ltr'><strong>ne</strong></span> <span class='ocrx_word' id='word_1_101' title='bbox 464 679 571 719; x_wconf 88' lang='lat' dir='ltr'><strong>plures</strong></span> <span class='ocrx_word' id='word_1_102' title='bbox 591 687 688 718; x_wconf 89' lang='lat' dir='ltr'><strong>quam</strong></span> <span class='ocrx_word' id='word_1_103' title='bbox 714 680 867 718; x_wconf 85' lang='lat' dir='ltr'><strong>quattuor</strong></span> <span class='ocrx_word' id='word_1_104' title='bbox 893 677 1080 709; x_wconf 82' lang='lat' dir='ltr'><strong>candidatos</strong></span> <span class='ocrx_word' id='word_1_105' title='bbox 1106 679 1360 717; x_wconf 81' lang='lat' dir='ltr'><strong>commendaret,</strong></span> 
     </span>
     <span class='ocr_line' id='line_1_12' title="bbox 27 723 1362 767; baseline 0.001 -12"><span class='ocrx_word' id='word_1_106' title='bbox 27 723 96 756; x_wconf 86' lang='lat' dir='ltr'><strong>sine</strong></span> <span class='ocrx_word' id='word_1_107' title='bbox 112 726 241 767; x_wconf 89' lang='lat' dir='ltr'><strong>repulsa</strong></span> <span class='ocrx_word' id='word_1_108' title='bbox 258 728 289 758; x_wconf 83' lang='lat' dir='ltr'><strong>et</strong></span> <span class='ocrx_word' id='word_1_109' title='bbox 306 726 428 758; x_wconf 84' lang='lat' dir='ltr'><strong>ambitu</strong></span> <span class='ocrx_word' id='word_1_110' title='bbox 447 726 673 766; x_wconf 81' lang='lat' dir='ltr'><strong>designandos.</strong></span> <span class='ocrx_word' id='word_1_111' title='bbox 693 728 780 757; x_wconf 83' lang='lat' dir='ltr'><strong>Inter</strong></span> <span class='ocrx_word' id='word_1_112' title='bbox 797 734 869 766; x_wconf 69' lang='lat' dir='ltr'><strong>quse</strong></span> <span class='ocrx_word' id='word_1_113' title='bbox 884 725 1006 756; x_wconf 83' lang='lat' dir='ltr'><strong>tribuni</strong></span> <span class='ocrx_word' id='word_1_114' title='bbox 1023 725 1123 765; x_wconf 84' lang='lat' dir='ltr'><strong>plebei</strong></span> <span class='ocrx_word' id='word_1_115' title='bbox 1145 726 1299 766; x_wconf 80' lang='lat' dir='ltr'><strong>petivere,</strong></span> <span class='ocrx_word' id='word_1_116' title='bbox 1324 727 1362 757; x_wconf 87' lang='lat' dir='ltr'><strong>ut</strong></span> 
     </span>
     <span class='ocr_line' id='line_1_13' title="bbox 27 773 1362 814; baseline 0.002 -12"><span class='ocrx_word' id='word_1_117' title='bbox 27 773 157 813; x_wconf 91' lang='lat' dir='ltr'><strong>proprio</strong></span> <span class='ocrx_word' id='word_1_118' title='bbox 174 777 306 814; x_wconf 89' lang='lat' dir='ltr'><strong>sumptu</strong></span> <span class='ocrx_word' id='word_1_119' title='bbox 329 774 460 806; x_wconf 80' lang='lat' dir='ltr'><strong>ederent</strong></span> <span class='ocrx_word' id='word_1_120' title='bbox 487 774 598 811; x_wconf 87' lang='lat' dir='ltr'><strong>ludos,</strong></span> <span class='ocrx_word' id='word_1_121' title='bbox 625 773 679 813; x_wconf 83' lang='lat' dir='ltr'><strong>qni</strong></span> <span class='ocrx_word' id='word_1_122' title='bbox 704 773 744 804; x_wconf 84' lang='lat' dir='ltr'><strong>de</strong></span> <span class='ocrx_word' id='word_1_123' title='bbox 768 773 898 804; x_wconf 87' lang='lat' dir='ltr'><strong>nomine</strong></span> <span class='ocrx_word' id='word_1_124' title='bbox 915 773 1051 812; x_wconf 79' lang='lat' dir='ltr'><strong>Augusti</strong></span> <span class='ocrx_word' id='word_1_125' title='bbox 1076 773 1164 804; x_wconf 82' lang='lat' dir='ltr'><strong>fastis</strong></span> <span class='ocrx_word' id='word_1_126' title='bbox 1180 773 1278 804; x_wconf 84' lang='lat' dir='ltr'><strong>additi</strong></span> <span class='ocrx_word' id='word_1_127' title='bbox 1298 777 1362 805; x_wconf 77' lang='lat' dir='ltr'><strong>Au-</strong></span> 
     </span>
     <span class='ocr_line' id='line_1_14' title="bbox 26 820 1359 861; baseline 0 -10"><span class='ocrx_word' id='word_1_128' title='bbox 26 821 182 859; x_wconf 65' lang='lat' dir='ltr'><strong>auslales</strong></span> <span class='ocrx_word' id='word_1_129' title='bbox 196 821 206 838; x_wconf 84' lang='lat'><strong>⁵</strong></span> <span class='ocrx_word' id='word_1_130' title='bbox 229 824 430 853; x_wconf 86' lang='lat' dir='ltr'><strong>vocarentur.</strong></span> <span class='ocrx_word' id='word_1_131' title='bbox 450 820 507 853; x_wconf 86' lang='lat' dir='ltr'><strong>sed</strong></span> <span class='ocrx_word' id='word_1_132' title='bbox 522 821 647 852; x_wconf 81' lang='lat' dir='ltr'><strong>decreta</strong></span> <span class='ocrx_word' id='word_1_133' title='bbox 667 820 800 861; x_wconf 84' lang='lat' dir='ltr'><strong>pecunia</strong></span> <span class='ocrx_word' id='word_1_134' title='bbox 818 830 855 851; x_wconf 80' lang='lat' dir='ltr'><strong>ex</strong></span> <span class='ocrx_word' id='word_1_135' title='bbox 874 820 1000 860; x_wconf 87' lang='lat' dir='ltr'><strong>aerario,</strong></span> <span class='ocrx_word' id='word_1_136' title='bbox 1020 823 1119 860; x_wconf 81' lang='lat' dir='ltr'><strong>utque</strong></span> <span class='ocrx_word' id='word_1_137' title='bbox 1140 830 1197 861; x_wconf 82' lang='lat' dir='ltr'><strong>per</strong></span> <span class='ocrx_word' id='word_1_138' title='bbox 1213 821 1334 851; x_wconf 76' lang='lat' dir='ltr'><strong>circum</strong></span> <span class='ocrx_word' id='word_1_139' title='bbox 1347 821 1359 839; x_wconf 75' lang='lat'><strong>⁶</strong></span> 
     </span>
     <span class='ocr_line' id='line_1_15' title="bbox 26 865 1362 908; baseline 0.001 -12"><span class='ocrx_word' id='word_1_140' title='bbox 26 865 213 908; x_wconf 84' lang='lat' dir='ltr'><strong>triumphali</strong></span> <span class='ocrx_word' id='word_1_141' title='bbox 231 872 319 900; x_wconf 79' lang='lat' dir='ltr'><strong>vesle</strong></span> <span class='ocrx_word' id='word_1_142' title='bbox 345 870 533 900; x_wconf 79' lang='lat' dir='ltr'><strong>uterentur:</strong></span> <span class='ocrx_word' id='word_1_143' title='bbox 552 877 649 899; x_wconf 91' lang='lat' dir='ltr'><strong>curru</strong></span> <span class='ocrx_word' id='word_1_144' title='bbox 666 869 739 899; x_wconf 72' lang='lat' dir='ltr'><strong>vehi</strong></span> <span class='ocrx_word' id='word_1_145' title='bbox 759 867 845 899; x_wconf 88' lang='lat' dir='ltr'><strong>haud</strong></span> <span class='ocrx_word' id='word_1_146' title='bbox 862 867 1067 908; x_wconf 89' lang='lat' dir='ltr'><strong>permissum.</strong></span> <span class='ocrx_word' id='word_1_147' title='bbox 1093 877 1168 899; x_wconf 78' lang='lat' dir='ltr'><strong>mox</strong></span> <span class='ocrx_word' id='word_1_148' title='bbox 1189 868 1362 899; x_wconf 73' lang='lat' dir='ltr'><strong>celebratio</strong></span> 
     </span>
     <span class='ocr_line' id='line_1_16' title="bbox 27 915 1362 956; baseline 0.003 -13"><span class='ocrx_word' id='word_1_149' title='bbox 27 921 170 945; x_wconf 87' lang='lat' dir='ltr'><strong>annuum</strong></span> <span class='ocrx_word' id='word_1_150' title='bbox 188 916 226 947; x_wconf 89' lang='lat' dir='ltr'><strong>ad</strong></span> <span class='ocrx_word' id='word_1_151' title='bbox 246 919 418 956; x_wconf 81' lang='lat' dir='ltr'><strong>praetorem</strong></span> <span class='ocrx_word' id='word_1_152' title='bbox 431 916 440 934; x_wconf 80' lang='lat'>⁷</span> <span class='ocrx_word' id='word_1_153' title='bbox 454 927 464 956; x_wconf 77' lang='lat'><em>3</em></span> <span class='ocrx_word' id='word_1_154' title='bbox 479 916 646 955; x_wconf 87' lang='lat' dir='ltr'><strong>translata,</strong></span> <span class='ocrx_word' id='word_1_155' title='bbox 667 916 719 947; x_wconf 86' lang='lat' dir='ltr'><strong>cui</strong></span> <span class='ocrx_word' id='word_1_156' title='bbox 733 916 816 947; x_wconf 87' lang='lat' dir='ltr'><strong>inter</strong></span> <span class='ocrx_word' id='word_1_157' title='bbox 829 915 916 946; x_wconf 73' lang='lat' dir='ltr'><strong>cives</strong></span> <span class='ocrx_word' id='word_1_158' title='bbox 935 917 966 946; x_wconf 90' lang='lat' dir='ltr'><strong>et</strong></span> <span class='ocrx_word' id='word_1_159' title='bbox 986 915 1169 956; x_wconf 83' lang='lat' dir='ltr'><strong>peregrinos</strong></span> <span class='ocrx_word' id='word_1_160' title='bbox 1182 915 1362 955; x_wconf 81' lang='lat' dir='ltr'><strong>jurisdictio</strong></span> 
     </span>
     <span class='ocr_line' id='line_1_17' title="bbox 28 962 200 994; baseline 0.012 -3"><span class='ocrx_word' id='word_1_161' title='bbox 28 962 200 994; x_wconf 71' lang='lat' dir='ltr'><strong>evenisset.</strong></span> 
     </span>
    </p>

    <p class='ocr_par' dir='ltr' id='par_1_4' title="bbox 25 1009 1364 1662">
     <span class='ocr_line' id='line_1_18' title="bbox 67 1009 1361 1051; baseline 0.002 -12"><span class='ocrx_word' id='word_1_162' title='bbox 67 1012 149 1040; x_wconf 80' lang='lat' dir='ltr'><strong>XVI.</strong></span> <span class='ocrx_word' id='word_1_163' title='bbox 165 1009 222 1041; x_wconf 84' lang='lat' dir='ltr'><strong>Hic</strong></span> <span class='ocrx_word' id='word_1_164' title='bbox 240 1019 347 1041; x_wconf 92' lang='lat' dir='ltr'><strong>rerum</strong></span> <span class='ocrx_word' id='word_1_165' title='bbox 362 1010 561 1042; x_wconf 85' lang='lat' dir='ltr'><strong>urbanarum</strong></span> <span class='ocrx_word' id='word_1_166' title='bbox 578 1011 682 1042; x_wconf 88' lang='lat' dir='ltr'><strong>status</strong></span> <span class='ocrx_word' id='word_1_167' title='bbox 697 1011 777 1049; x_wconf 84' lang='lat' dir='ltr'><strong>erat,</strong></span> <span class='ocrx_word' id='word_1_168' title='bbox 792 1019 894 1051; x_wconf 92' lang='lat' dir='ltr'><strong>quum</strong></span> <span class='ocrx_word' id='word_1_169' title='bbox 912 1009 1111 1041; x_wconf 87' lang='lat' dir='ltr'><strong>Pannonicas</strong></span> <span class='ocrx_word' id='word_1_170' title='bbox 1128 1010 1266 1050; x_wconf 82' lang='lat' dir='ltr'><strong>legiones</strong></span> <span class='ocrx_word' id='word_1_171' title='bbox 1281 1010 1361 1041; x_wconf 89' lang='lat' dir='ltr'><strong>sedi-</strong></span> 
     </span>
     <span class='ocr_line' id='line_1_19' title="bbox 29 1055 1362 1098; baseline 0.002 -12"><span class='ocrx_word' id='word_1_172' title='bbox 29 1055 72 1087; x_wconf 90' lang='lat' dir='ltr'><strong>tio</strong></span> <span class='ocrx_word' id='word_1_173' title='bbox 89 1056 231 1096; x_wconf 90' lang='lat' dir='ltr'><strong>incessit,</strong></span> <span class='ocrx_word' id='word_1_174' title='bbox 246 1057 343 1089; x_wconf 90' lang='lat' dir='ltr'><strong>nullis</strong></span> <span class='ocrx_word' id='word_1_175' title='bbox 365 1058 458 1089; x_wconf 79' lang='lat' dir='ltr'><strong>novis</strong></span> <span class='ocrx_word' id='word_1_176' title='bbox 472 1058 588 1098; x_wconf 83' lang='lat' dir='ltr'><strong>causis,</strong></span> <span class='ocrx_word' id='word_1_177' title='bbox 609 1058 668 1089; x_wconf 89' lang='lat' dir='ltr'><strong>nisi</strong></span> <span class='ocrx_word' id='word_1_178' title='bbox 693 1058 778 1097; x_wconf 92' lang='lat' dir='ltr'><strong>quod</strong></span> <span class='ocrx_word' id='word_1_179' title='bbox 794 1059 939 1089; x_wconf 89' lang='lat' dir='ltr'><strong>mutatus</strong></span> <span class='ocrx_word' id='word_1_180' title='bbox 956 1057 1107 1097; x_wconf 85' lang='lat' dir='ltr'><strong>Princeps</strong></span> <span class='ocrx_word' id='word_1_181' title='bbox 1122 1058 1282 1089; x_wconf 82' lang='lat' dir='ltr'><strong>licentiam</strong></span> <span class='ocrx_word' id='word_1_182' title='bbox 1299 1061 1362 1088; x_wconf 89' lang='lat' dir='ltr'><strong>tur-</strong></span> 
     </span>
     <span class='ocr_line' id='line_1_20' title="bbox 25 1103 1362 1147; baseline 0.002 -14"><span class='ocrx_word' id='word_1_183' title='bbox 25 1103 139 1135; x_wconf 88' lang='lat' dir='ltr'><strong>barum</strong></span> <span class='ocrx_word' id='word_1_184' title='bbox 157 1106 189 1136; x_wconf 86' lang='lat' dir='ltr'><strong>et</strong></span> <span class='ocrx_word' id='word_1_185' title='bbox 205 1114 244 1136; x_wconf 82' lang='lat' dir='ltr'><strong>ex</strong></span> <span class='ocrx_word' id='word_1_186' title='bbox 259 1105 343 1137; x_wconf 84' lang='lat' dir='ltr'><strong>civili</strong></span> <span class='ocrx_word' id='word_1_187' title='bbox 360 1105 444 1137; x_wconf 92' lang='lat' dir='ltr'><strong>bello</strong></span> <span class='ocrx_word' id='word_1_188' title='bbox 464 1115 553 1147; x_wconf 82' lang='lat' dir='ltr'><strong>spem</strong></span> <span class='ocrx_word' id='word_1_189' title='bbox 572 1106 781 1146; x_wconf 79' lang='lat' dir='ltr'><strong>praemiorum</strong></span> <span class='ocrx_word' id='word_1_190' title='bbox 801 1105 1003 1137; x_wconf 68' lang='lat' dir='ltr'><strong>ostendebat.</strong></span> <span class='ocrx_word' id='word_1_191' title='bbox 1028 1105 1140 1137; x_wconf 82' lang='lat' dir='ltr'><strong>castris</strong></span> <span class='ocrx_word' id='word_1_192' title='bbox 1157 1106 1279 1137; x_wconf 73' lang='lat' dir='ltr'><strong>aestivis</strong></span> <span class='ocrx_word' id='word_1_193' title='bbox 1298 1108 1362 1136; x_wconf 84' lang='lat' dir='ltr'><strong>tres</strong></span> 
     </span>
     <span class='ocr_line' id='line_1_21' title="bbox 27 1149 1363 1192; baseline 0.002 -11"><span class='ocrx_word' id='word_1_194' title='bbox 27 1149 124 1181; x_wconf 89' lang='lat' dir='ltr'><strong>simul</strong></span> <span class='ocrx_word' id='word_1_195' title='bbox 147 1152 287 1191; x_wconf 79' lang='lat' dir='ltr'><strong>legiones</strong></span> <span class='ocrx_word' id='word_1_196' title='bbox 311 1153 524 1191; x_wconf 72' lang='lat' dir='ltr'><strong>habebantur,</strong></span> <span class='ocrx_word' id='word_1_197' title='bbox 546 1152 740 1192; x_wconf 76' lang='lat' dir='ltr'><strong>praesidente</strong></span> <span class='ocrx_word' id='word_1_198' title='bbox 767 1153 861 1183; x_wconf 89' lang='lat' dir='ltr'><strong>Junio</strong></span> <span class='ocrx_word' id='word_1_199' title='bbox 884 1153 1008 1184; x_wconf 75' lang='lat' dir='ltr'><strong>Blaeso:</strong></span> <span class='ocrx_word' id='word_1_200' title='bbox 1025 1153 1079 1192; x_wconf 88' lang='lat' dir='ltr'><strong>qui</strong></span> <span class='ocrx_word' id='word_1_201' title='bbox 1097 1153 1159 1184; x_wconf 84' lang='lat' dir='ltr'><strong>tine</strong></span> <span class='ocrx_word' id='word_1_202' title='bbox 1174 1153 1309 1191; x_wconf 82' lang='lat' dir='ltr'><strong>Augusti</strong></span> <span class='ocrx_word' id='word_1_203' title='bbox 1332 1156 1363 1184; x_wconf 75' lang='lat' dir='ltr'><strong>ct</strong></span> 
     </span>
     <span class='ocr_line' id='line_1_22' title="bbox 27 1197 1363 1239; baseline 0.001 -11"><span class='ocrx_word' id='word_1_204' title='bbox 27 1197 128 1229; x_wconf 83' lang='lat' dir='ltr'><strong>initiis</strong></span> <span class='ocrx_word' id='word_1_205' title='bbox 145 1198 263 1229; x_wconf 90' lang='lat' dir='ltr'><strong>Tiberii</strong></span> <span class='ocrx_word' id='word_1_206' title='bbox 281 1199 425 1238; x_wconf 69' lang='lat' dir='ltr'><strong>auditus,</strong></span> <span class='ocrx_word' id='word_1_207' title='bbox 442 1199 484 1229; x_wconf 92' lang='lat' dir='ltr'><strong>ob</strong></span> <span class='ocrx_word' id='word_1_208' title='bbox 496 1199 662 1239; x_wconf 77' lang='lat' dir='ltr'><strong>justitium</strong></span> <span class='ocrx_word' id='word_1_209' title='bbox 679 1200 683 1215; x_wconf 88' lang='lat'>¹</span> <span class='ocrx_word' id='word_1_210' title='bbox 707 1202 761 1229; x_wconf 85' lang='lat' dir='ltr'><strong>aut</strong></span> <span class='ocrx_word' id='word_1_211' title='bbox 778 1199 930 1238; x_wconf 74' lang='lat' dir='ltr'><strong>gaudium</strong></span> <span class='ocrx_word' id='word_1_212' title='bbox 950 1199 1164 1230; x_wconf 77' lang='lat' dir='ltr'><strong>intermiserat</strong></span> <span class='ocrx_word' id='word_1_213' title='bbox 1186 1199 1279 1230; x_wconf 83' lang='lat' dir='ltr'><strong>solita</strong></span> <span class='ocrx_word' id='word_1_214' title='bbox 1294 1209 1363 1230; x_wconf 86' lang='lat' dir='ltr'><strong>mu-</strong></span> 
     </span>
     <span class='ocr_line' id='line_1_23' title="bbox 27 1245 1364 1286; baseline 0.001 -11"><span class='ocrx_word' id='word_1_215' title='bbox 27 1245 91 1276; x_wconf 90' lang='lat' dir='ltr'><strong>nia.</strong></span> <span class='ocrx_word' id='word_1_216' title='bbox 108 1254 146 1275; x_wconf 82' lang='lat' dir='ltr'><strong>eo</strong></span> <span class='ocrx_word' id='word_1_217' title='bbox 164 1246 321 1286; x_wconf 77' lang='lat' dir='ltr'><strong>principio</strong></span> <span class='ocrx_word' id='word_1_218' title='bbox 336 1246 482 1277; x_wconf 73' lang='lat' dir='ltr'><strong>lascivire</strong></span> <span class='ocrx_word' id='word_1_219' title='bbox 501 1246 603 1284; x_wconf 81' lang='lat' dir='ltr'><strong>miles,</strong></span> <span class='ocrx_word' id='word_1_220' title='bbox 619 1245 817 1283; x_wconf 81' lang='lat' dir='ltr'><strong>discordare,</strong></span> <span class='ocrx_word' id='word_1_221' title='bbox 837 1245 969 1286; x_wconf 61' lang='lat' dir='ltr'><strong>pessimi</strong></span> <span class='ocrx_word' id='word_1_222' title='bbox 989 1246 1147 1286; x_wconf 82' lang='lat' dir='ltr'><strong>cujusque</strong></span> <span class='ocrx_word' id='word_1_223' title='bbox 1159 1246 1364 1277; x_wconf 73' lang='lat' dir='ltr'><strong>sermonibus</strong></span> 
     </span>
     <span class='ocr_line' id='line_1_24' title="bbox 27 1292 1362 1332; baseline 0 -9"><span class='ocrx_word' id='word_1_224' title='bbox 27 1292 170 1329; x_wconf 75' lang='lat' dir='ltr'><strong>praebere</strong></span> <span class='ocrx_word' id='word_1_225' title='bbox 192 1301 297 1331; x_wconf 81' lang='lat' dir='ltr'><strong>aures,</strong></span> <span class='ocrx_word' id='word_1_226' title='bbox 322 1293 461 1332; x_wconf 77' lang='lat' dir='ltr'><strong>denique</strong></span> <span class='ocrx_word' id='word_1_227' title='bbox 479 1293 591 1323; x_wconf 84' lang='lat' dir='ltr'><strong>luxum</strong></span> <span class='ocrx_word' id='word_1_228' title='bbox 617 1294 648 1324; x_wconf 86' lang='lat' dir='ltr'><strong>et</strong></span> <span class='ocrx_word' id='word_1_229' title='bbox 671 1293 774 1323; x_wconf 83' lang='lat' dir='ltr'><strong>otium</strong></span> <span class='ocrx_word' id='word_1_230' title='bbox 797 1302 926 1332; x_wconf 75' lang='lat' dir='ltr'><strong>cupere,</strong></span> <span class='ocrx_word' id='word_1_231' title='bbox 949 1292 1149 1332; x_wconf 81' lang='lat' dir='ltr'><strong>disciplinam</strong></span> <span class='ocrx_word' id='word_1_232' title='bbox 1167 1296 1198 1324; x_wconf 85' lang='lat' dir='ltr'><strong>ct</strong></span> <span class='ocrx_word' id='word_1_233' title='bbox 1220 1293 1362 1324; x_wconf 84' lang='lat' dir='ltr'><strong>laborem</strong></span> 
     </span>
     <span class='ocr_line' id='line_1_25' title="bbox 27 1339 1361 1380; baseline 0 -10"><span class='ocrx_word' id='word_1_234' title='bbox 27 1339 201 1379; x_wconf 85' lang='lat' dir='ltr'><strong>aspernari.</strong></span> <span class='ocrx_word' id='word_1_235' title='bbox 229 1341 300 1370; x_wconf 82' lang='lat' dir='ltr'><strong>Erat</strong></span> <span class='ocrx_word' id='word_1_236' title='bbox 316 1339 348 1370; x_wconf 91' lang='lat' dir='ltr'><strong>in</strong></span> <span class='ocrx_word' id='word_1_237' title='bbox 367 1341 477 1370; x_wconf 80' lang='lat' dir='ltr'><strong>eastris</strong></span> <span class='ocrx_word' id='word_1_238' title='bbox 491 1339 686 1370; x_wconf 75' lang='lat' dir='ltr'><strong>Percennius</strong></span> <span class='ocrx_word' id='word_1_239' title='bbox 710 1340 852 1379; x_wconf 83' lang='lat' dir='ltr'><strong>quidam,</strong></span> <span class='ocrx_word' id='word_1_240' title='bbox 874 1339 939 1369; x_wconf 79' lang='lat' dir='ltr'><strong>dux</strong></span> <span class='ocrx_word' id='word_1_241' title='bbox 963 1339 1039 1369; x_wconf 90' lang='lat' dir='ltr'><strong>olim</strong></span> <span class='ocrx_word' id='word_1_242' title='bbox 1063 1340 1266 1370; x_wconf 78' lang='lat' dir='ltr'><strong>theatralium</strong></span> <span class='ocrx_word' id='word_1_243' title='bbox 1289 1349 1361 1380; x_wconf 87' lang='lat' dir='ltr'><strong>ope-</strong></span> 
     </span>
     <span class='ocr_line' id='line_1_26' title="bbox 27 1385 1363 1427; baseline 0.001 -11"><span class='ocrx_word' id='word_1_244' title='bbox 27 1394 134 1417; x_wconf 87' lang='lat' dir='ltr'><strong>rarum</strong></span> <span class='ocrx_word' id='word_1_245' title='bbox 149 1385 173 1425; x_wconf 82' lang='lat'><strong>²,</strong></span> <span class='ocrx_word' id='word_1_246' title='bbox 193 1386 267 1417; x_wconf 80' lang='lat' dir='ltr'><strong>dein</strong></span> <span class='ocrx_word' id='word_1_247' title='bbox 289 1387 453 1427; x_wconf 72' lang='lat' dir='ltr'><strong>gregarius</strong></span> <span class='ocrx_word' id='word_1_248' title='bbox 476 1386 580 1425; x_wconf 85' lang='lat' dir='ltr'><strong>miles,</strong></span> <span class='ocrx_word' id='word_1_249' title='bbox 600 1396 718 1426; x_wconf 82' lang='lat' dir='ltr'><strong>procax</strong></span> <span class='ocrx_word' id='word_1_250' title='bbox 735 1386 842 1425; x_wconf 79' lang='lat' dir='ltr'><strong>lingua</strong></span> <span class='ocrx_word' id='word_1_251' title='bbox 858 1387 890 1417; x_wconf 89' lang='lat' dir='ltr'><strong>et</strong></span> <span class='ocrx_word' id='word_1_252' title='bbox 909 1385 1044 1417; x_wconf 80' lang='lat' dir='ltr'><strong>miscere</strong></span> <span class='ocrx_word' id='word_1_253' title='bbox 1061 1389 1162 1417; x_wconf 66' lang='lat' dir='ltr'><strong>emtus</strong></span> <span class='ocrx_word' id='word_1_254' title='bbox 1186 1387 1363 1419; x_wconf 67' lang='lat' dir='ltr'><strong>histrionali</strong></span> 
     </span>
     <span class='ocr_line' id='line_1_27' title="bbox 27 1433 1364 1474; baseline 0.001 -10"><span class='ocrx_word' id='word_1_255' title='bbox 27 1433 136 1464; x_wconf 86' lang='lat' dir='ltr'><strong>studio</strong></span> <span class='ocrx_word' id='word_1_256' title='bbox 158 1433 285 1465; x_wconf 84' lang='lat' dir='ltr'><strong>doctus.</strong></span> <span class='ocrx_word' id='word_1_257' title='bbox 313 1433 339 1465; x_wconf 87' lang='lat' dir='ltr'><strong>is</strong></span> <span class='ocrx_word' id='word_1_258' title='bbox 366 1434 530 1474; x_wconf 83' lang='lat' dir='ltr'><strong>imperitos</strong></span> <span class='ocrx_word' id='word_1_259' title='bbox 552 1433 678 1465; x_wconf 89' lang='lat' dir='ltr'><strong>animos</strong></span> <span class='ocrx_word' id='word_1_260' title='bbox 697 1437 740 1473; x_wconf 90' lang='lat' dir='ltr'><strong>et,</strong></span> <span class='ocrx_word' id='word_1_261' title='bbox 759 1442 909 1474; x_wconf 77' lang='lat' dir='ltr'><strong>quaenam</strong></span> <span class='ocrx_word' id='word_1_262' title='bbox 936 1434 1010 1473; x_wconf 87' lang='lat' dir='ltr'><strong>post</strong></span> <span class='ocrx_word' id='word_1_263' title='bbox 1037 1436 1216 1473; x_wconf 64' lang='lat' dir='ltr'><strong>Augustum</strong></span> <span class='ocrx_word' id='word_1_264' title='bbox 1240 1434 1364 1466; x_wconf 59' lang='lat' dir='ltr'><strong>militiae</strong></span> 
     </span>
     <span class='ocr_line' id='line_1_28' title="bbox 27 1479 1364 1521; baseline 0.002 -11"><span class='ocrx_word' id='word_1_265' title='bbox 27 1479 182 1521; x_wconf 90' lang='lat' dir='ltr'><strong>conditio,</strong></span> <span class='ocrx_word' id='word_1_266' title='bbox 203 1480 414 1521; x_wconf 70' lang='lat' dir='ltr'><strong>ambigentes,</strong></span> <span class='ocrx_word' id='word_1_267' title='bbox 435 1481 599 1521; x_wconf 75' lang='lat' dir='ltr'><strong>impellere</strong></span> <span class='ocrx_word' id='word_1_268' title='bbox 622 1481 788 1521; x_wconf 87' lang='lat' dir='ltr'><strong>paullatim</strong></span> <span class='ocrx_word' id='word_1_269' title='bbox 813 1481 978 1512; x_wconf 77' lang='lat' dir='ltr'><strong>nocturnis</strong></span> <span class='ocrx_word' id='word_1_270' title='bbox 997 1481 1178 1521; x_wconf 72' lang='lat' dir='ltr'><strong>colloquiis,</strong></span> <span class='ocrx_word' id='word_1_271' title='bbox 1203 1483 1256 1512; x_wconf 83' lang='lat' dir='ltr'><strong>aut</strong></span> <span class='ocrx_word' id='word_1_272' title='bbox 1282 1482 1364 1513; x_wconf 83' lang='lat' dir='ltr'><strong>flexo</strong></span> 
     </span>
     <span class='ocr_line' id='line_1_29' title="bbox 28 1526 1362 1569; baseline 0.001 -11"><span class='ocrx_word' id='word_1_273' title='bbox 28 1526 60 1558; x_wconf 90' lang='lat' dir='ltr'><strong>in</strong></span> <span class='ocrx_word' id='word_1_274' title='bbox 73 1536 241 1568; x_wconf 79' lang='lat' dir='ltr'><strong>vesperam</strong></span> <span class='ocrx_word' id='word_1_275' title='bbox 264 1528 315 1559; x_wconf 87' lang='lat' dir='ltr'><strong>die</strong></span> <span class='ocrx_word' id='word_1_276' title='bbox 338 1531 369 1559; x_wconf 83' lang='lat' dir='ltr'><strong>et</strong></span> <span class='ocrx_word' id='word_1_277' title='bbox 385 1528 516 1569; x_wconf 81' lang='lat' dir='ltr'><strong>dilapsis</strong></span> <span class='ocrx_word' id='word_1_278' title='bbox 533 1528 733 1567; x_wconf 78' lang='lat' dir='ltr'><strong>melioribus,</strong></span> <span class='ocrx_word' id='word_1_279' title='bbox 748 1528 957 1560; x_wconf 88' lang='lat' dir='ltr'><strong>deterrimum</strong></span> <span class='ocrx_word' id='word_1_280' title='bbox 983 1537 1142 1568; x_wconf 75' lang='lat' dir='ltr'><strong>quemque</strong></span> <span class='ocrx_word' id='word_1_281' title='bbox 1157 1538 1362 1568; x_wconf 77' lang='lat' dir='ltr'><strong>congregare.</strong></span> 
     </span>
     <span class='ocr_line' id='line_1_30' title="bbox 27 1575 1363 1616; baseline 0.002 -11"><span class='ocrx_word' id='word_1_282' title='bbox 27 1575 189 1614; x_wconf 85' lang='lat' dir='ltr'><strong>postremo</strong></span> <span class='ocrx_word' id='word_1_283' title='bbox 211 1575 369 1616; x_wconf 88' lang='lat' dir='ltr'><strong>promptis</strong></span> <span class='ocrx_word' id='word_1_284' title='bbox 381 1576 446 1616; x_wconf 78' lang='lat' dir='ltr'><strong>Jam</strong></span> <span class='ocrx_word' id='word_1_285' title='bbox 469 1577 501 1607; x_wconf 88' lang='lat' dir='ltr'><strong>et</strong></span> <span class='ocrx_word' id='word_1_286' title='bbox 516 1576 585 1607; x_wconf 86' lang='lat' dir='ltr'><strong>aliis</strong></span> <span class='ocrx_word' id='word_1_287' title='bbox 601 1576 768 1607; x_wconf 87' lang='lat' dir='ltr'><strong>seditionis</strong></span> <span class='ocrx_word' id='word_1_288' title='bbox 785 1575 955 1615; x_wconf 84' lang='lat' dir='ltr'><strong>ministris,</strong></span> <span class='ocrx_word' id='word_1_289' title='bbox 971 1575 1060 1606; x_wconf 73' lang='lat' dir='ltr'><strong>velut</strong></span> <span class='ocrx_word' id='word_1_290' title='bbox 1076 1575 1363 1608; x_wconf 83' lang='lat' dir='ltr'><strong>concionabundus</strong></span> 
     </span>
     <span class='ocr_line' id='line_1_31' title="bbox 28 1619 267 1662; baseline 0.017 -12"><span class='ocrx_word' id='word_1_291' title='bbox 28 1619 246 1662; x_wconf 79' lang='lat' dir='ltr'><strong>interrogabat</strong></span> <span class='ocrx_word' id='word_1_292' title='bbox 260 1633 267 1653; x_wconf 89' lang='lat'>:</span> 
     </span>
    </p>

    <p class='ocr_par' dir='ltr' id='par_1_5' title="bbox 28 1670 1365 1946">
     <span class='ocr_line' id='line_1_32' title="bbox 69 1670 1364 1711; baseline 0.002 -12"><span class='ocrx_word' id='word_1_293' title='bbox 69 1672 164 1700; x_wconf 79' lang='lat' dir='ltr'><strong>XVII.</strong></span> <span class='ocrx_word' id='word_1_294' title='bbox 193 1683 207 1696; x_wconf 90' lang='lat'>«</span> <span class='ocrx_word' id='word_1_295' title='bbox 229 1674 294 1702; x_wconf 91' lang='lat' dir='ltr'><strong>Cur</strong></span> <span class='ocrx_word' id='word_1_296' title='bbox 315 1670 427 1710; x_wconf 86' lang='lat' dir='ltr'><strong>paucis</strong></span> <span class='ocrx_word' id='word_1_297' title='bbox 451 1670 717 1710; x_wconf 86' lang='lat' dir='ltr'><strong>centurionibus,</strong></span> <span class='ocrx_word' id='word_1_298' title='bbox 739 1670 945 1711; x_wconf 87' lang='lat' dir='ltr'><strong>paucioribus</strong></span> <span class='ocrx_word' id='word_1_299' title='bbox 963 1670 1103 1701; x_wconf 90' lang='lat' dir='ltr'><strong>tribunis</strong></span> <span class='ocrx_word' id='word_1_300' title='bbox 1121 1670 1149 1710; x_wconf 86' lang='lat'><strong>¹,</strong></span> <span class='ocrx_word' id='word_1_301' title='bbox 1173 1670 1205 1701; x_wconf 95' lang='lat' dir='ltr'><strong>in</strong></span> <span class='ocrx_word' id='word_1_302' title='bbox 1230 1671 1364 1702; x_wconf 89' lang='lat' dir='ltr'><strong>modum</strong></span> 
     </span>
     <span class='ocr_line' id='line_1_33' title="bbox 28 1715 1364 1758; baseline 0.002 -12"><span class='ocrx_word' id='word_1_303' title='bbox 28 1729 44 1741; x_wconf 72' lang='grc' dir='ltr'>ι</span> <span class='ocrx_word' id='word_1_304' title='bbox 61 1723 229 1748; x_wconf 76' lang='lat' dir='ltr'><strong>servorum</strong></span> <span class='ocrx_word' id='word_1_305' title='bbox 243 1717 439 1749; x_wconf 84' lang='lat' dir='ltr'><strong>obedirent?</strong></span> <span class='ocrx_word' id='word_1_306' title='bbox 455 1718 585 1758; x_wconf 87' lang='lat' dir='ltr'><strong>quando</strong></span> <span class='ocrx_word' id='word_1_307' title='bbox 607 1726 743 1749; x_wconf 88' lang='lat' dir='ltr'><strong>ausuros</strong></span> <span class='ocrx_word' id='word_1_308' title='bbox 759 1717 770 1735; x_wconf 85' lang='lat'>²</span> <span class='ocrx_word' id='word_1_309' title='bbox 790 1727 965 1758; x_wconf 83' lang='lat' dir='ltr'><strong>exposcere</strong></span> <span class='ocrx_word' id='word_1_310' title='bbox 979 1717 1121 1749; x_wconf 79' lang='lat' dir='ltr'><strong>remedia</strong></span> <span class='ocrx_word' id='word_1_311' title='bbox 1134 1742 1143 1757; x_wconf 88' lang='lat'><strong>,</strong></span> <span class='ocrx_word' id='word_1_312' title='bbox 1163 1717 1225 1748; x_wconf 90' lang='lat' dir='ltr'><strong>nisi</strong></span> <span class='ocrx_word' id='word_1_313' title='bbox 1242 1715 1364 1749; x_wconf 82' lang='lat' dir='ltr'><strong>novum</strong></span> 
     </span>
     <span class='ocr_line' id='line_1_34' title="bbox 30 1764 1365 1806; baseline 0.003 -12"><span class='ocrx_word' id='word_1_314' title='bbox 30 1773 45 1788; x_wconf 83' lang='lat'>«</span> <span class='ocrx_word' id='word_1_315' title='bbox 60 1764 92 1794; x_wconf 87' lang='lat' dir='ltr'><strong>et</strong></span> <span class='ocrx_word' id='word_1_316' title='bbox 106 1765 275 1796; x_wconf 85' lang='lat' dir='ltr'><strong>nutantem</strong></span> <span class='ocrx_word' id='word_1_317' title='bbox 295 1764 403 1796; x_wconf 90' lang='lat' dir='ltr'><strong>adhuc</strong></span> <span class='ocrx_word' id='word_1_318' title='bbox 421 1765 603 1806; x_wconf 85' lang='lat' dir='ltr'><strong>Principem</strong></span> <span class='ocrx_word' id='word_1_319' title='bbox 622 1765 773 1805; x_wconf 87' lang='lat' dir='ltr'><strong>precibus</strong></span> <span class='ocrx_word' id='word_1_320' title='bbox 788 1766 838 1797; x_wconf 83' lang='lat' dir='ltr'><strong>vel</strong></span> <span class='ocrx_word' id='word_1_321' title='bbox 860 1766 960 1796; x_wconf 87' lang='lat' dir='ltr'><strong>armis</strong></span> <span class='ocrx_word' id='word_1_322' title='bbox 975 1764 1128 1796; x_wconf 81' lang='lat' dir='ltr'><strong>adirent?</strong></span> <span class='ocrx_word' id='word_1_323' title='bbox 1143 1764 1221 1795; x_wconf 82' lang='lat' dir='ltr'><strong>satis</strong></span> <span class='ocrx_word' id='word_1_324' title='bbox 1243 1775 1299 1806; x_wconf 79' lang='lat' dir='ltr'><strong>per</strong></span> <span class='ocrx_word' id='word_1_325' title='bbox 1315 1766 1365 1798; x_wconf 84' lang='lat' dir='ltr'><strong>tot</strong></span> 
     </span>
     <span class='ocr_line' id='line_1_35' title="bbox 30 1810 1364 1853; baseline 0.002 -13"><span class='ocrx_word' id='word_1_326' title='bbox 30 1820 45 1835; x_wconf 74' lang='grc' dir='ltr'><strong>«ι</strong></span> <span class='ocrx_word' id='word_1_327' title='bbox 64 1817 165 1842; x_wconf 85' lang='lat' dir='ltr'><strong>annos</strong></span> <span class='ocrx_word' id='word_1_328' title='bbox 179 1810 305 1850; x_wconf 68' lang='lat' dir='ltr'><strong>ignavia</strong></span> <span class='ocrx_word' id='word_1_329' title='bbox 320 1814 506 1852; x_wconf 84' lang='lat' dir='ltr'><strong>peccatum,</strong></span> <span class='ocrx_word' id='word_1_330' title='bbox 527 1812 613 1852; x_wconf 88' lang='lat' dir='ltr'><strong>quod</strong></span> <span class='ocrx_word' id='word_1_331' title='bbox 630 1812 751 1843; x_wconf 88' lang='lat' dir='ltr'><strong>tricena</strong></span> <span class='ocrx_word' id='word_1_332' title='bbox 765 1814 822 1843; x_wconf 87' lang='lat' dir='ltr'><strong>aut</strong></span> <span class='ocrx_word' id='word_1_333' title='bbox 835 1812 1040 1853; x_wconf 75' lang='lat' dir='ltr'><strong>quadragena</strong></span> <span class='ocrx_word' id='word_1_334' title='bbox 1055 1811 1217 1852; x_wconf 85' lang='lat' dir='ltr'><strong>stipendia</strong></span> <span class='ocrx_word' id='word_1_335' title='bbox 1231 1812 1241 1829; x_wconf 83' lang='lat'><strong>³</strong></span> <span class='ocrx_word' id='word_1_336' title='bbox 1260 1821 1364 1851; x_wconf 85' lang='lat' dir='ltr'><strong>senes,</strong></span> 
     </span>
     <span class='ocr_line' id='line_1_36' title="bbox 30 1856 1363 1899; baseline 0.002 -12"><span class='ocrx_word' id='word_1_337' title='bbox 30 1867 46 1882; x_wconf 69' lang='grc' dir='ltr'><strong><em>κ</em></strong></span> <span class='ocrx_word' id='word_1_338' title='bbox 63 1858 94 1887; x_wconf 87' lang='lat' dir='ltr'><strong>et</strong></span> <span class='ocrx_word' id='word_1_339' title='bbox 109 1856 251 1897; x_wconf 83' lang='lat' dir='ltr'><strong>plerique</strong></span> <span class='ocrx_word' id='word_1_340' title='bbox 269 1860 419 1890; x_wconf 78' lang='lat' dir='ltr'><strong>truncato</strong></span> <span class='ocrx_word' id='word_1_341' title='bbox 433 1868 471 1890; x_wconf 87' lang='lat' dir='ltr'><strong>ex</strong></span> <span class='ocrx_word' id='word_1_342' title='bbox 488 1859 676 1890; x_wconf 90' lang='lat' dir='ltr'><strong>vulneribus</strong></span> <span class='ocrx_word' id='word_1_343' title='bbox 693 1868 839 1899; x_wconf 86' lang='lat' dir='ltr'><strong>corpore,</strong></span> <span class='ocrx_word' id='word_1_344' title='bbox 854 1860 1003 1891; x_wconf 83' lang='lat' dir='ltr'><strong>tolerent.</strong></span> <span class='ocrx_word' id='word_1_345' title='bbox 1019 1868 1060 1890; x_wconf 88' lang='lat' dir='ltr'><strong>ne</strong></span> <span class='ocrx_word' id='word_1_346' title='bbox 1076 1858 1216 1890; x_wconf 87' lang='lat' dir='ltr'><strong>dimissis</strong></span> <span class='ocrx_word' id='word_1_347' title='bbox 1231 1858 1363 1899; x_wconf 90' lang='lat' dir='ltr'><strong>quidem</strong></span> 
     </span>
     <span class='ocr_line' id='line_1_37' title="bbox 30 1902 1362 1946; baseline 0.002 -13"><span class='ocrx_word' id='word_1_348' title='bbox 30 1909 49 1928; x_wconf 77' lang='grc' dir='ltr'><strong>ι·</strong></span> <span class='ocrx_word' id='word_1_349' title='bbox 61 1902 158 1934; x_wconf 89' lang='lat' dir='ltr'><strong>finem</strong></span> <span class='ocrx_word' id='word_1_350' title='bbox 171 1912 242 1935; x_wconf 88' lang='lat' dir='ltr'><strong>esse</strong></span> <span class='ocrx_word' id='word_1_351' title='bbox 254 1904 376 1936; x_wconf 87' lang='lat' dir='ltr'><strong>militiae</strong></span> <span class='ocrx_word' id='word_1_352' title='bbox 387 1930 396 1945; x_wconf 92' lang='lat'><em>‚</em></span> <span class='ocrx_word' id='word_1_353' title='bbox 413 1906 468 1937; x_wconf 89' lang='lat' dir='ltr'><strong>sed</strong></span> <span class='ocrx_word' id='word_1_354' title='bbox 485 1906 569 1946; x_wconf 86' lang='lat' dir='ltr'><strong>apud</strong></span> <span class='ocrx_word' id='word_1_355' title='bbox 585 1905 739 1937; x_wconf 78' lang='lat' dir='ltr'><strong>vexillum</strong></span> <span class='ocrx_word' id='word_1_356' title='bbox 754 1908 896 1938; x_wconf 87' lang='lat' dir='ltr'><strong>retentos</strong></span> <span class='ocrx_word' id='word_1_357' title='bbox 920 1906 984 1937; x_wconf 89' lang='lat' dir='ltr'><strong>alio</strong></span> <span class='ocrx_word' id='word_1_358' title='bbox 1017 1906 1177 1937; x_wconf 82' lang='lat' dir='ltr'><strong>vocabulo</strong></span> <span class='ocrx_word' id='word_1_359' title='bbox 1192 1905 1202 1923; x_wconf 76' lang='lat'><strong>⁴</strong></span> <span class='ocrx_word' id='word_1_360' title='bbox 1231 1906 1362 1937; x_wconf 86' lang='lat' dir='ltr'><strong>eosdem</strong></span> 
     </span>
    </p>
   </div>
   <div class='ocr_carea' id='block_1_3' title="bbox 27 1987 1362 2477">
    <p class='ocr_par' dir='ltr' id='par_1_6' title="bbox 28 1987 1284 2017">
     <span class='ocr_line' id='line_1_38' title="bbox 28 1987 1284 2017; baseline -0.001 -5"><span class='ocrx_word' id='word_1_361' title='bbox 28 1989 141 2017; x_wconf 82' lang='lat' dir='ltr'><strong>ceperat</strong></span> <span class='ocrx_word' id='word_1_362' title='bbox 162 1987 215 2011; x_wconf 84' lang='lat' dir='ltr'><strong>hoc</strong></span> <span class='ocrx_word' id='word_1_363' title='bbox 241 1988 384 2017; x_wconf 84' lang='lat' dir='ltr'><strong>imperium</strong></span> <span class='ocrx_word' id='word_1_364' title='bbox 408 1989 434 2012; x_wconf 90' lang='lat' dir='ltr'><strong>in</strong></span> <span class='ocrx_word' id='word_1_365' title='bbox 457 1988 526 2013; x_wconf 86' lang='lat' dir='ltr'><strong>bella</strong></span> <span class='ocrx_word' id='word_1_366' title='bbox 552 1995 613 2013; x_wconf 88' lang='lat' dir='ltr'><strong>cum</strong></span> <span class='ocrx_word' id='word_1_367' title='bbox 638 1989 787 2013; x_wconf 80' lang='lat' dir='ltr'><strong>Germanis.</strong></span> <span class='ocrx_word' id='word_1_368' title='bbox 813 2002 839 2005; x_wconf 79' lang='lat'>—</span> <span class='ocrx_word' id='word_1_369' title='bbox 866 1995 890 2012; x_wconf 69' lang='lat' dir='ltr'><strong>a.</strong></span> <span class='ocrx_word' id='word_1_370' title='bbox 919 1988 1100 2016; x_wconf 66' lang='lat' dir='ltr'><strong>asseveravit,</strong></span> <span class='ocrx_word' id='word_1_371' title='bbox 1129 1988 1284 2012; x_wconf 72' lang='lat' dir='ltr'><strong>affirmavit.</strong></span> 
     </span>
    </p>

    <p class='ocr_par' dir='ltr' id='par_1_7' title="bbox 28 2022 1362 2229">
     <span class='ocr_line' id='line_1_39' title="bbox 56 2022 1362 2053; baseline 0.002 -7"><span class='ocrx_word' id='word_1_372' title='bbox 56 2022 113 2046; x_wconf 84' lang='lat' dir='ltr'><strong>XV.</strong></span> <span class='ocrx_word' id='word_1_373' title='bbox 129 2029 150 2046; x_wconf 79' lang='grc' dir='ltr'><strong>ι.</strong></span> <span class='ocrx_word' id='word_1_374' title='bbox 164 2024 231 2047; x_wconf 79' lang='lat' dir='ltr'><strong>Tum</strong></span> <span class='ocrx_word' id='word_1_375' title='bbox 247 2025 336 2047; x_wconf 87' lang='lat' dir='ltr'><strong>omnia</strong></span> <span class='ocrx_word' id='word_1_376' title='bbox 348 2030 396 2053; x_wconf 85' lang='lat' dir='ltr'><strong>per</strong></span> <span class='ocrx_word' id='word_1_377' title='bbox 413 2025 536 2048; x_wconf 83' lang='lat' dir='ltr'><strong>senatum</strong></span> <span class='ocrx_word' id='word_1_378' title='bbox 549 2024 664 2053; x_wconf 86' lang='lat' dir='ltr'><strong>Principi</strong></span> <span class='ocrx_word' id='word_1_379' title='bbox 681 2024 828 2048; x_wconf 78' lang='lat' dir='ltr'><strong>obnoxium</strong></span> <span class='ocrx_word' id='word_1_380' title='bbox 842 2026 870 2047; x_wconf 89' lang='lat' dir='ltr'><strong>et</strong></span> <span class='ocrx_word' id='word_1_381' title='bbox 880 2024 1117 2048; x_wconf 83' lang='lat' dir='ltr'><strong>senatusconsulta</strong></span> <span class='ocrx_word' id='word_1_382' title='bbox 1135 2023 1294 2053; x_wconf 78' lang='lat' dir='ltr'><strong>agebantur,</strong></span> <span class='ocrx_word' id='word_1_383' title='bbox 1307 2030 1362 2049; x_wconf 85' lang='lat' dir='ltr'><strong>non</strong></span> 
     </span>
     <span class='ocr_line' id='line_1_40' title="bbox 29 2057 1362 2088; baseline 0.002 -8"><span class='ocrx_word' id='word_1_384' title='bbox 29 2062 76 2086; x_wconf 82' lang='lat' dir='ltr'><strong>per</strong></span> <span class='ocrx_word' id='word_1_385' title='bbox 89 2057 163 2086; x_wconf 82' lang='lat' dir='ltr'><strong>leges</strong></span> <span class='ocrx_word' id='word_1_386' title='bbox 174 2058 242 2087; x_wconf 87' lang='lat' dir='ltr'><strong>apud</strong></span> <span class='ocrx_word' id='word_1_387' title='bbox 256 2058 382 2088; x_wconf 88' lang='lat' dir='ltr'><strong>populum</strong></span> <span class='ocrx_word' id='word_1_388' title='bbox 398 2059 423 2082; x_wconf 91' lang='lat' dir='ltr'><strong>in</strong></span> <span class='ocrx_word' id='word_1_389' title='bbox 438 2059 554 2083; x_wconf 84' lang='lat' dir='ltr'><strong>comitiis</strong></span> <span class='ocrx_word' id='word_1_390' title='bbox 568 2058 695 2088; x_wconf 81' lang='lat' dir='ltr'><strong>perlatas.</strong></span> <span class='ocrx_word' id='word_1_391' title='bbox 710 2073 738 2077; x_wconf 91' lang='lat'>—</span> <span class='ocrx_word' id='word_1_392' title='bbox 752 2064 774 2083; x_wconf 81' lang='lat'><strong>2.</strong></span> <span class='ocrx_word' id='word_1_393' title='bbox 791 2059 825 2083; x_wconf 91' lang='lat' dir='ltr'><strong>Ut</strong></span> <span class='ocrx_word' id='word_1_394' title='bbox 840 2058 981 2082; x_wconf 89' lang='lat' dir='ltr'><strong>consulum</strong></span> <span class='ocrx_word' id='word_1_395' title='bbox 994 2059 1112 2088; x_wconf 83' lang='lat' dir='ltr'><strong>creatio,</strong></span> <span class='ocrx_word' id='word_1_396' title='bbox 1127 2064 1207 2088; x_wconf 79' lang='lat' dir='ltr'><strong>quam</strong></span> <span class='ocrx_word' id='word_1_397' title='bbox 1224 2060 1362 2088; x_wconf 70' lang='lat' dir='ltr'><strong>Augustus</strong></span> 
     </span>
     <span class='ocr_line' id='line_1_41' title="bbox 28 2091 1360 2124; baseline 0.002 -9"><span class='ocrx_word' id='word_1_398' title='bbox 28 2091 78 2116; x_wconf 81' lang='lat' dir='ltr'><strong>sibi</strong></span> <span class='ocrx_word' id='word_1_399' title='bbox 90 2095 276 2122; x_wconf 77' lang='lat' dir='ltr'><strong>arrogaverat.</strong></span> <span class='ocrx_word' id='word_1_400' title='bbox 303 2106 318 2110; x_wconf 92' lang='lat'>-</span> <span class='ocrx_word' id='word_1_401' title='bbox 334 2100 357 2118; x_wconf 80' lang='lat'><strong>5.</strong></span> <span class='ocrx_word' id='word_1_402' title='bbox 373 2094 500 2124; x_wconf 86' lang='lat' dir='ltr'><strong>Quibusa</strong></span> <span class='ocrx_word' id='word_1_403' title='bbox 512 2094 612 2123; x_wconf 85' lang='lat' dir='ltr'><strong>populo</strong></span> <span class='ocrx_word' id='word_1_404' title='bbox 631 2094 805 2123; x_wconf 81' lang='lat' dir='ltr'><strong>magistratus</strong></span> <span class='ocrx_word' id='word_1_405' title='bbox 828 2094 938 2123; x_wconf 78' lang='lat' dir='ltr'><strong>adipisci</strong></span> <span class='ocrx_word' id='word_1_406' title='bbox 957 2094 1113 2118; x_wconf 86' lang='lat' dir='ltr'><strong>studebant.</strong></span> <span class='ocrx_word' id='word_1_407' title='bbox 1130 2107 1161 2111; x_wconf 94' lang='lat'><em>-</em></span> <span class='ocrx_word' id='word_1_408' title='bbox 1182 2098 1205 2117; x_wconf 71' lang='lat'><strong>⁴.</strong></span> <span class='ocrx_word' id='word_1_409' title='bbox 1225 2094 1360 2118; x_wconf 86' lang='lat' dir='ltr'><strong>Obtinuit.</strong></span> 
     </span>
     <span class='ocr_line' id='line_1_42' title="bbox 28 2128 1361 2159; baseline 0.002 -9"><span class='ocrx_word' id='word_1_410' title='bbox 28 2138 56 2143; x_wconf 91' lang='lat'><strong>--</strong></span> <span class='ocrx_word' id='word_1_411' title='bbox 69 2132 91 2151; x_wconf 72' lang='lat' dir='ltr'><strong>s.</strong></span> <span class='ocrx_word' id='word_1_412' title='bbox 105 2128 165 2151; x_wconf 89' lang='lat' dir='ltr'><strong>Jam</strong></span> <span class='ocrx_word' id='word_1_413' title='bbox 179 2128 213 2152; x_wconf 87' lang='lat' dir='ltr'><strong>ab</strong></span> <span class='ocrx_word' id='word_1_414' title='bbox 226 2135 250 2152; x_wconf 87' lang='lat' dir='ltr'><strong>a.</strong></span> <span class='ocrx_word' id='word_1_415' title='bbox 264 2129 293 2153; x_wconf 86' lang='lat' dir='ltr'><strong>U.</strong></span> <span class='ocrx_word' id='word_1_416' title='bbox 307 2134 352 2153; x_wconf 71' lang='lat'><strong>⁷3⁵</strong></span> <span class='ocrx_word' id='word_1_417' title='bbox 362 2131 458 2158; x_wconf 81' lang='lat' dir='ltr'><strong>saepius</strong></span> <span class='ocrx_word' id='word_1_418' title='bbox 469 2129 609 2158; x_wconf 85' lang='lat' dir='ltr'><strong>celebrati,</strong></span> <span class='ocrx_word' id='word_1_419' title='bbox 625 2129 672 2153; x_wconf 86' lang='lat' dir='ltr'><strong>sed</strong></span> <span class='ocrx_word' id='word_1_420' title='bbox 683 2135 755 2153; x_wconf 92' lang='lat' dir='ltr'><strong>nunc</strong></span> <span class='ocrx_word' id='word_1_421' title='bbox 767 2130 860 2153; x_wconf 83' lang='lat' dir='ltr'><strong>annui</strong></span> <span class='ocrx_word' id='word_1_422' title='bbox 875 2129 958 2158; x_wconf 83' lang='lat' dir='ltr'><strong>facti;</strong></span> <span class='ocrx_word' id='word_1_423' title='bbox 977 2129 1029 2153; x_wconf 85' lang='lat' dir='ltr'><strong>hoe</strong></span> <span class='ocrx_word' id='word_1_424' title='bbox 1043 2130 1114 2153; x_wconf 89' lang='lat' dir='ltr'><strong>enim</strong></span> <span class='ocrx_word' id='word_1_425' title='bbox 1126 2129 1361 2159; x_wconf 73' lang='lat' dir='ltr'><strong>significatsastis</strong></span> 
     </span>
     <span class='ocr_line' id='line_1_43' title="bbox 28 2162 1359 2195; baseline 0.002 -10"><span class='ocrx_word' id='word_1_426' title='bbox 28 2162 132 2187; x_wconf 76' lang='lat' dir='ltr'><strong>additi.</strong></span> <span class='ocrx_word' id='word_1_427' title='bbox 149 2177 178 2180; x_wconf 97' lang='lat'><strong>—</strong></span> <span class='ocrx_word' id='word_1_428' title='bbox 194 2170 218 2188; x_wconf 78' lang='lat' dir='ltr'><strong>e.</strong></span> <span class='ocrx_word' id='word_1_429' title='bbox 236 2165 269 2189; x_wconf 89' lang='lat' dir='ltr'><strong>Et</strong></span> <span class='ocrx_word' id='word_1_430' title='bbox 279 2165 429 2193; x_wconf 84' lang='lat' dir='ltr'><strong>decretum,</strong></span> <span class='ocrx_word' id='word_1_431' title='bbox 445 2166 474 2189; x_wconf 90' lang='lat' dir='ltr'><strong>ut</strong></span> <span class='ocrx_word' id='word_1_432' title='bbox 484 2165 597 2194; x_wconf 85' lang='lat' dir='ltr'><strong>tribuni,</strong></span> <span class='ocrx_word' id='word_1_433' title='bbox 611 2171 693 2195; x_wconf 89' lang='lat' dir='ltr'><strong>quum</strong></span> <span class='ocrx_word' id='word_1_434' title='bbox 707 2166 734 2189; x_wconf 90' lang='lat' dir='ltr'><strong>in</strong></span> <span class='ocrx_word' id='word_1_435' title='bbox 745 2166 819 2189; x_wconf 88' lang='lat' dir='ltr'><strong>circo</strong></span> <span class='ocrx_word' id='word_1_436' title='bbox 833 2166 933 2195; x_wconf 78' lang='lat' dir='ltr'><strong>essent,</strong></span> <span class='ocrx_word' id='word_1_437' title='bbox 949 2165 1106 2195; x_wconf 82' lang='lat' dir='ltr'><strong>triumphali</strong></span> <span class='ocrx_word' id='word_1_438' title='bbox 1120 2166 1171 2189; x_wconf 87' lang='lat' dir='ltr'><strong>etc.</strong></span> <span class='ocrx_word' id='word_1_439' title='bbox 1188 2177 1217 2181; x_wconf 98' lang='lat'><strong>—</strong></span> <span class='ocrx_word' id='word_1_440' title='bbox 1233 2170 1255 2188; x_wconf 88' lang='lat'><strong>7.</strong></span> <span class='ocrx_word' id='word_1_441' title='bbox 1267 2165 1359 2193; x_wconf 86' lang='lat' dir='ltr'><strong>Cujus-</strong></span> 
     </span>
     <span class='ocr_line' id='line_1_44' title="bbox 28 2199 327 2229; baseline 0.007 -9"><span class='ocrx_word' id='word_1_442' title='bbox 28 2200 81 2225; x_wconf 84' lang='lat' dir='ltr'><strong>que</strong></span> <span class='ocrx_word' id='word_1_443' title='bbox 96 2199 162 2222; x_wconf 85' lang='lat' dir='ltr'><strong>anni</strong></span> <span class='ocrx_word' id='word_1_444' title='bbox 176 2201 327 2229; x_wconf 80' lang='lat' dir='ltr'><strong>praetorem.</strong></span> 
     </span>
    </p>

    <p class='ocr_par' dir='ltr' id='par_1_8' title="bbox 27 2233 1360 2337">
     <span class='ocr_line' id='line_1_45' title="bbox 57 2233 1355 2265; baseline 0.001 -7"><span class='ocrx_word' id='word_1_445' title='bbox 57 2233 124 2258; x_wconf 80' lang='lat' dir='ltr'><strong>xvt.</strong></span> <span class='ocrx_word' id='word_1_446' title='bbox 149 2239 169 2257; x_wconf 84' lang='grc' dir='ltr'><strong>ι.</strong></span> <span class='ocrx_word' id='word_1_447' title='bbox 196 2235 287 2259; x_wconf 84' lang='lat' dir='ltr'><strong>Ferias</strong></span> <span class='ocrx_word' id='word_1_448' title='bbox 309 2241 367 2265; x_wconf 79' lang='lat' dir='ltr'><strong>quae</strong></span> <span class='ocrx_word' id='word_1_449' title='bbox 398 2236 425 2259; x_wconf 90' lang='lat' dir='ltr'><strong>in</strong></span> <span class='ocrx_word' id='word_1_450' title='bbox 450 2234 561 2265; x_wconf 84' lang='lat' dir='ltr'><strong>publico</strong></span> <span class='ocrx_word' id='word_1_451' title='bbox 584 2235 658 2260; x_wconf 87' lang='lat' dir='ltr'><strong>luctu</strong></span> <span class='ocrx_word' id='word_1_452' title='bbox 690 2236 878 2260; x_wconf 86' lang='lat' dir='ltr'><strong>edicebantur.</strong></span> <span class='ocrx_word' id='word_1_453' title='bbox 910 2236 1058 2261; x_wconf 75' lang='lat' dir='ltr'><strong>Gaudium</strong></span> <span class='ocrx_word' id='word_1_454' title='bbox 1070 2255 1076 2265; x_wconf 87' lang='lat'><strong>,</strong></span> <span class='ocrx_word' id='word_1_455' title='bbox 1105 2236 1140 2260; x_wconf 87' lang='lat' dir='ltr'><strong>ob</strong></span> <span class='ocrx_word' id='word_1_456' title='bbox 1167 2241 1355 2260; x_wconf 85' lang='lat' dir='ltr'><strong>successorem</strong></span> 
     </span>
     <span class='ocr_line' id='line_1_46' title="bbox 27 2267 1360 2295; baseline 0 -2"><span class='ocrx_word' id='word_1_457' title='bbox 27 2267 175 2293; x_wconf 82' lang='lat' dir='ltr'><strong>Tiberium.</strong></span> <span class='ocrx_word' id='word_1_458' title='bbox 191 2269 290 2294; x_wconf 59' lang='lat' dir='ltr'><strong>Btaesus</strong></span> <span class='ocrx_word' id='word_1_459' title='bbox 302 2272 362 2295; x_wconf 83' lang='lat' dir='ltr'><strong>erat</strong></span> <span class='ocrx_word' id='word_1_460' title='bbox 375 2271 525 2295; x_wconf 87' lang='lat' dir='ltr'><strong>avunculus</strong></span> <span class='ocrx_word' id='word_1_461' title='bbox 536 2271 636 2295; x_wconf 85' lang='lat' dir='ltr'><strong>Seiani.</strong></span> <span class='ocrx_word' id='word_1_462' title='bbox 647 2284 673 2288; x_wconf 94' lang='lat'><em>-</em></span> <span class='ocrx_word' id='word_1_463' title='bbox 685 2276 706 2295; x_wconf 78' lang='lat'><strong>2.</strong></span> <span class='ocrx_word' id='word_1_464' title='bbox 721 2272 865 2295; x_wconf 81' lang='lat' dir='ltr'><strong>Hominum</strong></span> <span class='ocrx_word' id='word_1_465' title='bbox 878 2271 1076 2295; x_wconf 82' lang='lat' dir='ltr'><strong>conductorum</strong></span> <span class='ocrx_word' id='word_1_466' title='bbox 1088 2271 1123 2295; x_wconf 84' lang='lat' dir='ltr'><strong>ad</strong></span> <span class='ocrx_word' id='word_1_467' title='bbox 1135 2271 1270 2295; x_wconf 79' lang='lat' dir='ltr'><strong>factiones</strong></span> <span class='ocrx_word' id='word_1_468' title='bbox 1284 2270 1360 2294; x_wconf 88' lang='lat' dir='ltr'><strong>thea-</strong></span> 
     </span>
     <span class='ocr_line' id='line_1_47' title="bbox 28 2303 1285 2337; baseline 0.001 -9"><span class='ocrx_word' id='word_1_469' title='bbox 28 2303 112 2328; x_wconf 78' lang='lat' dir='ltr'><strong>trales</strong></span> <span class='ocrx_word' id='word_1_470' title='bbox 126 2304 197 2333; x_wconf 85' lang='lat' dir='ltr'><strong>apud</strong></span> <span class='ocrx_word' id='word_1_471' title='bbox 211 2305 409 2330; x_wconf 87' lang='lat' dir='ltr'><strong>multitudinem</strong></span> <span class='ocrx_word' id='word_1_472' title='bbox 424 2306 567 2336; x_wconf 83' lang='lat' dir='ltr'><strong>juvandas.</strong></span> <span class='ocrx_word' id='word_1_473' title='bbox 585 2307 639 2331; x_wconf 89' lang='lat' dir='ltr'><strong>Nisi</strong></span> <span class='ocrx_word' id='word_1_474' title='bbox 654 2307 815 2336; x_wconf 85' lang='lat' dir='ltr'><strong>simpliciter</strong></span> <span class='ocrx_word' id='word_1_475' title='bbox 828 2307 1020 2337; x_wconf 87' lang='lat' dir='ltr'><strong>accipiendum</strong></span> <span class='ocrx_word' id='word_1_476' title='bbox 1034 2312 1085 2336; x_wconf 90' lang='lat' dir='ltr'><strong>pro</strong></span> <span class='ocrx_word' id='word_1_477' title='bbox 1099 2306 1285 2331; x_wconf 72' lang='lat' dir='ltr'><strong>histrionibus.</strong></span> 
     </span>
    </p>

    <p class='ocr_par' dir='ltr' id='par_1_9' title="bbox 29 2338 1360 2477">
     <span class='ocr_line' id='line_1_48' title="bbox 58 2338 1360 2371; baseline 0.001 -9"><span class='ocrx_word' id='word_1_478' title='bbox 58 2338 139 2362; x_wconf 83' lang='lat' dir='ltr'><strong>xv11.</strong></span> <span class='ocrx_word' id='word_1_479' title='bbox 157 2344 179 2362; x_wconf 77' lang='grc' dir='ltr'><strong>ι.</strong></span> <span class='ocrx_word' id='word_1_480' title='bbox 197 2339 320 2365; x_wconf 82' lang='lat' dir='ltr'><strong>Habebat</strong></span> <span class='ocrx_word' id='word_1_481' title='bbox 332 2342 432 2371; x_wconf 84' lang='lat' dir='ltr'><strong>quaevis</strong></span> <span class='ocrx_word' id='word_1_482' title='bbox 447 2341 516 2371; x_wconf 85' lang='lat' dir='ltr'><strong>legio</strong></span> <span class='ocrx_word' id='word_1_483' title='bbox 526 2346 556 2365; x_wconf 81' lang='lat' dir='ltr'><strong>eo</strong></span> <span class='ocrx_word' id='word_1_484' title='bbox 569 2342 752 2371; x_wconf 73' lang='lat' dir='ltr'><strong>centuriones,</strong></span> <span class='ocrx_word' id='word_1_485' title='bbox 766 2348 780 2366; x_wconf 79' lang='lat' dir='ltr'><strong>e</strong></span> <span class='ocrx_word' id='word_1_486' title='bbox 800 2342 930 2366; x_wconf 82' lang='lat' dir='ltr'><strong>tribunos.</strong></span> <span class='ocrx_word' id='word_1_487' title='bbox 944 2355 973 2358; x_wconf 96' lang='lat'><strong>—</strong></span> <span class='ocrx_word' id='word_1_488' title='bbox 986 2347 1007 2365; x_wconf 65' lang='grc' dir='ltr'><strong>ε.</strong></span> <span class='ocrx_word' id='word_1_489' title='bbox 1028 2341 1091 2366; x_wconf 85' lang='lat' dir='ltr'><strong>scil.</strong></span> <span class='ocrx_word' id='word_1_490' title='bbox 1105 2347 1171 2367; x_wconf 82' lang='lat' dir='ltr'><strong>esse.</strong></span> <span class='ocrx_word' id='word_1_491' title='bbox 1191 2347 1240 2370; x_wconf 85' lang='lat' dir='ltr'><strong>pro</strong></span> <span class='ocrx_word' id='word_1_492' title='bbox 1254 2339 1360 2364; x_wconf 78' lang='lat' dir='ltr'><strong>ausuri</strong></span> 
     </span>
     <span class='ocr_line' id='line_1_49' title="bbox 29 2375 1360 2407; baseline 0 -10"><span class='ocrx_word' id='word_1_493' title='bbox 29 2375 127 2398; x_wconf 78' lang='lat' dir='ltr'><strong>essent.</strong></span> <span class='ocrx_word' id='word_1_494' title='bbox 137 2375 220 2398; x_wconf 81' lang='lat' dir='ltr'><strong>Rarus</strong></span> <span class='ocrx_word' id='word_1_495' title='bbox 231 2375 378 2401; x_wconf 86' lang='lat' dir='ltr'><strong>infinitivus</strong></span> <span class='ocrx_word' id='word_1_496' title='bbox 387 2378 449 2407; x_wconf 88' lang='lat' dir='ltr'><strong>post</strong></span> <span class='ocrx_word' id='word_1_497' title='bbox 459 2377 604 2401; x_wconf 86' lang='lat' dir='ltr'><strong>relativum</strong></span> <span class='ocrx_word' id='word_1_498' title='bbox 614 2378 767 2407; x_wconf 81' lang='lat' dir='ltr'><strong>quando.—-</strong></span> <span class='ocrx_word' id='word_1_499' title='bbox 775 2378 948 2407; x_wconf 50' lang='lat' dir='ltr'><strong>&amp;Stipendia</strong></span> <span class='ocrx_word' id='word_1_500' title='bbox 959 2378 1022 2401; x_wconf 86' lang='lat' dir='ltr'><strong>sunt</strong></span> <span class='ocrx_word' id='word_1_501' title='bbox 1032 2378 1096 2401; x_wconf 89' lang='lat' dir='ltr'><strong>anni</strong></span> <span class='ocrx_word' id='word_1_502' title='bbox 1106 2377 1216 2401; x_wconf 82' lang='lat' dir='ltr'><strong>militiae.</strong></span> <span class='ocrx_word' id='word_1_503' title='bbox 1226 2375 1360 2400; x_wconf 74' lang='lat' dir='ltr'><strong>Extreinis</strong></span> 
     </span>
     <span class='ocr_line' id='line_1_50' title="bbox 29 2409 1358 2443; baseline 0.001 -12"><span class='ocrx_word' id='word_1_504' title='bbox 29 2409 198 2438; x_wconf 74' lang='lat' dir='ltr'><strong>temporibus</strong></span> <span class='ocrx_word' id='word_1_505' title='bbox 213 2411 325 2440; x_wconf 83' lang='lat' dir='ltr'><strong>Augusti</strong></span> <span class='ocrx_word' id='word_1_506' title='bbox 343 2412 434 2436; x_wconf 76' lang='lat' dir='ltr'><strong>viceni</strong></span> <span class='ocrx_word' id='word_1_507' title='bbox 449 2413 526 2436; x_wconf 86' lang='lat' dir='ltr'><strong>erant</strong></span> <span class='ocrx_word' id='word_1_508' title='bbox 540 2412 656 2441; x_wconf 84' lang='lat' dir='ltr'><strong>definiti‚·</strong></span> <span class='ocrx_word' id='word_1_509' title='bbox 680 2414 727 2437; x_wconf 82' lang='lat' dir='ltr'><strong>sed</strong></span> <span class='ocrx_word' id='word_1_510' title='bbox 748 2413 824 2438; x_wconf 82' lang='lat' dir='ltr'><strong>multi</strong></span> <span class='ocrx_word' id='word_1_511' title='bbox 839 2419 910 2443; x_wconf 83' lang='lat' dir='ltr'><strong>saepe</strong></span> <span class='ocrx_word' id='word_1_512' title='bbox 923 2413 1047 2437; x_wconf 84' lang='lat' dir='ltr'><strong>veterani</strong></span> <span class='ocrx_word' id='word_1_513' title='bbox 1060 2413 1130 2442; x_wconf 84' lang='lat' dir='ltr'><strong>apud</strong></span> <span class='ocrx_word' id='word_1_514' title='bbox 1143 2411 1239 2435; x_wconf 78' lang='lat' dir='ltr'><strong>vexilla</strong></span> <span class='ocrx_word' id='word_1_515' title='bbox 1257 2411 1358 2434; x_wconf 83' lang='lat' dir='ltr'><strong>retine-</strong></span> 
     </span>
     <span class='ocr_line' id='line_1_51' title="bbox 29 2442 1358 2477; baseline 0 -9"><span class='ocrx_word' id='word_1_516' title='bbox 29 2442 141 2472; x_wconf 72' lang='lat' dir='ltr'><strong>bantur,</strong></span> <span class='ocrx_word' id='word_1_517' title='bbox 158 2446 184 2469; x_wconf 84' lang='lat' dir='ltr'><strong>et</strong></span> <span class='ocrx_word' id='word_1_518' title='bbox 195 2451 336 2470; x_wconf 85' lang='lat' dir='ltr'><strong>numerum</strong></span> <span class='ocrx_word' id='word_1_519' title='bbox 351 2447 482 2471; x_wconf 84' lang='lat' dir='ltr'><strong>invidiose</strong></span> <span class='ocrx_word' id='word_1_520' title='bbox 495 2448 576 2477; x_wconf 82' lang='lat' dir='ltr'><strong>auget</strong></span> <span class='ocrx_word' id='word_1_521' title='bbox 593 2449 766 2473; x_wconf 83' lang='lat' dir='ltr'><strong>Percennius.</strong></span> <span class='ocrx_word' id='word_1_522' title='bbox 780 2462 808 2467; x_wconf 87' lang='lat'>—</span> <span class='ocrx_word' id='word_1_523' title='bbox 823 2454 844 2474; x_wconf 72' lang='grc'><strong>4.</strong></span> <span class='ocrx_word' id='word_1_524' title='bbox 856 2448 1090 2476; x_wconf 72' lang='lat' dir='ltr'><strong>Vexillariorum</strong></span> <span class='ocrx_word' id='word_1_525' title='bbox 1105 2447 1225 2471; x_wconf 88' lang='lat' dir='ltr'><strong>nomine.</strong></span> <span class='ocrx_word' id='word_1_526' title='bbox 1246 2447 1358 2469; x_wconf 75' lang='lat' dir='ltr'><strong>vetera—</strong></span> 
     </span>
    </p>
   </div>
   <div class='ocr_carea' id='block_1_4' title="bbox 1204 2487 1231 2516">
    <p class='ocr_par' dir='ltr' id='par_1_10' title="bbox 1204 2487 1231 2516">
     <span class='ocr_line' id='line_1_52' title="bbox 1204 2487 1231 2516; baseline -0.074 0"><span class='ocrx_word' id='word_1_527' title='bbox 1204 2487 1231 2516; x_wconf 88' lang='lat'><strong>1.</strong></span> 
     </span>
    </p>
   </div>
  </div>
 </body>
</html>
