1539 2668
617 193 667 221 DE
689 192 951 223 ORATORIBUS.
1385 197 1444 227 477

129 275 263 310 corpore
279 267 408 308 quidem
427 266 646 297 valetudinem
663 266 779 297 medici
798 266 955 306 probant,
977 275 1051 307 quae
1072 267 1172 299 animi
1194 268 1358 300 anxietate
1375 277 1449 300 con·

129 317 233 357 tingit.
261 324 374 355 parum
397 317 445 345 est
467 323 588 353 aegrnm
613 323 676 344 non
701 323 769 344 esse
789 326 795 344 2
816 315 930 345 fortem
954 316 986 345 et
1013 314 1122 345 laetum
1147 317 1179 345 et
1203 316 1339 346 alacrem
1361 315 1446 346 volo.

130 372 226 406 prope
240 363 329 394 abest
343 362 383 392 ab
397 360 587 392 infirmitate
599 385 608 400 ‚
624 361 656 391 in
675 371 739 401 quo
753 362 819 392 sola
838 362 960 392 sanitas
976 361 1139 392 laudatur.
1156 366 1219 393 Vos
1236 372 1330 400 vero,
1350 362 1447 393 diser-

128 411 244 442 tissimi
260 433 268 448 ,
284 413 319 440 ut
337 410 473 449 potestis
485 434 493 449 ‚
510 411 545 440 ut
563 410 688 447 facitis,
706 409 866 440 illustrate
885 409 1043 440 saeculnm
1064 412 1210 440 nostrum
1229 410 1449 450 pulcherrimo

128 467 242 497 genere
259 457 399 487 dicendi.
419 465 493 487 nam
507 460 539 487 et
553 459 582 487 te
596 479 603 494 ‚
619 456 753 487 Messala
769 481 777 495 ,
794 455 888 487 video
906 456 1074 487 laetissima
1091 465 1228 496 qumque
1243 457 1446 496 antiquorum

130 504 308 536 imitantem
322 528 330 542 ‚
345 505 376 534 et
389 512 461 542 vos,
478 504 618 534 Materne
633 512 669 533 ac
682 503 850 540 Secunde,
867 504 911 533 ita
925 503 1075 542 gravitati
1091 509 1244 534 sensuum
1263 504 1401 535 nitorem
1417 507 1448 535 et

130 551 253 581 cultum
274 550 449 582 verborum
467 551 629 589 miscetis,
655 559 691 580 ea
713 550 831 581 electio
856 550 1071 588 inventionis,
1094 550 1121 581 is
1142 550 1220 581 ordo
1239 560 1346 581 rerum
1360 574 1368 587 ‚
1392 560 1426 581 ea
1441 576 1448 589 ‚

130 598 256 637 quoties
272 606 369 628 causa
382 598 504 637 poscit,
521 598 670 636 ubertas,
689 607 723 629 ea
736 622 743 636 ‚
763 598 892 637 quoties
911 597 1126 636 permittitur,
1141 597 1299 635 brevitas,
1320 598 1345 628 is
1362 606 1448 628 com-

130 645 298 684 positionis
316 644 425 683 deeor,
443 654 479 675 ea
495 646 725 675 sententiarum
750 645 908 684 planitas⁹
933 646 1001 679 est,
1026 644 1070 674 sic
1092 645 1271 684 exprimitis
1291 645 1428 675 affectus
1441 670 1448 683 ‚

129 692 176 723 Sic
189 692 371 722 libertatem
386 693 575 732 temperatis
586 717 594 731 ‚
611 696 645 723 ut
658 717 666 731 ‚
685 693 812 723 etiamsi
831 695 940 722 nostra
953 692 1076 730 Judicia
1092 693 1272 731 malignitas
1286 696 1316 723 et
1330 692 1449 723 invidia

129 741 323 779 tardaverit,
338 750 450 771 verum
465 741 504 772 de
521 743 614 772 vobis
631 742 751 771 dicturi
770 741 834 772 sint
853 742 970 780 posteri
990 742 1098 772 nostri.
1112 754 1127 767 ιι

171 792 277 819 XXIV.
295 793 374 827 Quae
392 798 490 828 quum
506 793 586 828 Aper
601 788 734 819 dixisset
749 813 756 826 ,
774 801 789 814 «ι
809 788 1029 826 >guest-iusim
1043 813 1051 826 ‚
1071 789 1176 828 iuquit
1193 791 1367 827 Maternus,
1384 789 1449 819 vim

130 839 163 868 et
180 835 325 865 ardorem
341 836 416 875 Apri
435 836 558 866 nostri?
576 845 639 875 qno
658 838 822 873 torrente,
841 844 906 873 quo
923 835 1047 874 impetu
1065 835 1218 866 saeculum
1237 839 1382 866 nostrum
1400 837 1451 868 de·

132 882 250 919 fendit3
267 891 362 921 quam
379 885 508 922 copiose
522 892 558 913 ac
571 882 656 913 varie
671 882 800 913 vexavit
815 882 983 921 antiqnos;
999 886 1119 921 quanto
1133 892 1196 913 non
1209 883 1311 913 solum
1327 883 1451 921 ingenio

130 937 168 960 ac
191 929 329 968 spiritu,
348 929 403 960 sed
431 929 527 959 etiam
552 928 734 959 eruditione
759 929 790 959 et
814 931 882 958 arte
905 928 944 958 ab
962 928 1039 968 ipsis
1056 930 1226 960 mutuatus
1243 931 1289 959 est
1310 938 1363 969 per
1380 937 1452 969 quae

130 984 204 1006 mox
221 976 308 1015 ipsos
323 976 507 1007 incesseret.
523 980 628 1006 Tuum
644 978 750 1006 tamen
763 999 771 1013 ‚
791 975 926 1005 Messala
940 999 948 1014 ‚
966 975 1161 1014 promissum
1179 975 1368 1005 immutasse
1387 984 1452 1006 non

132 1022 238 1054 debet.
269 1032 371 1063 neque
395 1024 481 1054 enim
505 1023 707 1053 defensorem
735 1022 940 1062 antiquorum
966 1022 1147 1061 exigimus,
1173 1031 1233 1052 nec
1257 1031 1453 1061 quemqnam

133 1072 281 1100 nostrum
297 1093 305 1108 ‚
333 1079 530 1110 quamquam
545 1070 641 1100 modo
661 1070 781 1100 laudati
800 1078 932 1109 sumus,
950 1070 987 1101 iis
1008 1078 1090 1109 qnos
1110 1070 1292 1100 insectatus
1309 1072 1356 1100 est
1372 1074 1454 1108 Aper

133 1123 372 1156 comparamus.
392 1126 430 1148 ac
451 1126 490 1147 nc
511 1116 577 1156 ipse
594 1116 723 1156 quidem
747 1117 789 1146 ita
806 1117 926 1156 sentit,
945 1118 998 1147 sed
1019 1125 1108 1147 more
1130 1116 1232 1146 veteri
1256 1118 1287 1146 et
1308 1125 1326 1146 a
1341 1117 1455 1147 vesu-is

133 1163 329 1203 philosophis
352 1174 436 1204 saepe
461 1163 622 1193 celebrato
645 1163 783 1202 sumpsit
806 1163 866 1193 sibi
883 1163 1125 1194 contradicendi
1148 1164 1265 1202 partes.
1288 1162 1387 1201 Igitur
1402 1171 1456 1193 ex-

134 1217 245 1248 prome
269 1211 360 1242 nobis
385 1221 448 1241 non
472 1210 691 1241 laudationem
723 1210 931 1249 antiquorum
957 1210 1058 1249 (satis
1080 1210 1166 1241 enim
1195 1210 1264 1240 illos
1292 1209 1376 1239 fama
1397 1218 1455 1240 sua

135 1257 262 1296 laudat)
277 1283 285 1297 ‚
309 1259 363 1289 sed
382 1267 496 1289 causas
510 1282 517 1296 ,
534 1267 590 1287 cnr
609 1257 640 1287 in
658 1259 786 1288 tantum
807 1258 847 1288 ab
865 1258 1050 1297 eloquentia
1073 1266 1184 1287 eorum
1204 1256 1455 1295 recesserimuS,

135 1314 236 1345 quum
259 1307 435 1346 pra‘sertim
456 1307 584 1336 centum
608 1308 639 1335 et
660 1305 773 1344 viginti
796 1314 897 1336 annos
919 1305 959 1336 ab
980 1305 1115 1336 interitu
1135 1303 1296 1335 Ciceronis
1314 1303 1346 1333 in
1371 1303 1457 1335 liunc

135 1353 220 1383 diem
234 1353 317 1383 ellici
337 1353 416 1383 ratio
434 1355 620 1391 temporum
637 1353 641 1369 ¹
666 1352 844 1391 collegerit.
863 1365 877 1379 »

179 1403 270 1430 XXV.
290 1403 370 1430 Tum
398 1399 552 1437 Messala,
580 1412 594 1425 (ι
619 1402 740 1439 Sequar
757 1399 978 1439 pra’scriptam
1003 1408 1021 1429 a
1044 1399 1093 1437 te,
1116 1401 1258 1429 Materne
1273 1422 1280 1436 ‚
1308 1398 1453 1427 sormam.

138 1455 242 1486 neque
257 1446 342 1477 enim
365 1447 418 1477 diu
443 1445 734 1477 contradicendum
755 1448 805 1477 est
826 1452 908 1486 Apro
921 1470 929 1484 ‚
945 1446 1000 1486 qni
1021 1445 1161 1485 primum
1177 1469 1184 1484 ‚
1204 1448 1239 1475 nt
1255 1444 1381 1484 opinor,
1400 1453 1457 1475 no-

139 1495 233 1525 minis
248 1494 502 1524 controversiam
518 1493 632 1532 morit,
647 1496 813 1534 tamquam
832 1503 943 1533 pai-nm
966 1493 1094 1533 proprie
1116 1494 1252 1532 antiqui
1267 1494 1457 1522 voc-arentur

139 1550 219 1581 qnos
236 1541 313 1571 satis
333 1542 495 1571 constaret
519 1543 592 1570 ante
613 1545 743 1571 centum
762 1550 863 1571 annos
887 1541 993 1571 fnisse.
1016 1539 1093 1570 mini
1116 1541 1223 1569 antem
1241 1539 1280 1569 de
1302 1537 1458 1569 vocabulo

140 1597 246 1628 pugna
262 1597 326 1618 non
343 1590 392 1618 est
410 1598 416 1617 :
436 1587 504 1617 sive
518 1586 589 1617 illos
606 1588 759 1627 antiquos
776 1588 844 1618 sive.
860 1587 995 1625 majores
1013 1586 1081 1616 sive
1101 1595 1167 1625 quo
1187 1586 1248 1616 alio
1263 1585 1384 1615 mavult
1399 1594 1458 1615 no—

140 1635 226 1666 mine
243 1635 398 1675 appellet,
415 1634 593 1665 dummodo
609 1635 639 1665 in
657 1636 801 1666 confesso
816 1635 856 1666 sit
873 1634 1120 1665 eminentiorem
1136 1633 1263 1663 illorum
1278 1635 1459 1672 temporum

141 1682 356 1722 eloquentiam
373 1682 484 1712 fuisse.
501 1686 545 1712 Ne
560 1682 603 1712 illi
618 1682 748 1721 quidem
764 1683 847 1723 parti
862 1681 1100 1720 sermonisejus
1115 1681 1120 1697 ¹
1141 1688 1298 1719 repugno,
1312 1679 1369 1718 ipsi
1384 1678 1459 1718 quin

141 1730 242 1760 immo
259 1728 396 1758 fatemur
409 1728 435 1765 2,
450 1729 561 1768 plures
577 1729 695 1759 formas
712 1729 841 1761 dicendi
859 1729 956 1760 etiam
975 1729 1086 1760 iisdem
1106 1727 1252 1765 sacculis,
1274 1726 1391 1756 nedum
1412 1726 1461 1756 di-

142 1775 243 1806 versis
259 1775 431 1805 exstitisse.
450 1775 505 1805 sed
529 1776 694 1814 quomodo
711 1777 795 1806 inter
818 1777 941 1807 Atticos
957 1778 1102 1807 oratores
1120 1774 1234 1814 primae
1256 1772 1462 1803 Demostheni

142 1823 349 1860 tribuuntur,
374 1822 556 1861 proximum
576 1825 685 1853 antem
706 1822 813 1852 locum
833 1821 993 1852 ffischines
1007 1822 1039 1852 et
1056 1819 1233 1860 Hyperides
1251 1821 1284 1849 et
1304 1818 1411 1859 Lysias
1431 1821 1463 1850 et

144 1874 306 1910 Lycurgus
322 1869 482 1907 obtinent,
498 1870 644 1900 omnium
663 1872 768 1899 autem
787 1877 944 1899 consensu
963 1868 1031 1898 haec
1047 1869 1211 1898 oratorum
1229 1868 1307 1897 aetas
1324 1866 1464 1898 maxime

145 1917 299 1958 probatur
316 1926 323 1946 ;
344 1916 390 1947 sic
411 1916 496 1956 apud
519 1926 577 1947 nos
594 1916 704 1947 cicero
726 1915 856 1954 quidem
875 1916 1001 1945 ceteros
1017 1913 1195 1945 eorundem
1216 1916 1398 1952 temporum
1418 1912 1465 1942 di-

146 1967 248 1996 sertos
269 1964 444 1995 antecessit
457 1987 465 2002 ,
483 1964 600 1994 Calvus
613 1965 723 1993 autem
744 1965 776 1992 et
794 1962 922 1992 Asinius
938 1963 970 1992 et
987 1964 1093 1992 Caesar
1115 1964 1148 1991 et
1170 1960 1284 1991 Coelius
1301 1962 1333 1990 et
1349 1961 1466 1990 Brutus

144 2021 203 2043 sno
219 2011 288 2050 jure
305 2013 336 2041 et
352 2010 514 2050 prioribus
536 2011 567 2041 et
588 2009 801 2050 sequentibus
816 2009 1073 2047 anteponuntur.
1092 2015 1151 2038 nec
1168 2008 1264 2038 refert
1282 2006 1366 2046 quod
1385 2006 1467 2036 inter

146 2067 180 2089 se
197 2058 303 2097 speeie
325 2057 495 2096 (litterani,
514 2066 614 2096 quum
632 2065 746 2095 genere
770 2055 985 2086 consentiant.
1004 2054 1188 2085 adstrictior
1205 2054 1339 2091 Calvus,
1358 2061 1466 2083 nume·

148 2104 249 2134 rosior
265 2104 411 2142 Asinius,
427 2103 626 2143 splendidior
641 2107 758 2141 Caesar,
777 2102 915 2132 amarior
931 2101 1048 2133 Coelins
1059 2125 1068 2140 ‚
1083 2101 1212 2141 gravior
1225 2103 1360 2138 Brutus,
1376 2100 1470 2130 velie-

150 2151 290 2182 mentior
308 2154 341 2182 et
363 2151 487 2191 plenior
510 2152 542 2182 et
558 2150 717 2181 valentior
734 2149 846 2180 Cicero
866 2158 872 2178 :
891 2157 1003 2179 omnes
1021 2150 1130 2180 tamen
1149 2148 1283 2179 eandem
1300 2147 1468 2177 sanitatem

152 2273 275 2296 maxime
287 2273 453 2301 contraria,
467 2271 704 2296 obtendunt—a.
722 2271 785 2299 Quae
803 2270 840 2293 ita
861 2269 991 2297 efficitur,
1006 2269 1028 2292 si
1043 2268 1110 2292 nihil
1128 2269 1156 2292 in
1177 2269 1326 2299 composita
1348 2269 1470 2293 oratione

152 2307 231 2331 nimis
249 2309 346 2336 praeter
369 2309 459 2331 cetera
480 2308 611 2335 emineat,
626 2306 673 2329 scd
692 2306 727 2330 sit
744 2311 805 2329 cum
822 2305 924 2334 judicio
938 2305 1090 2333 temperata
1110 2304 1240 2328 luminum
1262 2304 1426 2328 continuitas
1444 2306 1470 2328 et

155 2348 245 2371 aequus
262 2344 350 2365 tenor.

184 2377 310 2401 XXlV.1.
326 2378 365 2401 ΑΙ)
383 2379 454 2407 Apro
468 2378 591 2400 instituta
606 2377 694 2406 capite
715 2381 749 2399 17.

185 2412 257 2436 XXV
286 2418 305 2436 ι.
320 2413 381 2443 Qua’
394 2415 434 2437 est
448 2418 498 2442 cap
521 2418 550 2436 ιε
566 2424 595 2445 ,-
607 2417 626 2435 2.
644 2413 686 2436 Sic
701 2412 807 2440 corrigo
826 2411 914 2435 locum
930 2411 1131 2436 vexatissimum
1160 2409 1236 2435 Conf.
1249 2415 1273 2434 c.
1287 2415 1315 2434 39
1337 2410 1473 2434 Manuscr.
