1539 2668
109 225 169 255 430
562 221 597 250 C.
622 221 808 249 CORNELII
830 221 964 250 TACITI

148 301 257 329 XVIII.
282 301 373 328 Hunc
388 295 560 328 Britanniae
582 296 703 326 statum
717 319 726 334 ‚
751 295 808 326 has
831 295 991 326 bellorum
1006 296 1095 327 vices
1113 295 1220 327 media
1234 296 1301 336 jam
1321 299 1433 332 aestate

106 346 324 384 transgressus
340 344 485 384 Agricola
501 342 642 381 invenit,
658 351 759 382 quum
774 344 806 374 et
819 342 954 380 milites,
972 342 1061 374 velut
1076 342 1195 374 omissa
1211 343 1430 384 expeditione,

105 391 147 422 ad
168 392 372 423 securitatem
398 395 429 421 et
447 391 555 421 hostes
570 389 611 420 ad
634 391 838 421 occasionem
863 391 1078 421 verterentur.
1104 390 1301 422 Ordovicum
1320 392 1434 423 civitas

106 437 191 469 haud
208 439 311 470 multo
329 440 401 469 ante
416 437 593 468 adventum
612 436 681 475 ejus
698 436 781 467 alam
799 437 832 467 in
856 436 974 467 finibus
993 439 1060 467 suis
1084 439 1233 476 agentem
1252 447 1351 478 prope
1371 441 1437 469 uni-

105 493 231 517 versam
245 486 421 517 obtriverat
435 495 442 522 ;
459 492 559 523 eoque
575 484 667 514 initio
681 487 787 514 erecta
802 484 967 523 provincia
978 508 986 523 ,
1003 485 1038 515 ut
1055 484 1172 523 quibus
1188 484 1309 516 bellum
1324 485 1436 516 volen-

108 532 194 563 tibus
212 535 297 572 erat,
313 532 449 572 probare
463 531 648 571 exemplum
659 555 667 570 ‚
683 533 740 562 aut
757 531 891 562 recentis
912 531 1006 570 legati
1022 531 1165 562 animum
1185 532 1335 572 opperiri.
1352 536 1437 563 Tum

109 580 255 617 Agricola
269 604 277 619 ‚
293 587 492 619 quamquam
506 580 690 609 transvecta
705 579 711 596 ¹
734 580 844 618 aestas,
859 579 960 619 sparsi
978 587 1035 618 per
1048 579 1249 618 provinciam
1265 579 1391 610 numeri
1413 579 1438 618 ²,

106 629 302 667 praesumpta
325 626 411 666 apud
433 625 570 656 militem
593 626 678 656 illius
695 626 770 657 anni
789 626 880 666 quies
892 649 900 665 ‚
918 625 1012 656 tarda
1027 626 1059 656 et
1075 626 1234 657 contraria
1248 626 1368 657 bellum
1390 625 1439 655 in-

104 674 284 713 choaturo,
311 676 343 704 et
368 672 529 713 plerisque
554 673 708 704 custodiri
730 674 879 712 suspecta
906 672 1015 712 potins
1032 672 1222 712 videbatur,
1241 673 1285 704 ire
1306 673 1439 704 obviae:

103 721 283 752 discrimini
296 721 429 759 statuit3
448 721 686 760 contractisque
703 720 869 760 legionum
882 719 1009 750 vexillis
1022 720 1033 736 ³
1051 722 1084 751 et
1098 720 1225 750 modica
1240 721 1434 751 auxiliorum

105 776 200 798 manu
217 792 227 806 ,
242 768 318 808 quia
333 767 365 797 in
381 776 510 807 aequum
524 767 653 806 degredi
670 767 846 798 Ordovices
862 775 927 797 non
944 765 1120 805 audebant,
1138 766 1207 806 ipse
1221 768 1296 797 ante
1308 775 1435 805 agmen,

104 823 168 853 qno
197 816 312 846 ceteris
339 824 396 855 par
420 815 547 845 animus
573 814 670 845 simili
697 814 840 845 nericulo
868 814 971 852 esset,
995 812 1118 844 erexit⁴
1149 813 1260 844 aciem.
1290 822 1440 853 caesaque

105 869 203 900 prope
223 862 375 893 universa
392 863 486 901 gente
503 885 511 900 ,
536 870 600 892 non
623 862 772 900 ignarus,
800 860 985 891 instandum
1012 860 1123 898 famae,
1145 869 1202 898 ac,
1221 862 1317 900 prout
1332 861 1436 900 prima

104 908 295 949 cessissent,
312 910 378 940 fore
395 910 544 939 universa
560 909 585 947 ⁵,
604 913 732 939 Monam
749 908 889 938 insulam
900 931 909 944 ,
927 907 1019 946 eujus
1036 907 1235 946 possessione
1249 909 1437 938 revocatum

105 955 287 987 Paullinum
296 956 471 987 rebellione
484 956 584 986 totius
592 955 763 986 Britanniae
779 953 1078 994 supramemoravi,
1095 954 1238 993 redigere
1252 953 1282 984 in
1299 955 1438 994 potesta-

106 1002 172 1032 tem
195 1003 304 1033 animo
322 1003 471 1034 intendit.
491 1001 545 1033 sed
558 1026 567 1041 ,
590 1005 626 1032 ut
644 1001 676 1032 in
703 1001 810 1032 dubiis
832 1001 992 1038 consiliis,
1013 1009 1113 1031 naves
1133 1001 1289 1031 deerant:
1306 1001 1387 1032 ratio
1403 1002 1437 1032 et

107 1050 289 1080 constartia
309 1050 401 1081 ducis
415 1049 607 1080 transvexit.
627 1048 782 1087 depositis
799 1047 949 1078 omnibns
965 1048 1100 1078 sarcinis
1115 1071 1123 1086 ‚
1140 1047 1328 1078 lectissimos
1344 1048 1437 1079 auxi-

107 1093 235 1126 liarium
250 1096 276 1135 ⁶,
300 1097 418 1137 quibus
442 1098 519 1127 nota
535 1095 619 1126 vada
641 1098 673 1126 et
691 1095 814 1134 patrius
831 1094 931 1125 nandi
958 1104 1057 1133 usus,
1077 1103 1141 1133 quo
1166 1094 1261 1124 simul
1287 1103 1384 1134 seque
1406 1099 1438 1127 et

107 1150 196 1172 arma
218 1145 250 1173 et
270 1152 371 1183 equos
388 1144 520 1182 regunt,
541 1142 587 1173 ita
608 1143 739 1181 repente
762 1141 918 1179 immisit,
944 1144 979 1171 ut
1001 1141 1219 1180 obstupefacti
1236 1141 1342 1172 hostes
1356 1165 1364 1180 ‚
1382 1143 1439 1181 qui

108 1188 258 1227 classem,
275 1190 328 1229 qni
345 1199 461 1227 naves,
479 1189 534 1229 qni
550 1188 660 1219 mare7
681 1187 913 1227 exspectabant
927 1211 934 1225 ,
958 1187 1036 1217 nibil
1056 1187 1192 1218 arduum
1210 1190 1267 1219 ant
1279 1188 1437 1219 invictum

107 1236 301 1266 crediderint
319 1237 366 1266 sic
389 1236 428 1267 ad
445 1236 568 1267 bellum
586 1235 806 1266 venientibus.
833 1234 877 1264 ita
896 1234 997 1274 petita
1019 1243 1097 1274 paee
1121 1244 1158 1265 ac
1177 1235 1286 1266 dedita
1306 1235 1413 1266 insula
1427 1258 1439 1274 ‚

107 1283 213 1313 clarus
236 1292 273 1313 ac
297 1292 433 1323 magnus
452 1283 563 1314 haberi
584 1282 731 1321 Agricola
753 1293 758 1309 z
780 1282 898 1321 quippe
923 1281 975 1311 cni
998 1281 1188 1321 ingredienti
1212 1281 1411 1321 provinciam
1427 1305 1436 1321 ,

106 1329 192 1370 quod
208 1331 336 1369 tenipus
350 1331 402 1360 alii
421 1339 476 1370 per
490 1330 739 1361 ostentationem
758 1331 814 1359 aut
831 1328 1012 1359 ol'liciornm
1025 1329 1035 1345 δ’
1055 1329 1216 1359 ambitum
1232 1329 1415 1368 transigunt
1427 1353 1437 1368 ‚

106 1376 197 1406 labor
213 1378 245 1407 et
262 1378 439 1415 pericnlum
463 1377 648 1416 placuisset.
669 1385 729 1406 nec
746 1376 894 1415 Agricola
907 1399 915 1414 ,
933 1376 1145 1415 prosperitate
1167 1385 1274 1406 rernm
1299 1376 1333 1406 in
1353 1376 1441 1407 vani-

108 1424 204 1454 tatem
224 1432 303 1453 usus
316 1448 323 1461 ,
340 1424 580 1463 expeditionem
599 1427 656 1454 aut
681 1423 851 1453 victoriam
869 1422 1005 1452 vocabat
1032 1423 1136 1453 victos
1154 1423 1351 1454 continuisse
1371 1432 1378 1453 :
1398 1430 1438 1454 ne

106 1470 260 1501 laureatis
275 1471 285 1487 ξ’
314 1471 444 1509 quidem
470 1473 560 1510 gesta
586 1471 775 1510 prosecutus
801 1472 861 1500 est.
890 1470 945 1500 sed
972 1470 1042 1509 ipsa
1066 1470 1322 1501 dissimulatione
1342 1470 1437 1501 famae

107 1516 225 1547 famam
242 1517 354 1555 anxit,
372 1517 609 1548 aestimantibus
620 1541 628 1556 ,
645 1519 767 1556 quanta
785 1516 887 1547 sutnri
905 1525 960 1555 spe
975 1518 1041 1547 tam
1058 1525 1173 1556 magna
1192 1518 1353 1549 tacuisset.

148 1567 227 1594 XIX.
257 1567 406 1595 Ceterum
432 1565 614 1595 animorum
643 1563 822 1603 provinciae
854 1563 995 1602 prudens
1011 1587 1020 1602 ,
1048 1563 1210 1603 simulque
1238 1564 1354 1596 doctus
1381 1573 1439 1604 per

106 1609 209 1641 aliena
223 1611 387 1651 exempla,
410 1620 523 1651 parum
542 1610 656 1651 profici
676 1611 773 1640 armis
788 1634 796 1649 ,
818 1610 842 1640 si
857 1610 984 1649 injuriae
1002 1613 1227 1649 sequerentur,
1242 1620 1355 1642 causas
1371 1611 1436 1643 hel-

105 1657 209 1688 lorum
222 1660 335 1688 statuit
349 1658 508 1689 excidere.
525 1668 543 1688 a
556 1666 589 1688 se
603 1657 736 1696 suisque
756 1665 848 1687 orsus
865 1656 1001 1696 primam
1015 1657 1147 1688 domum
1164 1667 1257 1689 suam
1275 1659 1436 1699 coercuit;

106 1704 191 1742 quod
206 1705 369 1743 plerisque
383 1705 468 1735 hand
486 1705 596 1736 minus
612 1704 750 1734 arduum
773 1705 839 1742 est,
858 1713 955 1743 quam
970 1705 1171 1744 provinciam
1187 1714 1306 1744 regere.
1328 1706 1407 1738 nihil
1425 1707 1433 1724 ¹

105 1760 161 1790 per
175 1750 306 1782 libertos
320 1760 494 1792 servosque
508 1752 647 1792 publicae
661 1752 706 1782 rei
724 1761 730 1781 :
747 1761 810 1782 non
827 1751 944 1782 studiis
958 1752 1092 1791 privatis
1106 1761 1165 1783 nec
1177 1761 1217 1783 ex
1233 1753 1437 1784 commcnda-

104 1797 190 1829 tione
209 1800 266 1828 aut
289 1799 439 1837 precihus
462 1799 692 1830 centurionum
716 1799 834 1829 milites
858 1798 996 1838 ascire2,
1017 1798 1073 1829 sed
1092 1799 1253 1838 optimum
1275 1809 1438 1840 quemque

104 1843 327 1875 fidelissimum
343 1848 460 1885 putare
478 1855 486 1876 ε
510 1846 618 1876 omnia
639 1846 741 1883 scire,
757 1854 821 1875 non
842 1845 953 1875 omnia
972 1846 1106 1885 exsequi
1119 1845 1130 1864 ³
1148 1856 1155 1876 :
1174 1847 1283 1886 parvis
1299 1848 1438 1886 peccatis

104 1892 252 1931 veniam,
270 1894 395 1931 magnis
412 1893 619 1924 severitatem
635 1892 842 1923 commodare
859 1902 866 1922 :
892 1901 951 1923 nec
973 1902 1068 1933 poena
1086 1901 1226 1933 semper,
1250 1893 1304 1924 sed
1321 1895 1437 1935 saepius

104 1939 295 1978 pseiiilentia
315 1941 486 1971 contentus
507 1949 576 1971 esse
592 1949 599 1968 :
616 1940 733 1970 ol‘liciis
755 1942 787 1970 et
806 1939 1143 1971 administrationibus
1160 1941 1266 1980 potius
1282 1950 1346 1972 non
1364 1950 1435 1981 pec-

104 1987 234 2016 caturos
253 1995 445 2026 praeponere
457 2011 465 2026 ‚
484 1995 582 2026 quain
599 1987 752 2018 damnare
765 2010 773 2025 ,
797 1995 900 2026 quum
925 1989 1123 2026 peccassent.
1150 1987 1303 2019 frumenti
1330 1990 1362 2019 et
1379 1989 1436 2020 tri·

105 2032 258 2063 buterum
293 2034 478 2064 auctionem
493 2033 503 2051 ⁴
526 2034 559 2065 in
582 2034 801 2074 aequalitatem
827 2043 999 2064 munerum
1014 2035 1024 2053 ⁵
1050 2035 1199 2074 mollire,
1234 2035 1436 2067 circumcisis

132 2105 228 2128 XVlll.
245 2111 262 2127 ι.
282 2105 436 2128 Transvelii
451 2106 484 2129 de
498 2107 621 2135 tempore
633 2106 734 2129 dictum
749 2106 831 2129 etiam
842 2106 916 2129 Hist.
935 2106 966 2134 ΙΙ,
982 2111 1017 2129 76.
1030 2119 1058 2124 -
1068 2112 1091 2129 2.
1108 2107 1165 2130 Vid.
1178 2107 1250 2130 Hist.
1265 2109 1284 2133 Ι,
1299 2113 1325 2134 e,
1338 2109 1394 2131 not.
1407 2114 1431 2132 7.

103 2153 131 2157 —
144 2145 168 2162 τ..
190 2140 385 2168 vexillaribus;
401 2141 435 2164 de
448 2141 545 2169 quibus
566 2142 600 2165 ad
624 2142 732 2166 Annal.
747 2143 772 2169 1,
789 2146 823 2164 ¹7.
835 2154 862 2158 —
874 2146 894 2164 a.
913 2141 1034 2165 Arduum
1052 2148 1144 2165 versus
1162 2143 1251 2169 duxit:
1265 2142 1345 2171 plene
1360 2143 1434 2167 Hist-

104 2176 143 2203 lv,
159 2179 196 2203 71,
212 2175 340 2203 enititum.
354 2176 443 2199 aciem
459 2176 488 2199 in
501 2177 599 2200 collem.
613 2178 801 2206 &meret—5.
818 2176 893 2199 Conf.
912 2176 984 2199 llist.
1001 2177 1033 2202 ll,
1048 2182 1076 2200 20
1088 2177 1220 2200 fine.-6.
1232 2178 1387 2206 Germanos,
1403 2178 1435 2202 ut

104 2210 225 2238 videtur,
240 2211 267 2232 ct
281 2210 410 2239 Batavos,
432 2211 465 2234 de
486 2211 583 2240 quibus
606 2212 682 2236 Hist.
698 2213 727 2240 v,
746 2217 787 2240 ¹4;
803 2212 844 2239 lv,
863 2216 905 2239 12;
931 2212 1042 2236 Animi.
1066 2212 1102 2239 ll,
1127 2218 1150 2235 a.
1173 2213 1298 2235 Ceterum
1314 2211 1435 2236 Britanni

104 2251 211 2275 quoquc
228 2245 371 2268 auxiliares
388 2247 481 2275 erant„
497 2252 522 2269 c.
540 2251 583 2275 29,
599 2252 637 2270 52.
652 2260 679 2263 —
691 2252 714 2270 7.
731 2246 868 2271 vocabulo
888 2251 970 2269 mare
989 2246 1180 2276 complectitur
1199 2252 1374 2276 quaecumque
1398 2247 1434 2272 ad

104 2286 177 2303 mare
194 2280 382 2308 trajiciendum
402 2282 514 2311 ejusque
534 2282 652 2311 pericula
667 2283 778 2306 vitanda
801 2283 893 2311 parari
905 2282 1004 2306 solent.
1016 2294 1044 2298 —-
1056 2288 1081 2306 ⁸.
1096 2283 1125 2306 In
1145 2282 1306 2312 salutando,
1328 2283 1433 2312 pompis

103 2315 263 2344 excipiendo
279 2317 305 2338 et
319 2316 377 2339 aliis
388 2317 474 2340 modis
488 2318 667 2342 devinciendo
679 2319 810 2348 praefecto
824 2323 904 2341 novo.
915 2330 943 2334 -
954 2323 976 2341 9.
997 2318 1041 2341 Sc.
1056 2317 1142 2342 literis
1153 2335 1159 2347 ‚
1180 2319 1302 2342 victoriae
1314 2317 1429 2342 nuntiis.

103 2350 180 2378 Conf.
195 2350 228 2374 ad
244 2351 317 2375 Hisc.
335 2352 380 2380 ΙΙΙ,
395 2357 432 2375 77.

132 2385 204 2409 XIX.
221 2391 239 2409 ι.
258 2386 300 2409 Sc.
315 2392 462 2415 agerc.—2.
474 2388 516 2411 Sc.
529 2388 563 2411 ad
576 2389 712 2417 agendum
727 2388 828 2418 aliquid
844 2389 958 2418 publicat
970 2389 1017 2412 rei.
1030 2388 1087 2412 Nisi
1101 2394 1133 2412 ex
1144 2394 1194 2413 usu
1211 2389 1301 2418 potius
1318 2389 1431 2418 capien-

103 2420 166 2444 dum
188 2421 292 2444 milites
307 2421 400 2445 ascire
417 2428 449 2445 ex
469 2423 587 2446 numeris
605 2424 631 2447 in
652 2424 795 2452 legionem.
807 2430 869 2448 —-:3.
883 2425 1023 2453 Persequi,
1039 2425 1149 2453 punire;
1167 2425 1196 2448 ut
1212 2426 1297 2448 Caesar
1309 2423 1431 2448 Suetonii

106 2457 137 2478 ¹c.
151 2455 188 2484 07)
203 2456 307 2480 delicta
319 2462 406 2486 neque
418 2457 585 2483 observabat
600 2459 705 2488 omnia,
718 2465 806 2489 neque
817 2465 871 2489 pro
883 2460 965 2484 modo
978 2459 1197 2488 exsequebatur.
1210 2473 1237 2476 -
1249 2464 1270 2483 4.
1288 2461 1426 2488 Augmen-

102 2491 172 2520 tum,
187 2491 258 2520 quod
272 2492 427 2516 instituerat
442 2494 633 2523 vespasianus,
650 2496 760 2519 Sueten.
780 2501 803 2518 c.
819 2501 853 2520 is.
864 2508 894 2513 —
905 2501 926 2519 5.
941 2496 986 2520 Sc.
1006 2495 1221 2524 praestantiorum
1236 2500 1251 2518 a
1264 2494 1384 2524 singuiis.
1395 2507 1422 2511 --
