1539 2668
502 173 539 203 A.
563 174 602 203 U.
627 173 662 203 C.
687 174 758 202 811.
781 174 818 202 A.
839 174 873 203 C.
900 175 944 206 58.
1327 173 1388 204 iffi

62 245 157 286 longa
172 254 302 287 segnes,
329 245 438 277 munia
454 249 675 277 Romanorum
697 245 704 262 ¹
733 245 896 285 aegerrime
922 243 1111 276 tolerabant.
1134 244 1211 274 satIs
1240 244 1387 276 constitit

61 293 164 325 fuisse
181 293 213 324 in
229 302 268 325 eo
281 294 425 325 exercitu
445 296 612 325 veteranos
623 318 632 332 ,
650 293 705 333 qui
720 301 782 323 non
801 293 990 331 stationem,
1008 300 1072 322 non
1089 291 1212 330 vigilias
1237 291 1386 331 inissent,

61 340 182 371 vallum
200 341 383 381 fossamque
399 341 489 381 quasi
508 349 591 371 nova
607 342 638 371 et
658 338 739 371 mira
755 340 912 379 viserent,
926 340 994 371 sine
1014 339 1111 379 galeis
1126 362 1133 376 ,
1164 339 1233 369 sine
1258 339 1389 378 loricis,

61 387 154 418 nitidi
169 390 202 419 et
216 388 393 428 quaestuosi
410 388 437 427 ²,
457 388 568 419 militia
582 396 638 428 per
652 387 769 427 oppida
785 388 921 427 expleta.
939 387 1034 426 igitur
1051 386 1191 417 dimissis
1208 386 1326 425 quihus
1339 394 1390 417 se·

61 438 175 467 nectus
197 438 252 467 aut
280 435 430 467 valetudo
457 436 590 467 adversa
614 437 699 474 erat,
718 435 979 475 supplementum
1006 433 1130 474 petivit.
1162 436 1194 464 et
1214 433 1314 464 habiti
1333 441 1392 472 per

62 482 218 514 Galatiam
249 491 286 514 ac
304 483 539 522 Cappadociam
561 482 723 521 delectus,
749 482 939 522 adjectaque
960 490 999 512 ex
1016 480 1184 512 Germania
1204 480 1284 519 legio
1311 488 1395 510 cum·

62 530 226 569 equitibus
244 530 350 561 alariis
367 532 399 562 et
415 531 560 570 peditatu
579 530 774 561 cohortium.
795 531 1004 569 retentusque
1018 529 1123 559 onmis
1145 528 1307 559 exercitus
1327 526 1390 558 sub

60 577 196 616 pellibus
211 577 399 617 ³,qua1nvis
425 578 528 609 hieme
555 586 661 616 saeva,
686 577 766 608 adeo
792 578 828 608 ut
852 577 994 608 obducta
1019 576 1141 615 glacie,
1165 575 1225 605 nisi
1248 574 1388 613 effossa,

61 623 179 655 humus
196 626 342 656 tentoriis
359 626 464 656 iocum
483 634 545 655 non
565 625 733 665 praeberet.
749 624 891 655 ambusti
908 623 918 641 ⁴
940 623 1117 654 multorum
1134 625 1221 653 artus
1239 622 1270 652 vi
1291 621 1390 660 frigo-

60 669 104 702 ris
121 672 153 703 et
179 673 313 712 quidam
339 673 422 704 inter
445 672 598 704 excubias
614 672 789 703 exanimati
810 674 896 703 sunt.
924 673 1161 710 annotatusque
1191 669 1303 707 miles,
1333 668 1390 708 qui

60 717 178 750 fascem
196 720 355 759 lignorum
373 720 537 759 gestabat,
554 720 599 750 ita
617 720 820 759 praeriguisse
838 728 955 750 manus
970 743 978 757 ,
1003 722 1040 749 ut
1066 717 1155 748 oneri
1183 716 1392 747 adhaerentes

60 765 183 797 truncis
196 767 336 798 brachiis
351 767 547 798 deciderent.
573 767 641 806 ipse
658 768 668 784 ⁵
693 767 783 798 cultu
803 766 877 805 levi,
892 766 996 805 capite
1016 764 1174 802 intectoS,
1193 765 1222 794 in
1242 762 1369 802 agmine
1381 785 1391 800 ,

60 813 94 845 in
120 814 283 845 laboribus
301 816 451 855 frequens
468 814 596 852 adesse;
625 815 751 845 laudem
780 814 942 852 strenuis,
971 813 1121 843 solatium
1152 811 1319 849 invalidis,
1339 818 1392 841 ex-

60 861 202 901 emplum
219 862 368 893 omnibus
384 862 564 893 ostendere.
586 862 718 900 Dehinc,
733 862 811 901 quia
826 861 979 891 duritiam
1000 859 1070 890 curli
1094 859 1282 898 militiaeque
1297 856 1391 888 multi

60 906 242 939 abnuebant
263 909 536 949 deserebantque,
557 908 734 939 remedium
752 908 925 939 severitate
942 907 1115 946 quaesitum
1133 907 1193 937 est.
1211 914 1270 936 nec
1281 905 1366 935 enim
1380 928 1389 943 ,

59 954 140 986 utin
158 956 228 986 aliis
245 956 452 994 exercitibus,
472 957 611 997 primuni
629 957 831 995 alterumque
847 955 1000 985 delictum
1016 954 1107 984 venia
1125 952 1393 994 prosequebatur,

58 1002 115 1034 sed
132 1003 188 1042 qui
200 1004 288 1042 signa
305 1004 496 1043 reliquerat,
514 1004 623 1035 statim
634 1004 739 1044 capite
758 1011 868 1043 poenas
886 1002 1007 1033 luebat.
1029 1001 1124 1040 idque
1141 1010 1200 1031 usn
1218 999 1346 1031 salubre
1359 1000 1392 1029 et

59 1050 277 1082 misericordia
292 1051 407 1082 melius
422 1051 572 1091 apparuit
585 1061 591 1081 :
608 1052 727 1091 quippe
745 1050 911 1091 pauciores
926 1049 980 1080 illa
993 1051 1099 1080 castra
1111 1047 1279 1079 deseruere
1293 1054 1392 1086 quam

58 1103 95 1127 ea
112 1096 143 1127 in
161 1098 279 1139 quibus
295 1098 533 1137 ignoscebatur.

100 1147 234 1176 XXXVI.
261 1145 393 1176 Interim
417 1146 576 1184 Corbulo,
606 1145 784 1185 legionibus
810 1145 893 1176 intra
923 1144 1030 1174 castra
1057 1142 1176 1173 habitis
1204 1142 1307 1173 donec
1332 1150 1391 1172 ver

59 1190 274 1229 adolesceret,
301 1191 528 1232 dispositisque
551 1201 608 1232 per
638 1192 771 1223 idoneos
795 1192 884 1223 locos
908 1190 1096 1221 cohortibus
1120 1189 1316 1227 auxiliariis,
1350 1196 1391 1219 ne

59 1245 199 1277 pugnam
219 1240 340 1279 priores
365 1239 492 1270 adirent
515 1239 672 1279 praedicit.
701 1247 811 1269 curam
838 1238 1065 1279 praesidiorum
1092 1238 1206 1267 Pactio-
1231 1235 1392 1276 orphito,

58 1284 212 1325 priniipili
228 1287 349 1317 honore
364 1287 552 1326 perfuncto,
579 1286 721 1317 mandat.
738 1286 765 1316 is
791 1294 987 1326 quamquain
1013 1284 1160 1315 incautos
1186 1283 1341 1314 barbaros
1358 1288 1392 1314 et

58 1330 141 1362 bene
157 1334 304 1371 gerendae
323 1334 366 1364 rei
383 1342 494 1364 casnm
512 1334 621 1364 offerri
640 1333 836 1372 scripserat,
853 1335 966 1364 tenere
983 1341 1017 1363 sc
1030 1333 1255 1362 weuninwnlis
1272 1333 1304 1361 et
1319 1340 1393 1362 111ορ

53 1376 146 1415 jures
160 1383 276 1420 copias
289 1382 440 1420 opperiri
451 1380 592 1419 jubetur.
609 1380 665 1411 sed
684 1382 778 1419 rupto
794 1380 928 1420 imperio
942 1404 950 1418 ‚
972 1381 1141 1418 postquam
1159 1387 1270 1417 paucae
1287 1388 1304 1408 c
1322 1387 1392 1417 pro-

57 1423 154 1457 ximis
175 1427 308 1458 castellis
322 1430 438 1458 turmae
455 1427 651 1458 advenerant
670 1435 877 1466 pugnamque
901 1426 1065 1466 imperitia
1091 1425 1286 1465 poscebant,
1314 1435 1392 1456 con-

57 1479 186 1510 gressus
210 1484 284 1505 cuin
303 1475 394 1505 hoste
412 1474 569 1505 funditur.
588 1476 620 1505 et
636 1474 754 1504 damno
768 1474 837 1513 ejus
856 1474 1022 1512 exterriti,
1043 1473 1096 1513 qui
1116 1472 1294 1502 subsidium
1312 1473 1395 1504 serre

57 1519 252 1560 debuerant,
270 1531 328 1552 sna
343 1522 481 1561 quisque
497 1522 528 1551 in
546 1524 648 1552 castra
672 1520 797 1560 trepida
815 1522 888 1560 suga
906 1521 1040 1552 rediere.
1060 1519 1145 1559 quod
1164 1520 1393 1558 ζ(ξι-0111111601·-

56 1566 134 1598 bulo
151 1569 294 1609 accepit,
326 1569 583 1609 increpitumque
607 1568 753 1599 Pactinni
784 1570 815 1599 et
844 1568 1013 1608 praefectos
1044 1567 1228 1606 militesque
1255 1566 1393 1597 {medere

37 1622 38 1625 ’
56 1622 171 1647 omnes
186 1619 288 1647 extra
307 1617 442 1647 vallum
456 1616 554 1656 jussit
574 1615 597 1646 ¹.
614 1615 714 1655 inque
731 1624 767 1646 ea
784 1615 981 1646 contumel-ia
998 1614 1135 1653 detenti,
1163 1623 1222 1645 nec
1238 1613 1299 1644 nisi
1320 1621 1391 1653 pre*-

55 1661 148 1693 cihus
172 1664 314 1694 universi
330 1664 491 1694 exercitus
508 1662 646 1694 exsoluti
660 1664 747 1694 sunt.

97 1712 245 1742 XXXVII.
274 1713 314 1742 At
338 1710 517 1749 Tiridates,
547 1719 644 1749 super
674 1709 820 1750 proprias
845 1709 1009 1741 clientelas
1032 1704 1104 1749 ορεῖ
1114 1707 1261 1747 Vologesi
1287 1707 1394 1739 fratris

56 1755 186 1795 adjutus
199 1781 207 1796 ,
222 1767 286 1789 non
313 1758 424 1788 furtim
440 1758 505 1797 jam
520 1781 527 1795 ,
552 1757 608 1788 sed
627 1757 732 1797 palam
754 1757 837 1787 bello
854 1757 1014 1788 infensare
1031 1756 1226 1794 Armeniam,
1246 1762 1393 1794 quosque

55 1802 137 1834 fidos
153 1804 247 1835 nobis
263 1804 407 1844 rebatur,
424 1804 613 1844 depopulari
627 1828 635 1842 ‚
664 1806 697 1835 et
716 1804 742 1835 si
759 1803 860 1843 copiae
876 1807 989 1835 contra
1012 1804 1221 1841 ducerentur,
1240 1801 1391 1841 eludere,

56 1848 119 1880 huc
136 1859 266 1890 quoque
280 1854 311 1882 et
323 1852 396 1882 illuc
414 1852 553 1882 volitans
566 1851 656 1891 plura
676 1851 760 1881 sama
773 1859 872 1890 quam
890 1859 996 1890 pugna
1011 1853 1181 1881 exterrere.
1205 1850 1304 1888 igitur
1317 1853 1392 1879 Cor-

56 1896 134 1927 bulo
147 1921 156 1936 ,
179 1898 322 1936 quaesito
341 1898 395 1929 diu
415 1898 540 1938 proelio,
558 1898 676 1928 frustra
699 1897 852 1928 habitus¹
874 1899 906 1928 et
922 1897 1068 1936 exemplo
1089 1896 1230 1926 hostium
1255 1896 1391 1925 circum-

54 1943 137 1975 ferre
155 1944 275 1976 bellum
291 1948 439 1984 coactus,
455 1945 603 1985 dispertit
617 1945 719 1982 vires,
736 1945 771 1975 ut
795 1944 890 1984 legati
913 1943 1122 1984 praefectique
1137 1943 1281 1973 diversos
1304 1942 1390 1973 locos

55 1991 175 2031 pariter
192 1992 394 2024 invaderent.
413 1993 510 2024 simul
529 2001 634 2031 regem
649 1991 659 2009 2
678 1991 874 2022 Antiochum
898 1993 1008 2022 monet
1033 1992 1214 2030 proximas
1228 1990 1290 2020 sibi
1298 1998 1389 2029 1)ναί-

57 2039 208 2070 fecturas
229 2042 357 2080 petere.
390 2048 464 2070 nam
494 2040 726 2070 Pharasmanes
741 2062 749 2076 ,
773 2038 943 2069 interfecto
965 2037 1029 2068 filio
1061 2037 1270 2068 Rhadamisto
1295 2035 1389 2076 quasi

53 2086 218 2124 proditore
234 2087 261 2126 ³,
278 2096 342 2127 quo
360 2086 454 2118 fidem
474 2087 508 2117 in
526 2095 585 2117 nos
600 2088 787 2125 testaretur,
804 2087 898 2116 vetus
920 2085 1075 2116 adversus
1093 2086 1259 2115 Armenios
1275 2083 1387 2115 odium

53 2134 233 2173 promptius
253 2134 433 2166 exercebat.
464 2137 610 2174 tuncque
634 2133 775 2174 primum
791 2132 888 2164 illecti
916 2131 1063 2171 Insecl1i‚
1090 2140 1166 2171 gens
1184 2135 1257 2162 ante
1280 2131 1356 2162 alias
1371 2130 1383 2148 4

54 2180 142 2211 socia
156 2181 326 2219 Romanis,
341 2182 413 2212 avia
427 2182 588 2213 Armeniae
611 2181 799 2212 incursavit.
832 2182 878 2211 lta
898 2179 1033 2211 consilia
1046 2179 1179 2210 Tiridati
1203 2179 1235 2209 in
1259 2181 1386 2209 contra·

53 2226 139 2257 rium
154 2228 342 2268 vertebant,
369 2228 582 2269 mittebatque
598 2231 743 2260 oratores
760 2228 816 2268 qui
835 2236 894 2259 suo
910 2227 1164 2266 Parthorumque
1184 2226 1314 2257 nomine
1326 2234 1383 2256 ex-

83 2292 189 2315 XXXV.
206 2297 226 2315 1.
244 2293 369 2316 Romanae
382 2293 499 2320 militiai,
514 2293 591 2317 valde
605 2299 716 2322 asperae.
730 2305 758 2310 -
777 2297 799 2316 2.
815 2292 1035 2321 Negotiationem
1050 2292 1216 2315 exercentes.
1232 2303 1254 2306 —
1272 2295 1294 2313 5.
1308 2291 1382 2313 Teu-

53 2326 130 2350 toriis
142 2326 271 2355 hibernis,
289 2334 347 2356 quae
360 2328 476 2358 pellibus
489 2330 615 2352 contecta
638 2330 728 2354 erant.
747 2340 775 2344 —
795 2333 816 2352 ‘l-
835 2328 887 2352 Ura·
901 2328 981 2352 etiam
996 2327 1029 2351 de
1041 2327 1148 2356 trigoris
1162 2326 1262 2350 ellectu
1273 2326 1382 2349 (licitur.

52 2372 81 2378 -
93 2368 114 2386 ὅ.
124 2362 248 2387 Corbulo.
266 2363 361 2391 Cultu,
373 2364 483 2387 vestitu.
496 2376 526 2381 —-
540 2369 563 2387 e.
575 2365 634 2388 Non
650 2366 732 2388 tecto.

83 2398 202 2422 XXXVI.
218 2403 238 2421 1.
254 2399 338 2421 Poenae
355 2398 477 2422 militaris
487 2405 573 2429 genus
583 2401 730 2430 antiquum.

83 2433 214 2457 xxxvu.
228 2438 248 2457 1.
260 2433 423 2464 frustratus,
437 2433 535 2458 elusus.
547 2447 577 2452 —
586 2440 606 2459 2.
618 2436 823 2464 Commagenae:
837 2440 894 2465 v„c.
907 2439 929 2458 ⁷.
940 2446 969 2452 -
979 2439 1001 2458 a.
1016 2434 1046 2457 V.
1057 2433 1115 2461 ΧΠ,
1128 2437 1162 2456 47.
1174 2437 1231 2457 —⁴.
1243 2432 1298 2455 Prae
1308 2428 1375 2453 aliis.
