1539 2668
115 175 155 206 ⁶0
507 177 638 206 TACl'rl
662 175 870 207 ANNALIUM
891 179 964 207 LIB.
988 179 1030 208 11.

163 253 293 281 LXXIV.
316 249 542 282 Consultatum
560 250 633 282 inde
651 251 735 282 inter
750 250 869 291 legatos
891 253 1011 292 quique
1026 251 1077 283 alii
1093 252 1279 283 senatorum
1293 251 1435 292 aderant,

120 299 284 338 quisnam
299 299 409 338 Syrtae
423 297 669 337 prceficcrctur.
685 299 716 328 et
730 299 842 330 ceteris
857 299 983 330 modice
999 299 1078 331 nisis
1091 324 1099 339 ,
1118 300 1201 330 inter
1214 299 1343 330 Vibium
1356 303 1436 330 Mar·

119 352 193 375 sum
207 346 238 375 et
251 348 307 376 Cn.
325 344 469 376 Sentium
486 344 540 375 diu
558 344 729 384 quaesitum
744 354 751 375 ε
772 344 847 376 dein
861 349 984 376 Marsus
997 346 1113 377 seniori
1129 347 1160 377 et
1174 346 1278 377 acrius
1291 345 1437 376 tendenti

119 391 228 422 Sentio
252 392 421 423 concessit.
453 391 540 431 isque
564 391 716 422 infamem
740 391 903 423 veneficiis
931 401 967 423 ea
982 392 1014 423 in
1040 392 1204 433 provincia
1223 393 1255 424 et
1277 392 1436 423 Plancinae

118 446 283 477 percaram
296 463 305 478 ‚
323 438 451 469 nomine
474 438 666 478 Martinam,
684 438 718 469 in
734 438 853 470 Urbem
870 439 976 478 misit,
993 439 1232 479 postulantibus
1252 439 1379 469 Vitellio
1399 447 1436 470 ae

117 485 256 516 Veranio
273 485 471 525 ceterisque,
490 485 544 525 qui
571 485 707 516 crimina
730 486 762 517 et
778 486 1015 517 accusationem
1042 489 1194 526 tanquam
1220 486 1374 517 adversus
1390 493 1436 517 re·

116 534 227 573 ceptos
241 533 307 572 jam
321 541 391 563 reos
410 532 416 549 ¹
441 532 654 563 instruebant.

158 583 274 611 LXXV.
299 581 340 610 At
356 578 541 618 Agrippina,
563 588 761 619 quamquam
777 579 902 611 defessa
917 579 1004 610 luctu
1025 581 1057 611 ct
1075 588 1207 620 corpore
1221 588 1318 619 aegro,
1335 578 1437 610 omni-

115 634 171 657 um
195 629 302 657 tamen
325 635 398 665 quae
421 626 577 657 ultionem
601 627 805 658 morarentur
824 627 1015 666 intolerans,
1034 627 1178 658 ascendit
1203 627 1337 658 classem
1362 634 1437 657 cum

115 673 279 704 cineribus
297 672 475 704 Germanici
494 675 526 704 et
542 673 670 713 liberis,
692 673 922 705 miserantibus
938 673 1063 704 cunctis
1076 696 1084 711 ,
1107 686 1122 699 «
1142 673 1229 713 quod
1249 673 1366 704 femina
1383 682 1439 704 no·

115 731 132 747 ι
149 719 273 751 bilitate
290 719 454 759 princeps,
473 719 689 760 pulcherrimo
713 720 810 751 modo
834 720 1043 751 matrimonio
1061 720 1144 751 inter
1160 722 1348 751 venerantes
1370 728 1436 759 gra-

115 779 131 794 α
149 766 317 806 tantesque
333 766 430 806 aspici
446 766 552 807 solita,
564 768 642 798 tunc
656 767 769 799 ferales
781 767 932 807 reliquias
949 767 1021 797 sinu
1034 767 1141 804 ferret,
1153 766 1273 797 incerta
1290 765 1437 805 ultionis,

114 825 130 839 α
148 813 244 844 anxia
261 812 309 844 sui
333 815 365 844 et
380 813 505 852 ⁸infelici
520 813 717 845 fecunditate
734 814 870 845 fortunae
895 814 994 845 toties
1009 813 1159 844 obnoxia.
1183 826 1199 840 υ
1225 813 1372 844 Pisonem
1391 812 1437 842 in-

113 860 209 892 terim
236 860 322 900 apud
340 864 440 891 Coum
455 860 593 891 insulam
610 861 743 891 nuntius
762 861 953 901 assequitur,
967 862 1150 892 excessisse
1181 861 1435 891 Germanicum.

112 915 178 946 quo
199 907 448 947 intemperanter
468 906 475 924 ¹
502 908 634 946 accepto
648 931 657 946 ,
685 907 780 938 caedit
808 907 975 946 victimas,
998 906 1065 937 adit
1082 906 1218 946 templa,
1248 914 1350 945 neque
1369 905 1440 945 ipse

111 953 268 993 gaudium
284 953 455 985 moderans
466 977 475 992 ‚
501 957 532 984 et
550 953 649 993 magis
666 953 878 986 insolescente
892 954 1042 986 Plancina
1053 977 1063 993 ,
1085 963 1157 993 quae
1171 953 1296 984 luctum
1310 952 1437 984 amissae

111 1000 231 1031 sororis
251 1003 319 1031 tum
336 1001 476 1040 primum
492 1001 566 1031 lacto
581 1000 670 1031 cultu
689 1000 841 1032 mutavit.

154 1051 284 1079 LXXVI.
308 1048 490 1079 At'ssuebant
506 1048 725 1087 centuriones,
742 1047 999 1088 monebantque,
1016 1048 1183 1088 prompta
1199 1047 1250 1078 illi
1267 1047 1438 1086 leqionum,

110 1094 250 1130 studim
267 1096 437 1135 icpetcrct
446 1096 664 1134 provinciam
679 1095 837 1134 nonJ‘urc
853 1095 1012 1126 ablatam
1027 1097 1059 1125 et
1074 1102 1230 1125 vacuam
1246 1093 1342 1132 igitur
1355 1092 1440 1134 quid

111 1141 285 1182 aycndzcm
307 1141 504 1172 consultanti
520 1141 525 1158 ¹
546 1146 585 1171 M.
604 1141 676 1172 Piso
692 1141 775 1171 filius
788 1141 1050 1181 propemmlum
1066 1149 1098 1171 m
1125 1140 1245 1171 Urbem
1260 1141 1436 1173 censebat:

110 1200 127 1212 «-
145 1187 225 1219 nihil
249 1188 353 1219 adhuc
382 1187 576 1227 inexpiabile
603 1188 804 1226 admissum,
829 1196 932 1226 neque
958 1187 1157 1226 suspiciones
1179 1180 1355 1217 imbecillas
1382 1189 1438 1219 aut

111 1246 127 1261 ι
147 1234 255 1266 inama
273 1235 368 1266 famae
384 1234 653 1274 pertimescenda.
671 1233 865 1264 discordiam
881 1242 954 1273 erga
968 1233 1193 1265 Germanicum
1211 1233 1284 1263 odio
1302 1233 1440 1265 fortasse

111 1294 129 1310 ιι
146 1282 298 1321 dignam,
328 1290 394 1312 non
424 1290 539 1321 poena;
571 1284 602 1313 et
628 1281 833 1320 ademptione
853 1280 1029 1320 provinciae
1055 1280 1255 1311 satisfactum
1283 1279 1434 1312 inimicis.

110 1340 128 1355 α
146 1328 261 1368 quodsi
280 1328 517 1368 regrederetur,
534 1328 714 1359 obsistente
728 1328 836 1359 Sentio
851 1327 945 1358 civile
957 1327 1077 1358 bellum
1095 1326 1210 1366 incipi;
1229 1334 1287 1357 nec
1306 1327 1438 1359 duratu-

110 1387 126 1402 α
145 1385 198 1407 ros
213 1376 246 1406 in
262 1375 407 1415 partibus
427 1375 636 1406 centuriones
653 1374 853 1414 militesque,
879 1374 964 1414 apud
989 1383 1070 1413 quos
1100 1382 1212 1404 recens
1235 1374 1437 1413 imperatoris

109 1434 127 1450 ι
145 1423 193 1453 sui
211 1422 368 1453 memoria
385 1423 417 1452 et
430 1422 561 1461 penitus
582 1421 702 1452 infixus
722 1421 756 1452 in
776 1425 919 1452 Caesares
937 1429 1026 1451 amor
1043 1420 1270 1460 praevaleret.»

151 1473 299 1501 LXXVII.
324 1470 444 1500 Contra
473 1468 636 1499 Domitius
659 1468 760 1507 Celer,
798 1477 837 1499 cx
864 1467 978 1498 intima
1002 1467 1070 1506 ejus
1086 1467 1246 1506 amicitia,
1264 1467 1435 1508 disseruit,

107 1516 279 1549 utendum
297 1517 420 1547 eventu
439 1527 449 1547 :
469 1528 484 1542 «
503 1516 668 1554 Pisonem,
695 1524 759 1545 non
783 1515 945 1554 Sentium,
978 1515 1076 1554 Syriae
1103 1515 1335 1555 praepositum;
1359 1515 1437 1547 huic

110 1578 128 1592 a
146 1564 249 1595 fasces
272 1564 304 1593 et
328 1561 382 1601 jus
405 1562 572 1603 praetoris,
601 1562 678 1593 huic
702 1562 843 1601 legiones
868 1561 970 1592 datas.
1001 1562 1027 1592 si
1052 1561 1130 1601 quid
1151 1561 1266 1593 hostile
1288 1562 1435 1601 ingruat,

112 1623 128 1638 ι
143 1609 371 1651 quemjustius
397 1618 486 1640 arina
501 1609 749 1649 oppositurum?
768 1609 774 1626 ¹
805 1609 861 1648 qui
884 1608 979 1648 legati
1002 1608 1228 1639 auctoritatem
1253 1610 1285 1639 et
1310 1608 1438 1649 propria

111 1671 130 1687 ι
145 1656 297 1689 mandata
310 1657 478 1695 acceperit.
505 1655 764 1696 Relinquendum
782 1655 878 1686 etiam
893 1655 1076 1686 rumoribus
1096 1657 1244 1695 tempus,
1267 1664 1332 1695 quo
1349 1664 1433 1688 sene-

111 1718 130 1734 «
147 1704 239 1735 scant
254 1713 260 1733 :
278 1703 466 1743 plerumque
480 1703 669 1734 innocentes
689 1701 808 1734 recenti
825 1701 953 1732 invidiae
971 1703 1119 1741 impares.
1136 1705 1168 1732 at
1184 1702 1211 1733 si
1228 1703 1335 1733 teneat
1345 1711 1435 1735 exer·

110 1764 129 1780 α
150 1751 268 1790 citum,
293 1751 406 1790 augeat
428 1750 532 1789 vires,
559 1750 679 1789 multa,
707 1757 779 1789 quae
808 1748 969 1789 provideri
991 1757 1054 1779 non
1080 1748 1226 1788 possint,
1247 1749 1379 1781 fortuito
1403 1751 1435 1782 in

112 1811 129 1827 ι
148 1797 265 1829 melius
293 1805 419 1828 casura.
442 1799 491 1828 An
512 1797 704 1828 festinamus
726 1804 800 1826 cum
815 1795 993 1826 Germanici
1020 1794 1180 1826 cineribus
1196 1794 1374 1835 appellere,
1401 1800 1438 1828 ut

112 1859 129 1875 a
147 1847 179 1877 te
202 1843 380 1875 inauditum
401 1846 433 1875 et
458 1843 661 1874 indefensum
691 1843 838 1883 planctus
862 1842 1043 1881 Agrippinae
1066 1850 1102 1872 ac
1118 1842 1234 1881 vulgus
1251 1842 1436 1882 imperitum

112 1906 129 1921 «
147 1892 251 1933 primo
281 1899 410 1922 r·umoie
437 1890 586 1930 rapiant²
603 1893 616 1921 Ρ
646 1891 700 1921 Est
728 1889 786 1920 tibi
812 1892 966 1928 Augustae
983 1888 1200 1927 conscientia,
1232 1891 1279 1919 est
1302 1890 1437 1921 caesaris

111 1953 128 1967 a
148 1940 252 1977 favor,
264 1937 327 1969 sed
347 1938 381 1968 in
399 1938 545 1976 occulto3
566 1939 599 1968 ct
623 1936 757 1977 periisse
773 1935 998 1967 Germanicum
1014 1935 1092 1966 nulli
1110 1935 1284 1974 ,iactantius
1302 1940 1437 1969 moerent

113 2001 129 2015 a
148 1994 245 2026 quam
266 1984 322 2024 qui
343 1984 483 2015 maxime
497 1984 658 2015 laetantur.
672 1996 687 2011 »

153 2035 315 2064 LXXVIII.
341 2031 432 2062 Haud
453 2040 568 2071 magua
583 2030 688 2062 mole¹
709 2029 798 2069 Piso,
816 2030 986 2070 promptus
1001 2028 1204 2068 ferocibus,
1196 2037 1229 2059 in
1244 2029 1436 2060 sententiam

112 2079 274 2117 trahitur,
296 2079 466 2118 missisque
483 2078 520 2109 ad
536 2077 699 2109 Tiberium
714 2076 859 2117 epistolis
875 2076 1001 2107 incusat
1020 2077 1262 2107 Germanicum
1280 2076 1388 2107 luxus
1403 2079 1435 2108 ec

109 2125 300 2167 superbiae;
321 2134 420 2165 seque
428 2126 591 2166 pulsum,
609 2127 649 2156 ut
664 2125 756 2156 locus
772 2123 872 2155 rebus
884 2124 979 2154 novis
990 2121 1186 2162 patefieret,
1200 2130 1323 2153 curam
1340 2131 1436 2154 exer-

111 2175 200 2205 citus
216 2171 335 2203 eadem
346 2171 431 2212 fide,
458 2181 527 2212 qua
549 2173 716 2210 tenuerit,
745 2171 951 2211 repetivisse.
977 2168 1074 2200 simul
1095 2169 1274 2200 Domitium
1303 2169 1435 2209 imposi-

112 2223 183 2252 tum
203 2218 322 2250 triremi
348 2220 462 2250 vitare
481 2219 638 2250 lictorum
651 2227 751 2249 oram
761 2219 962 2259 praeterque
974 2216 1110 2248 insulas
1125 2215 1137 2233 ²
1161 2216 1235 2248 lato
1254 2218 1346 2248 mart
1356 2223 1435 2256 per·

143 2300 258 2324 LXXIV.
275 2304 294 2322 ι.
307 2300 386 2328 Quasi
399 2299 564 2328 praetorjam
578 2300 728 2329 accepisset
742 2300 770 2323 et
786 2298 926 2323 detulisset
939 2298 1047 2322 nomina
1060 2302 1180 2321 reorum.

144 2335 246 2360 LXXV.
263 2340 281 2358 ¹v
302 2335 403 2358 Gaudio
418 2341 470 2358 non
485 2335 634 2359 moderato.

143 2371 256 2395 Lxxw.
272 2375 291 2395 i.
306 2371 415 2394 bativus
427 2371 528 2400 positus
542 2371 617 2399 qnasi
632 2373 788 2395 secuturum
800 2371 871 2394 essct
882 2369 1003 2394 dicebat.

142 2405 269 2429 LXXVII.
286 2410 306 2428 ι.
320 2406 415 2435 supple
441 2412 519 2435 quain
534 2407 664 2434 Pisonem,
677 2407 724 2436 quc·
740 2407 791 2430 etv.
808 2419 833 2423 —
848 2410 870 2429 2.
888 2405 1048 2434 corripiant,
1063 2404 1225 2435 opprimant.

146 2440 282 2465 LXXVIII.
299 2446 318 2465 ι.
332 2439 502 2466 Difficultate.
515 2454 540 2458 —
551 2446 571 2465 2.
587 2441 682 2466 insulis
698 2442 724 2465 in
737 2441 821 2466 latere
835 2441 945 2465 omissis.
