1539 2668
97 160 155 189 180
462 165 589 192 I'ACITI
613 164 823 193 ANNALIUM
847 164 918 192 LlB.
943 165 1010 194 XII.

96 238 233 269 navibus
258 236 455 268 obtinebant.
483 237 567 276 ripas
585 239 616 267 et
632 236 730 267 colles
746 245 783 267 ac
800 238 959 267 montium
976 237 1062 268 edita
1084 236 1116 267 in
1135 236 1266 267 modum
1290 237 1406 269 theatri

95 284 271 316 mullitudo
287 284 453 314 innumera
467 283 641 323 complevit
655 283 810 322 proximis
823 292 839 314 e
853 284 1049 323 municipiis,
1064 284 1096 314 et
1109 283 1162 314 alii
1178 283 1262 314 Urbe
1275 293 1313 315 ex
1328 285 1407 324 ipsa,

93 331 220 362 visendi
236 331 387 371 cupidine
400 334 454 361 aut
469 330 575 360 officio
592 329 623 360 in
640 329 827 369 Principem.
844 331 912 370 ipse
932 331 1047 369 insigni
1062 329 1290 370 paludamento
1306 340 1408 370 neque

93 379 204 418 procul
227 378 398 418 Agrippina
416 376 583 415 chlamyde
608 377 743 408 aurata⁶
771 377 958 417 praesedere.
985 381 1186 416 pugnatum,
1213 385 1409 417 quamquam

93 426 178 456 inter
194 428 301 456 sontes
317 424 324 441 ⁷
340 449 349 463 ,
369 424 501 454 sortium
519 423 662 454 virorum
678 424 806 464 animo;
830 433 867 455 ac
885 426 956 464 post
980 424 1119 454 multum
1141 423 1312 455 vulnerum
1328 425 1409 456 occi-

93 472 182 503 dioni
198 472 338 510 exempti
353 472 439 501 sunt.

134 522 227 550 LVII.
252 517 308 548 Sed
327 517 468 557 perfeeto
485 517 670 556 spectaculo
686 518 833 556 apertum
856 525 1013 557 aquarum
1031 516 1101 547 iter.
1117 517 1149 547 et
1165 516 1287 547 incuria
1304 517 1408 557 operis

93 565 262 596 manifesta
290 564 369 602 suit,
390 563 477 594 haud
493 563 571 594 satis
599 563 739 603 depressi
763 563 802 594 ad
830 563 918 594 lacus
943 563 1007 594 ima
1030 563 1079 594 vel
1103 563 1209 593 media
1226 564 1254 602 ¹;
1282 573 1408 604 eoque,

92 612 237 651 tempore
250 611 418 649 interjecto
433 634 441 649 ,
457 610 554 640 altius
568 610 674 641 effossi
693 619 819 650 specus,
848 613 880 641 et
896 609 1124 641 contrahendae
1144 619 1253 641 rursus
1265 611 1409 643 multitu-

93 657 159 688 dini
177 657 388 698 gladiatorum
402 657 620 696 spectaculum
641 656 765 696 editur,
783 657 891 688 inditis
916 656 1066 697 pontibus
1089 656 1267 696 pedestrem
1286 658 1324 688 ad
1348 667 1409 698 pu-

93 714 199 744 gnam.
227 705 304 744 quin
331 707 363 735 et
384 703 572 734 convivium
593 703 604 721 2
629 703 761 735 el'ssuvio
784 704 871 735 lacus
896 703 1077 745 appositum
1101 711 1216 741 magna
1242 704 1411 735 tormidine

93 754 224 782 cunctos
237 750 357 790 affecit,
374 750 449 790 quia
462 750 510 781 vis
520 760 676 791 aquarum
692 759 903 791 prorumpens
917 750 1063 790 proxima
1074 749 1231 788 trahebat,
1245 751 1411 782 convulsis

92 798 297 829 ulterioribus
310 823 318 838 ,
341 799 397 828 aut
415 798 539 837 fragore
554 800 586 829 et
601 797 708 828 sonitu
723 798 883 829 exterritis
896 797 921 826 ³.
940 797 1036 827 simul
1061 796 1236 835 Agrippina
1247 819 1256 834 ‚
1270 797 1411 837 trepida-

92 845 180 875 tione
201 844 356 885 Principis
381 853 454 883 usa,
480 843 662 874 ministrum
690 843 794 883 operis
819 844 1004 875 Narcissum
1031 843 1158 873 incusat
1180 843 1351 882 cupidinis
1369 852 1411 876 ac

90 891 307 932 prcedarum.
331 900 390 922 nec
412 891 466 921 ille
491 890 620 930 reticet,
643 892 881 930 impotentiam
903 890 1105 921 muliebrem
1124 891 1315 930 nimiasque
1334 898 1411 930 spes

92 938 164 978 ejus
178 947 322 977 arguens.

133 989 240 1016 LV111.
261 990 297 1016 D.
312 989 326 1016 J
331 985 417 1023 uuio,
433 988 471 1023 Q.
487 985 615 1016 Haterio
629 988 715 1015 Coss.
735 984 742 1001 ¹
760 983 898 1015 sedecim
912 992 1013 1015 annos
1027 986 1121 1014 natus
1133 987 1216 1014 Nero
1230 984 1409 1024 Octaviam,

92 1032 224 1064 caesaris
238 1032 347 1070 tiliam,
363 1032 395 1062 in
413 1033 655 1062 matrimonium
670 1031 804 1071 aceepit.
822 1034 920 1071 utque
933 1031 1048 1062 studiis
1063 1031 1205 1062 honestis
1218 1032 1250 1062 et
1262 1032 1411 1071 eloquen-

91 1079 144 1111 tiae
161 1079 261 1118 gloria
278 1079 463 1117 nitesceret,
479 1087 573 1109 eausa
595 1078 757 1109 Iliensium
778 1080 942 1117 suscepta,
961 1081 1153 1109 Romanum
1172 1078 1274 1116 Troja
1293 1077 1412 1109 demis-

91 1134 169 1157 sum
185 1128 218 1156 ct
235 1126 343 1157 Jutiae
357 1127 475 1164 stirpis
491 1127 668 1156 auctorem
684 1127 830 1156 AEneam.
845 1125 970 1164 aliaque
987 1124 1073 1155 haud
1091 1124 1201 1164 procul
1228 1124 1343 1155 sabulis
1362 1134 1412 1156 ve·

89 1174 158 1203 tera
186 1172 323 1203 facunde
345 1174 514 1202 exsecutus
529 1196 537 1210 ,
566 1173 728 1211 perpetrat
760 1172 800 1201 ut
822 1171 965 1201 Ilienses
994 1172 1086 1201 omni
1104 1171 1245 1210 publico
1269 1179 1412 1202 ‘munere

89 1219 316 1250 solverentur.
334 1218 448 1248 eodem
462 1220 588 1248 oratore
602 1217 790 1248 Bononiensi
805 1217 957 1255 coloniae,
976 1217 1040 1256 igni
1057 1217 1181 1248 haustae
1192 1242 1200 1256 ,
1218 1217 1412 1248 subventum

90 1265 211 1296 centies
224 1265 361 1295 sestertii
378 1264 389 1281 ²
410 1264 586 1303 largitione.
605 1264 748 1295 redditur
761 1263 892 1294 Rhodiis
908 1263 1038 1294 libertas
1052 1263 1062 1280 ³
1074 1288 1083 1302 ,
1097 1263 1247 1304 adempta
1260 1272 1344 1304 saepe
1357 1265 1413 1294 aut

89 1311 215 1342 firmata
226 1336 234 1351 ,
255 1314 348 1351 prout
362 1311 453 1341 bellis
467 1310 609 1342 externis
625 1313 827 1350 meruerant,
848 1313 904 1341 aut
917 1310 1003 1341 dorni
1030 1311 1185 1342 seditione
1200 1311 1411 1351 deliquerant.

89 1358 312 1397 tributumque
337 1357 570 1397 Apamensibus
606 1360 698 1389 terrae
725 1360 815 1388 motu
840 1358 1001 1388 convulsis
1027 1358 1060 1388 in
1085 1359 1341 1397 quinquennium
1369 1366 1412 1389 re-

88 1406 234 1437 missum.

131 1456 207 1483 LIX.
224 1453 264 1482 At
277 1451 429 1482 Claudius
444 1451 623 1482 saevissima
636 1460 773 1491 quaeque
785 1459 931 1490 promere
944 1450 1132 1489 adigebatur
1148 1450 1293 1490 ejusdem
1307 1451 1412 1491 Agrip·

88 1498 174 1538 pinae
201 1498 325 1529 artibus
338 1522 346 1537 ,
365 1506 438 1537 quae
459 1498 619 1528 Statilium
640 1502 800 1536 Taurum,
822 1497 937 1536 opibus
960 1497 1132 1536 illustrem,
1150 1497 1253 1529 hortis
1279 1498 1348 1537 ejus
1364 1499 1412 1529 in·

87 1545 201 1584 hians,
219 1544 371 1584 pervertit
389 1544 417 1583 ¹,
444 1546 616 1575 accusante
632 1544 800 1583 Tarquitio
817 1544 935 1575 Prisco.
960 1544 1083 1582 legatus
1106 1544 1133 1574 is
1155 1545 1250 1575 Tauri
1272 1545 1411 1575 Africam

89 1590 224 1630 imperio
242 1591 461 1630 proconsulari
481 1591 619 1630 regentis
632 1615 640 1630 ‚
662 1593 832 1630 postquam
856 1592 1065 1628 revenerant,
1086 1599 1187 1629 pauca
1207 1591 1411 1630 repetunda-

89 1646 169 1669 rum
183 1639 343 1674 crimina,
354 1640 494 1668 ceterum
511 1639 661 1677 Μαρία-(ιε
674 1639 932 1677 superstitiones
946 1636 1134 1675 objectabat.
1152 1645 1210 1667 nec
1224 1636 1275 1667 ille
1288 1637 1412 1668 diutius

89 1685 203 1717 salsum
227 1685 469 1723 accusatorem,
490 1684 638 1723 indignas
657 1684 767 1714 sordes
786 1684 792 1700 ¹
827 1692 996 1723 perpessus
1008 1707 1016 1721 ‚
1034 1683 1099 1714 vim
1123 1684 1199 1714 vitae
1221 1692 1288 1714 suae
1305 1684 1413 1715 attulit

90 1735 164 1762 ante
179 1729 369 1761 sententiam
386 1733 526 1761 senatus.
545 1731 729 1770 Tarquitius
744 1732 852 1761 tamen
869 1730 957 1761 curia
971 1733 1102 1761 exactus
1118 1733 1165 1761 est
1179 1740 1186 1760 t
1203 1730 1288 1770 quod
1304 1732 1412 1762 Patres

89 1778 164 1809 odio
180 1776 331 1807 delatoris
347 1779 461 1808 eontra
477 1777 636 1808 ambitum
653 1777 834 1816 Agrippinae
850 1777 1024 1817 pervicere.

133 1828 191 1855 Lx.
218 1823 336 1854 Eodem
354 1832 438 1854 anno
455 1824 575 1864 saepius
591 1823 702 1854 audita
718 1832 781 1853 vox
795 1823 951 1863 Principis
965 1847 973 1861 ,
988 1832 1113 1863 parem
1130 1826 1200 1855 vim
1216 1832 1335 1855 rerum
1353 1823 1413 1854 Iza-

90 1871 239 1904 bendam
255 1879 278 1901 a
290 1871 578 1910 procuratoribus
601 1872 672 1901 sm's
690 1871 696 1888 ¹
711 1870 960 1909 judicatarum
977 1880 1019 1902 ac
1032 1873 1060 1901 st
1082 1873 1153 1911 ipse
1169 1872 1358 1902 statuisset.
1375 1878 1413 1901 ac

89 1927 131 1949 ne
143 1917 273 1948 fortuito
290 1917 456 1957 prolapsus
469 1917 480 1934 ²
498 1918 673 1956 videretur,
689 1920 818 1948 senatus
832 1927 961 1958 qnoque
972 1918 1121 1949 consulto
1129 1919 1260 1949 cautum
1274 1918 1411 1958 plenius,

88 1973 187 2005 quam
205 1966 297 1994 antea
308 1988 317 2003 ,
329 1966 361 1994 et
372 1964 511 1995 uberius.
527 1973 600 1995 narn
612 1964 706 1995 divus
719 1966 879 2004 Augustus
890 1964 984 2005 apud
997 1966 1181 2005 equestres,
1197 1967 1255 2005 qut
1267 1966 1413 2004 AEyypto

82 2010 318 2052 praesiderent
333 2010 358 2049 ³,
373 2011 443 2050 leqe
459 2013 515 2051 aqi
528 2011 538 2029 ⁴
554 2011 761 2052 decretaque
782 2020 901 2042 eorum
914 2011 1060 2051 perinde
1076 2011 1196 2043 haberi
1214 2011 1353 2050 jusserat
1371 2019 1413 2042 ac

90 2106 118 2110 -
132 2098 154 2116 6.
168 2094 251 2122 Quam
265 2093 364 2116 Plinius
378 2093 444 2116 dicit
465 2094 703 2122 paludamentum
720 2099 795 2117 auro
809 2092 904 2117 textui
922 2092 982 2116 sine
1003 2092 1066 2116 alia
1079 2092 1213 2116 materia.
1227 2104 1254 2108 -—
1269 2096 1294 2114 7.
1310 2091 1410 2115 Omnes

87 2127 128 2151 illi
144 2133 214 2150 iaooo
225 2129 389 2156 pugnatores
402 2128 496 2156 capitis
511 2129 630 2151 damnati
642 2129 726 2151 erant.

122 2163 195 2186 mu.
214 2168 234 2185 ι.
249 2163 282 2186 vt
295 2169 372 2192 pares
383 2163 473 2186 essent
482 2163 660 2192 profunditati
674 2163 755 2191 lacus,
767 2163 852 2186 sinon
864 2163 926 2190 toti,
938 2163 1012 2185 certe
1024 2162 1125 2190 mediae,
1139 2168 1197 2191 quae
1209 2167 1257 2191 per
1267 2162 1409 2184 maximam

91 2199 197 2228 partem
213 2197 286 2220 lacus
300 2197 477 2220 obtineret.-
491 2203 513 2221 2.
529 2200 679 2227 Apparatus
690 2198 816 2221 convivii.
830 2211 857 2214 -
868 2204 890 2221 5.
904 2199 945 2221 Sc.
960 2197 1111 2220 hominibus
1124 2196 1159 2220 ibi
1174 2197 1275 2225 possitis.

122 2232 210 2256 LVlll.
228 2237 246 2254 ι.
260 2232 291 2255 Α.
303 2232 332 2255 U.
346 2237 396 2258 80⁴3,
413 2238 436 2260 p.
448 2232 510 2256 Chr.
522 2239 562 2256 55.
579 2246 606 2250 -
623 2238 646 2257 2.
665 2238 786 2261 ratizmoo
796 2233 839 2262 sr.
858 2245 887 2250 —
904 2238 927 2256 5.
947 2233 1078 2261 Adempta
1095 2232 1199 2261 abipso
1216 2232 1326 2255 Claudio
1340 2237 1362 2254 a.
1377 2231 1406 2254 U.

90 2272 144 2294 79⁷,
160 2268 221 2296 quia
238 2267 310 2289 cives
328 2267 462 2290 Romanos
475 2268 549 2290 cruci
563 2268 727 2291 suimet-ant.

126 2302 187 2324 ΗΧ.
206 2307 223 2324 ι.
240 2301 363 2325 Perdidit.
381 2314 410 2318 --
423 2306 447 2324 2.
464 2302 602 2331 indignam
623 2304 678 2331 ipso
693 2303 874 2326 conditionem
895 2303 947 2331 rei,
961 2308 1027 2331 quos
1041 2302 1205 2325 sordidatos
1219 2302 1307 2325 dictos
1323 2307 1336 2324 a
1354 2307 1409 2325 sor-

93 2335 156 2359 dida
169 2337 195 2359 et
209 2335 332 2363 neglecta
350 2337 424 2359 veste
437 2342 517 2365 supra
531 2337 652 2359 vidimus.

125 2370 176 2394 Lx.
195 2376 211 2394 i.
227 2371 452 2395 procuratoribus
465 2371 531 2400 fisci,
549 2377 604 2394 non
619 2372 841 2400 procuratoribus
859 2373 917 2395 rice
926 2372 1067 2401 prwsz‘ms,
1079 2373 1122 2401 qui
1141 2372 1238 2395 multas
1256 2372 1409 2400 provincias

94 2405 282 2435 praefectorum
299 2406 361 2430 loco
375 2407 511 2431 tenebant.
525 2419 550 2424 —
569 2412 592 2431 α.
605 2408 647 2431 Sc.
667 2408 694 2431 in
714 2408 793 2431 talem
813 2409 983 2431 sententiani.
1002 2419 1031 2423 —
1043 2413 1063 2430 5.
1077 2408 1104 2430 v.
1120 2408 1151 2436 Η,
1165 2412 1201 2434 aa,
1216 2407 1277 2430 fine.
1290 2420 1314 2424 —-
1328 2412 1349 2430 4.
1362 2407 1409 2431 sas
