1539 2668
519 101 718 133 A.'U..C.
742 102 812 132 769.
835 103 872 130 A.
899 102 934 131 C.
962 103 1011 132 1⁶.
1406 109 1446 138 35

94 178 214 203 >ficorum
222 176 347 202 ‘sentium
357 175 465 200 obviam
478 174 511 199 fit.
521 174 681 204 Agrippinae.
697 186 725 192 —-
737 180 773 199 no.
789 175 929 199 castellum
937 178 1072 206 occupat,
1091 177 1178 201 aciem
1187 178 1289 203 struit:
1308 179 1355 203 sed
1368 180 1447 210 pelli-

123 214 168 237 tur
182 218 196 236 a
207 211 307 236 Sentio.
320 225 347 228 —
358 217 395 234 ει.
410 210 515 233 tandem
531 211 619 233 tutum
634 210 658 233 ei
672 211 723 234 iter
738 212 846 235 Romam
864 211 1030 235 conceditur.
1045 223 1074 228 --
1087 217 1125 236 ez.
1142 213 1182 237 lbi
1194 219 1288 244 magna
1303 215 1337 238 ob
1353 220 1446 238 necem

123 247 279 274 Germanici
289 247 325 270 ira
344 247 371 270 et
390 245 487 269 tuctus,
502 258 530 262 —
549 251 586 268 ⁸3.
601 245 718 269 bonores
732 246 789 270 viro
804 246 916 270 decreti.
930 259 957 262 —
972 251 1010 270 8⁴.
1028 247 1100 271 Livia
1116 249 1202 272 Druso
1214 249 1350 278 gemellos
1369 250 1447 279 parit.

127 296 151 301 —-
165 288 206 307 ms.
220 283 290 307 scita
304 282 331 305 in
342 280 482 305 libidinem
495 280 646 304 mulierum.
661 281 734 310 pulsa
745 286 820 306 sacra
835 282 958 312 AEgyptla
973 283 1001 306 et
1011 282 1130 307 Judaiea.
1144 295 1171 300 -
1184 289 1219 307 ac.
1235 286 1312 313 capta
1326 285 1446 309 Vestalis.

131 330 150 334 —
162 323 199 342 ⁸⁷.
210 318 348 342 frumento
359 316 682 346 preciumvconemuuun.
702 321 790 341 novos
802 317 920 341 honores
936 318 1078 341 aversatur
1090 318 1222 342 Tiberius.
1236 328 1264 334 --
1277 325 1314 344 ua.
1334 320 1447 344 Arminii

123 354 178 377 caed
183 359 211 377 es
220 354 248 377 et
261 352 431 382 praeconium.

153 389 215 412 Haec
229 389 304 417 gesta
318 387 394 411 annis
408 387 544 416 quattuor,
569 387 642 411 Coss.
658 387 691 411 T.
715 386 821 412 Statilio
844 388 956 412 Sisenna
975 389 1064 413 Tauro
1080 389 1108 412 et
1127 388 1153 413 L.
1172 389 1313 415 Scribonio
1331 391 1448 429 Libone,

123 422 149 447 C.
163 423 241 447 Caello
254 422 323 447 Rufo
335 423 363 445 et
379 423 406 446 L.
421 421 570 451 Pomponio
583 421 695 452 Flacco,
715 422 755 446 Ti.
769 424 872 447 caesare
887 425 1008 453 Augusto
1023 424 1059 448 111
1072 425 1101 449 et
1117 425 1279 449 Germanico
1293 425 1396 450 camare
1411 428 1447 457 ll,

116 459 158 483 Μ.
170 459 252 483 sunio
264 458 397 483 Sitanoet
406 458 433 481 C.
447 457 574 482 Norbano
583 457 690 488 Flacco,
704 459 781 482 annis
794 465 818 488 p.
833 459 894 483 Chr.
910 464 936 483 u.
951 463 1027 483 16-19.

165 595 189 626 l.
210 593 344 625 Sisenna
366 592 494 624 Statilio
515 591 639 632 Tauro',
655 596 691 624 L.
709 592 828 623 Libone
849 596 936 624 Coss.
955 594 962 611 ¹
987 595 1075 625 mota
1102 594 1240 626 orientis
1262 604 1357 636 regna
1375 606 1448 637 pro-

124 641 304 681 vincia-que
325 642 493 679 Romanae,
521 639 617 671 initio
634 639 719 679 apud
745 640 877 671 Parthos
896 641 986 681 orto,
1004 641 1060 682 qui
1079 642 1216 682 petitum
1236 647 1338 674 Roma
1357 652 1449 675 acce-

123 690 280 728 ptumque
297 696 416 728 regem,
431 687 579 727 quamvis
592 686 694 727 gentis
708 687 946 727 Arsacidarum,
958 689 995 719 ut
1007 690 1174 720 externum
1187 691 1450 729 aspernabantur.

120 735 150 768 is
161 735 223 767 fuit
237 739 405 774 Vonones,
431 734 524 765 obses
552 735 693 774 Augusto
715 734 808 765 datus
821 743 839 765 a
859 736 1026 766 Phrahate.
1056 744 1128 766 nam
1145 737 1318 768 Plu-abates
1337 746 1449 777 quam-

122 791 222 823 ‹piwm
237 781 412 822 depulisset
440 781 599 813 exercitus
614 781 954 821 ducesque-Romanos
970 781 996 822 ²,
1012 786 1128 814 cuncta
1144 785 1366 816 venerantium
1383 786 1450 816 oili-

123 830 172 862 cia
185 829 223 860 ad
237 831 416 868 Augustum
432 830 570 860 verterat
584 828 610 868 ²,
622 831 810 869 partemque
825 829 923 868 prolis
939 829 948 846 ⁴
964 828 1128 860 firmandae
1141 831 1294 862 amicitiae
1308 832 1450 872 miserat,

124 876 209 907 haud
226 875 359 917 perinde
376 875 476 906 nostri
493 879 579 907 metu
593 900 601 916 ‚
619 885 713 916 quam
730 876 802 907 fidei
820 876 1022 916 popularium
1037 876 1174 908 dil'tisus.

165 927 205 955 Il.
230 926 305 954 Post
322 922 416 953 tinem
437 923 603 954 Phrahatis
621 925 653 954 et
669 923 876 963 sequentium
897 932 1007 963 regum
1028 924 1035 941 ¹
1057 923 1098 954 ob
1117 923 1258 955 internas
1274 924 1376 956 caedes
1396 934 1452 956 ve-

123 978 199 1002 nere
218 970 250 1001 in
271 970 388 1001 Urbem
408 969 419 987 ²
436 970 529 1009 legati
544 979 562 1001 a
578 970 774 1010 primoribus
788 970 925 1009 Parthis,
937 971 990 1010 qui
1012 972 1451 1010 Vononem,vetustissimum

122 1017 298 1048 liberorum
315 1017 402 1056 ejus,
416 1017 569 1048 accirent.
588 1017 792 1057 magnificum
812 1017 843 1048 id
861 1016 922 1047 sibi
936 1017 1072 1048 credidit
1087 1022 1204 1057 Cacsar,
1220 1019 1374 1059 auxitque
1387 1019 1454 1058 opi-

123 1063 241 1095 buset
253 1064 397 1104 accipere
419 1064 546 1094 barbari
563 1065 708 1096 laetantes
719 1088 727 1103 ,
743 1066 779 1095 ut
796 1065 896 1095 ferme
911 1064 921 1081 ³
937 1064 977 1095 ad
996 1073 1082 1095 nova
1099 1064 1242 1105 imperia.
1274 1069 1348 1096 Mox
1367 1065 1454 1097 subit

124 1111 240 1151 pudor,
258 1124 273 1138 ιι
289 1111 536 1150 degeneravisse
556 1113 708 1150 Parthos3
730 1111 867 1151 petitum
884 1111 947 1142 alio
967 1120 1006 1143 ex
1023 1112 1101 1143 orbe
1122 1121 1228 1152 regem
1249 1112 1391 1144 hostium
1407 1121 1454 1143 ar-

126 1169 141 1184 «
159 1158 247 1190 tibus
264 1158 418 1189 insertum
431 1171 439 1197 ;
454 1159 520 1198 jam
536 1158 618 1190 inter
638 1158 820 1199 provincias
842 1163 1002 1190 Romanas
1024 1160 1140 1191 solium
1159 1160 1383 1192 Arsacidarum
1398 1161 1453 1192 ha-

128 1217 144 1232 «
161 1204 230 1237 beri
247 1205 390 1245 darique.
422 1205 477 1235 uhi
493 1205 579 1235 illam
608 1205 741 1243 gloriam
767 1205 998 1236 trucidantium
1024 1210 1176 1238 Crassum
1189 1232 1196 1246 ,
1212 1208 1454 1240 exturbantium

126 1263 142 1278 a
159 1252 337 1283 Antonium
349 1277 356 1291 ‚
373 1252 401 1283 si
420 1252 615 1291 mancipium
639 1252 770 1282 Caesaris
794 1254 842 1283 tut
858 1261 914 1292 per
938 1262 1039 1284 annos
1061 1255 1250 1285 servitutem
1270 1264 1452 1294 perpessum

128 1311 142 1325 κ
160 1299 285 1330 Parthis
303 1299 483 1338 imperitet?
500 1312 512 1324 »ι
534 1299 733 1329 Accendehat
751 1298 959 1337 dedignantes
973 1302 1003 1330 et
1021 1300 1086 1340 ipse
1099 1325 1107 1340 ‚
1121 1301 1170 1331 dii
1180 1311 1270 1333 ersus
1287 1302 1295 1319 ⁴
1316 1312 1334 1333 a
1351 1302 1453 1342 majo-

124 1354 198 1377 rum
213 1345 389 1385 insfitutiS,
408 1354 480 1376 raro
499 1347 634 1384 venatu,
651 1346 738 1384 segni
752 1354 908 1385 equorum
926 1356 1022 1386 cui-:13
1041 1348 1166 1386 quoties
1184 1357 1240 1387 per
1256 1349 1351 1379 urbes
1367 1350 1451 1380 ince2

124 1392 234 1432 deret,
252 1392 372 1424 lectica}
397 1392 573 1431 gestamine
598 1392 749 1431 tasiuque
766 1392 775 1409 ⁵
797 1401 869 1431 erga
897 1393 1014 1432 patrias
1042 1394 1162 1433 epulas.
1190 1394 1405 1426 irridebantur
1420 1394 1450 1427 et

125 1440 227 1472 Graeci
240 1441 376 1472 comites
391 1448 429 1471 ac
445 1440 598 1470 vilissima
619 1439 806 1470 utensilium
825 1440 944 1470 annulo
965 1441 1071 1472 clausa
1087 1442 1111 1471 ⁶.
1127 1442 1182 1473 sed
1200 1442 1340 1482 prompti
1355 1442 1365 1460 ⁷
1382 1443 1436 1474 adi

126 1488 194 1527 tus,
210 1487 307 1519 obvia
319 1488 471 1526 comitas,
494 1487 611 1526 ignotae
630 1487 753 1518 Parthis
770 1487 924 1526 virtutes,
950 1496 1034 1519 nova
1054 1488 1134 1520 vitia
1145 1500 1154 1529 ;
1177 1491 1210 1522 et
1222 1491 1299 1531 quia
1311 1489 1455 1531 ipsorum

128 1534 272 1566 moribus
289 1534 414 1574 aliena,
434 1534 565 1575 perinde
582 1533 691 1565 odium
708 1535 815 1574 pravis
827 1536 859 1565 et
874 1534 1025 1565 honestis.

168 1585 222 1613 Ill.
248 1581 346 1622 igitur
362 1582 558 1621 Artabanus,
577 1580 804 1612 Arsacidarum
821 1590 838 1611 e
854 1582 1008 1618 summme
1028 1581 1052 1621 ¹,
1074 1582 1160 1622 apud
1176 1584 1281 1615 Dahas
1303 1583 1433 1615 adultus
1446 1608 1454 1623 ‚

126 1627 264 1668 excitur,
282 1629 451 1669 primoque
464 1637 635 1668 congressu
654 1628 744 1659 susus
755 1653 763 1668 ,
781 1632 905 1668 reparat
921 1637 933 1656 x
944 1629 1005 1659 ires
1017 1627 1028 1646 ²
1047 1638 1208 1670 regnoque
1225 1631 1355 1670 potitur.
1370 1631 1456 1662 victo

126 1675 252 1706 Vononi
269 1675 449 1716 perfugium
466 1675 614 1706 Armenia
641 1675 701 1706 tuit
714 1699 723 1715 ,
744 1684 846 1706 vacua
873 1678 949 1706 tunc
971 1676 1118 1716 interque
1145 1678 1335 1708 Parthorum
1352 1681 1384 1709 et
1398 1682 1456 1709 Ro-

129 1730 238 1753 manas
259 1730 336 1762 opes
358 1723 456 1753 infida
469 1722 512 1754 ob
529 1723 632 1754 scelus
651 1722 791 1760 Antonii,
801 1722 857 1763 qui
873 1722 1083 1763 Artavasden,
1100 1733 1205 1764 regem
1220 1724 1455 1764 Armeniorum,

127 1769 233 1807 specie
246 1769 396 1800 amicitie
412 1769 552 1801 illectum
565 1795 572 1809 ,
588 1770 663 1801 dein
681 1769 803 1801 catenis
824 1772 991 1802 oneratum
1005 1795 1014 1810 ‚
1029 1774 1191 1811 postremo
1213 1771 1424 1803 interfecerat.
1443 1773 1455 1790 ³

128 1813 196 1852 ejus
212 1816 298 1847 tilius
320 1817 482 1856 Artaxias,
500 1817 655 1848 memoria
673 1817 772 1857 patris
791 1817 882 1848 nohis
898 1817 1038 1849 intensus
1049 1842 1057 1857 ,
1077 1818 1298 1850 Arsacidarum
1314 1819 1344 1849 vi
1359 1828 1457 1859 seque

130 1869 327 1902 regnumque
354 1864 480 1894 tutatus
510 1867 569 1894 est.
590 1864 696 1894 occiso
710 1864 839 1895 Artaxia
867 1873 922 1904 per
937 1864 1048 1895 dolum
1063 1865 1337 1906 propinquorum,
1364 1867 1457 1899 datus

128 1916 148 1938 a
163 1911 287 1939 Caesare
303 1909 460 1940 Armeniis
477 1911 626 1949 Tigranes
641 1909 864 1951 deductusque
878 1911 910 1942 in
925 1920 1058 1951 regnum
1075 1921 1092 1943 a
1109 1913 1234 1944 Tiberio
1251 1917 1386 1945 Nerone.
1399 1922 1458 1945 nec

129 1954 258 1994 Tigrani
273 1955 464 1987 diuturnum
480 1956 653 1996 imperium
667 1956 742 1996 ruit,
760 1966 864 1997 neque
878 1958 987 1989 liberis
1002 1963 1090 1999 ejus,
1114 1968 1311 1999 quamquam
1327 1959 1457 1991 sociatis

160 2022 181 2045 1.
201 2027 220 2046 i.
235 2022 312 2045 Anno
326 2022 354 2046 U.
366 2027 418 2051 769,
433 2029 460 2052 p.
476 2023 537 2047 Chr.
559 2028 592 2047 ie.
615 2028 675 2047 -c.
688 2023 834 2047 Antonium
852 2024 1023 2048 triumvirum
1037 2026 1065 2048 et
1078 2025 1181 2054 legatos
1195 2025 1266 2054 ejuS‚
1280 2032 1305 2049 a.
1323 2026 1352 2050 U.
1364 2031 1415 2050 71⁸.
1429 2039 1458 2044 --

132 2061 155 2080 s.
169 2056 341 2081 eut-restituit
356 2058 430 2088 signa
450 2060 630 2082 Romanorum
645 2059 672 2082 in
686 2059 902 2089 expeditionibus
916 2059 1030 2084 funestis
1049 2061 1137 2084 Crassi
1151 2061 1179 2084 et
1195 2061 1302 2085 Antonii
1322 2064 1415 2091 capta,
1429 2064 1457 2087 et

132 2092 258 2123 quicquid
277 2093 408 2122 reliquum
424 2094 493 2122 apud
517 2094 628 2118 Parthos
651 2095 709 2118 erat
723 2096 905 2124 captivorum,
917 2101 941 2119 a.
959 2100 990 2120 u.
1006 2100 1059 2119 ⁷3⁴.
1078 2108 1107 2114 --
1118 2100 1141 2120 ⁴.
1158 2096 1291 2126 Quattuor
1306 2097 1376 2120 tilios
1396 2103 1457 2121 cum

133 2127 237 2151 duabus
250 2127 379 2151 uxoribus
390 2129 417 2152 et
428 2130 557 2158 quattuor
571 2129 713 2159 nepotibus

164 2163 194 2186 ll.
214 2168 234 2187 ι.
248 2163 422 2188 Phrnhatacis
436 2166 461 2188 et
473 2164 584 2194 Orodis,
608 2171 622 2188 a
642 2165 742 2188 Parthis
761 2165 920 2189 occisorum.
935 2178 965 2183 —
982 2170 1004 2190 2.
1027 2166 1066 2190 Ad
1087 2166 1249 2197 Augustum,
1267 2173 1291 2191 a.
1305 2167 1342 2191 U.
1359 2171 1402 2190 ⁷218
1415 2168 1457 2192 vel

132 2202 183 2221 ⁷39.
197 2211 223 2215 —
238 2203 260 2221 3.
275 2199 316 2223 Sc.
328 2199 366 2223 fit.
383 2212 414 2217 —
427 2204 448 2223 4.
466 2199 582 2223 Alienus.
596 2213 625 2217 -
638 2205 660 2224 s.
676 2200 822 2224 Fastidioso
835 2202 1014 2231 .contemptu.
1031 2202 1140 2226 Patriae
1158 2202 1264 2232 epuloe,
1283 2207 1338 2226 non
1351 2203 1457 2226 tantum

133 2232 187 2257 eibi
200 2233 369 2263 Parthorum,
389 2234 434 2257 sed
456 2235 537 2259 etiam
558 2241 614 2259 mos
634 2236 737 2264 patrius
763 2241 855 2265 regum
873 2236 980 2261 illorum
1002 2242 1064 2260 cum
1088 2238 1260 2268 magnatibus
1281 2237 1410 2261 coeuandi.
1429 2249 1457 2254 —

134 2272 157 2292 e.
176 2266 271 2291 clausa
295 2274 421 2298 expresso
436 2269 461 2292 in
476 2270 551 2293 cistis
566 2270 643 2300 signo
664 2270 756 2294 annuli
775 2271 931 2301 signatoru,
956 2277 1069 2297 romano
1089 2274 1118 2297 et
1140 2278 1228 2303 graeco
1249 2278 1340 2302 more,
1355 2273 1409 2302 qui,
1423 2277 1456 2295 ne

135 2303 207 2326 servi
224 2301 396 2332 furarentur,
411 2303 453 2327 vel
466 2310 563 2333 panem
576 2306 764 2335 obsignabant.
778 2319 806 2323 ——
818 2311 841 2331 ⁷.
858 2307 969 2331 Faciles,

164 2335 206 2360 Ill.
224 2342 242 2360 ι.
256 2337 378 2362 Materno
392 2339 486 2363 solum.
498 2353 525 2356 -
536 2345 558 2364 2.
574 2341 608 2364 ln·
616 2341 753 2364 montibus
767 2341 868 2366 Mediae.
885 2355 913 2359 —-
927 2348 948 2365 3.
963 2342 1121 2368 Crediderat
1140 2344 1270 2367 Antonius
1294 2340 1456 2366 Artavasden

136 2371 206 2396 malo
217 2373 329 2397 consilio
345 2374 445 2399 sedisse
456 2375 585 2406 otiosum,
599 2381 682 2406 quum
696 2376 795 2407 Oppius
807 2378 957 2408 Statianus,
974 2379 1083 2403 Antonii
1098 2379 1217 2409 legatus,
1231 2377 1342 2403 immani
1353 2375 1428 2401 clade
1440 2380 1457 2400 a
