1539 2668
140 118 180 147 66
533 113 667 144 TACITI
687 111 899 142 ANNALIUM
922 113 994 141 LIB.
1019 114 1072 141 111.

140 192 210 231 ejus
226 190 338 222 audito
351 214 360 230 ,
378 189 512 220 intimus
528 188 666 228 quisque
684 186 861 218 amicorum
877 188 909 217 et
924 187 1066 227 plerique
1084 186 1238 217 militares
1251 209 1259 223 ‚
1276 186 1311 217 ut
1325 185 1463 226 quisque

140 239 202 272 sub
215 237 404 270 Germanico
421 235 581 276 stipendia
597 235 739 266 fecerant
751 258 760 274 ‚
783 235 942 273 multique
962 234 1058 265 etiam
1082 233 1180 274 ignoti
1197 233 1309 264 vicinis
1326 243 1342 264 e
1358 233 1461 264 muni-

141 285 249 326 cipiis,
264 293 338 325 pars
354 283 498 315 officium
521 283 554 314 in
570 282 751 321 Principem
770 281 849 321 rati,
879 282 985 321 plures
1005 281 1075 312 illos
1091 281 1215 321 secuti,
1235 288 1327 312 ruere
1347 279 1386 310 ad
1402 288 1461 319 op-

138 333 252 374 pidum
273 331 501 369 Brundisium,
526 330 613 370 quod
629 329 793 369 naviganti
819 329 1020 360 celerrimum
1046 328 1300 368 fidissimumque
1327 326 1463 367 appulsu

139 381 219 413 erat.
238 379 335 418 atque
354 377 410 408 ubi
428 377 569 418 primum
588 386 628 408 ex
645 377 709 408 alto
723 377 792 407 visa
805 376 913 407 classis
925 401 933 416 ‚
950 376 1151 416 complentur
1163 384 1227 406 non
1241 374 1337 407 modo
1350 375 1462 415 portus

137 428 173 458 et
195 425 340 466 proxima
362 425 460 455 maris
475 424 501 463 ²,
519 424 574 456 sed
597 423 714 454 moenia
732 432 770 454 ac
789 424 893 463 tecta,
912 432 1037 463 quaque
1060 423 1242 462 longissime
1264 421 1462 463 prospectari

139 474 285 514 poterat,
302 472 506 503 moerentium
530 470 626 502 turba
648 473 681 502 et
696 471 904 510 rogitantium
928 471 1010 501 inter
1030 480 1063 502 se
1077 495 1085 510 ‚
1107 471 1287 502 silentione
1311 478 1359 501 an
1384 477 1463 500 voce

140 521 265 561 aliqua
281 519 510 560 eqredz'entem
528 520 734 557 exciperent.
750 527 852 558 neque
868 519 944 549 satis
958 518 1125 549 constabat
1137 518 1214 557 quid
1231 527 1288 558 pro
1301 516 1458 557 tempore³

140 567 225 598 foret
237 590 245 604 ‚
263 575 364 606 quum
379 565 488 596 classis
501 564 667 605 paullatim
685 566 843 597 successit
858 564 867 583 ⁶
888 574 952 596 non
968 565 1081 602 alacri,
1107 566 1144 596 ut
1158 565 1291 603 assolet,
1310 564 1462 604 remigi0‚

137 613 195 646 sed
214 613 341 644 cunctis
359 613 398 643 ad
416 612 583 644 tristitiam
601 613 800 653 compositis.
831 613 1002 652 postquam
1023 611 1150 642 duobus
1172 620 1246 642 cum
1263 611 1371 642 liberis
1383 635 1391 649 ‚
1415 611 1462 642 se-

138 661 237 692 ralem
254 669 367 691 urnam
385 661 508 699 tenens,
526 668 651 699 egressa
667 659 740 690 navi
757 659 868 690 defixit
883 659 993 690 oculos
1005 659 1030 699 ⁵,
1047 659 1132 689 idem
1147 659 1290 689 omnium
1304 660 1460 700 gemitus,

138 716 242 747 :neque
270 706 469 738 discerneres
488 708 653 747 proximos
664 731 673 746 ‚
705 706 843 747 alienos,
871 706 1014 737 virorum
1042 706 1274 736 feminarumve
1290 705 1440 745 planctus
1451 729 1462 746 ,

139 753 201 784 nisi
222 754 310 793 quod
325 753 515 785 comitatum
539 753 722 794 Agrippinae
749 753 845 793 longo
862 761 999 784 moerore
1021 753 1140 784 fessum
1167 752 1254 784 obvii
1271 754 1302 785 et
1318 754 1463 785 recentes

137 801 173 833 in
190 800 300 832 dolore
320 801 494 832 anteibant.

181 851 221 880 ΙΙ.
252 848 381 879 Miserat
408 848 488 879 duas
508 848 673 888 praetorias
700 847 852 879 cohortes
874 851 992 887 Caesar,
1021 846 1131 878 addito
1149 847 1156 864 ¹
1177 848 1218 879 ut
1235 847 1464 888 maqistratus

137 895 315 927 Calabria:
342 895 514 936 Apulique
538 896 572 926 et
591 897 761 935 Campani
783 903 947 935 suprema
974 903 1057 935 erqa
1083 896 1284 926 memoriam
1309 894 1382 934 filii
1407 895 1463 926 sui

136 949 284 973 mzmera
294 941 541 982 funsqerentur.
554 942 651 981 igitur
664 942 868 974 tribunorum
885 943 1172 982 centurionumque
1186 941 1327 973 humeris
1341 942 1465 973 cineres

138 988 375 1028 por·tabantur;
392 988 616 1029 praecedebant
634 989 798 1030 incompta
813 989 902 1028 signa
916 988 941 1027 2,
958 989 1043 1020 versi
1062 989 1184 1029 fasces3
1202 993 1297 1029 atque
1313 988 1368 1019 ubi
1381 989 1465 1020 colo-

137 1036 208 1066 nias
224 1035 538 1076 transgrederentur,
557 1037 659 1068 a-trata
680 1036 787 1076 plebes
800 1061 808 1076 ‚
836 1036 973 1068 trabeati
1000 1037 1128 1076 Equites
1143 1036 1154 1054 ³
1182 1045 1240 1076 pro
1258 1035 1374 1075 opibus
1401 1035 1464 1066 loci

135 1085 261 1114 vestem
273 1107 282 1122 ,
307 1082 442 1123 odores,
460 1083 586 1123 aliaque
602 1084 752 1114 funerum
767 1083 910 1114 solennia
927 1083 1124 1114 cremabant.
1151 1083 1248 1114 etiam
1265 1091 1403 1123 quorum
1417 1081 1464 1112 di-

133 1136 230 1161 versa
247 1129 258 1147 4
278 1130 415 1170 oppida,
440 1131 550 1161 tamen
579 1130 666 1161 obvii
692 1133 723 1160 et
751 1130 900 1160 victimas
926 1132 1022 1169 atque
1050 1139 1119 1160 aras
1144 1130 1204 1160 diis
1228 1129 1375 1160 Manibus
1401 1130 1464 1160 sta·

134 1177 280 1215 tuentes,
294 1176 436 1207 lacrimis
453 1178 485 1208 et
503 1176 812 1208 conclamationibus
826 1176 969 1207 dolorem
988 1176 1199 1207 testabantur.
1218 1180 1340 1207 Drusus
1352 1179 1462 1207 Tarra-

134 1224 240 1253 cinam
269 1232 454 1262 progressus
481 1226 531 1254 est
559 1233 632 1255 cum
662 1223 793 1254 Claudio
821 1223 918 1254 fratre
946 1222 1119 1263 liberisque
1144 1223 1340 1262 Germanici,
1359 1223 1415 1263 qui
1430 1223 1465 1254 in

137 1270 223 1301 Erbe
242 1269 379 1301 fuerant.
399 1270 548 1302 consules
561 1275 602 1302 M.
620 1270 764 1302 Valerius
780 1272 811 1301 et
828 1274 862 1302 C.
881 1270 1030 1301 Aurelius
1046 1270 1121 1309 (Jam
1139 1270 1225 1301 enim
1241 1269 1464 1310 magistratum

137 1316 375 1356 ‹it-ruperant&
391 1318 423 1347 et
440 1318 571 1348 senatus
584 1326 621 1348 ac
635 1326 749 1356 magna
766 1326 838 1357 pars
854 1317 964 1357 populi
982 1317 1067 1347 viam
1082 1317 1298 1356 complevere,
1315 1316 1438 1356 disJecti
1449 1316 1461 1333 ⁶

135 1366 164 1391 vi
190 1365 224 1394 ut
241 1363 359 1403 cuique
380 1362 509 1394 libitum
532 1363 654 1395 flentes.
672 1363 782 1394 aberat
798 1364 916 1403 quippe
933 1363 1092 1403 adulatio,
1111 1363 1219 1403 gnaris
1235 1363 1385 1395 omnibus
1403 1363 1462 1394 lae·

134 1413 204 1443 tani
221 1409 348 1440 Tiberio
364 1409 544 1441 Germanici
562 1411 698 1442 mortem
715 1411 797 1441 male
814 1409 1019 1441 dissimulari.

178 1460 232 1489 111.
258 1456 405 1488 Tiberius
422 1458 517 1497 atque
534 1458 676 1497 Augusta
695 1457 827 1498 publico
846 1457 1039 1496 abstinuere,
1058 1457 1066 1474 ¹
1085 1456 1218 1488 inferius
1232 1458 1397 1497 majestate
1406 1466 1465 1490 sua

134 1504 214 1542 rati,
233 1503 259 1534 si
280 1503 386 1544 palam
410 1503 674 1544 lamentarentur,
690 1513 728 1536 an
745 1513 784 1536 ne
807 1505 953 1536 omnium
979 1504 1081 1535 oculis
1100 1504 1225 1535 vultum
1242 1513 1353 1536 eorum
1373 1514 1464 1536 scru-

133 1550 280 1586 tantibus
296 1550 367 1582 falsi
384 1551 649 1591 intelligerentur.
666 1554 801 1583 matrem
816 1552 986 1583 Antoniam
1003 1561 1066 1582 nou
1084 1551 1170 1592 apud
1184 1553 1329 1583 auctores
1342 1561 1463 1592 rerum,

134 1606 202 1631 non
217 1597 335 1629 diurna
357 1602 503 1629 actorum
518 1599 677 1638 scriptura
692 1597 703 1616 ²
722 1598 846 1638 reperio
860 1599 925 1629 ullo
938 1598 1053 1638 insigni
1068 1598 1174 1630 officio
1190 1598 1347 1637 functam,
1363 1607 1463 1639 quum

130 1653 229 1685 super
249 1644 454 1685 Agrippinam
480 1645 512 1676 et
527 1649 667 1676 Drusum
694 1647 727 1676 et
751 1645 919 1676 Claudium
936 1645 947 1663 ³
969 1646 1063 1677 ceteri
1089 1654 1218 1686 quoque
1236 1645 1463 1686 consanguinei

132 1692 324 1724 nominatim
352 1692 521 1732 perscripti
551 1692 636 1731 siut,
672 1700 728 1724 seu
760 1692 947 1724 valetudine
979 1692 1245 1732 praepediebatur,
1270 1701 1327 1724 seu
1357 1693 1464 1724 victus

134 1739 225 1771 luctu
249 1738 376 1770 animus
405 1739 659 1779 magnitudinem
689 1739 764 1770 mali
788 1739 928 1779 perferre
956 1739 1027 1770 visu
1054 1748 1118 1770 non
1143 1738 1304 1770 toleravit.
1336 1739 1463 1770 facilius

130 1785 326 1816 crediderim
341 1786 467 1817 Tiberio
484 1788 516 1818 et
539 1787 700 1826 Augusta,
725 1786 781 1826 qui
809 1786 906 1818 domo
931 1796 996 1818 non
1022 1785 1244 1825 excedebant,
1264 1785 1461 1827 cohibitam,

127 1834 173 1863 -ut
196 1841 252 1872 par
268 1841 400 1873 moeror,
418 1834 451 1865 et
477 1833 592 1865 matris
617 1834 771 1873 exemplo&
780 1833 852 1865 avia
870 1842 998 1874 quoque
1019 1835 1052 1865 et
1073 1834 1207 1874 patruus
1223 1832 1232 1850 ⁴
1264 1832 1393 1865 attineri
1411 1833 1464 1865 vi·

134 1878 301 1910 det-entur.

134 1949 267 1974 Brundisii
283 1949 444 1979 (Brindisi),
461 1949 590 1974 calabriae
607 1950 690 1978 urbe,
716 1949 853 1979 appellere
866 1949 990 1974 solebant
1005 1955 1038 1973 ex
1062 1949 1164 1974 Graecia
1176 1949 1329 1973 venientes.
1342 1961 1372 1966 —
1384 1953 1406 1972 ει.
1425 1949 1455 1974 Si

131 1986 186 2014 iam
203 1984 345 2008 Sallustius
363 1986 426 2014 Jug.
444 1990 481 2013 ⁴8,
494 1986 629 2015 fluminis
645 1986 810 2015 propinqua
828 1985 954 2009 loca—3.
971 1985 1097 2014 Tempori
1110 1986 1267 2014 aptum-4.
1280 1985 1323 2008 Sc.
1343 1985 1461 2013 portum.

132 2032 162 2036 —
175 2026 199 2043 15.
215 2019 313 2043 Defixis
332 2020 369 2048 (in
386 2021 496 2050 terram)
512 2021 597 2045 oculis
610 2022 696 2045 stetit.

163 2055 197 2078 11.
220 2059 241 2077 ι.
259 2054 300 2078 Sc.
317 2055 435 2078 Jussu.-
446 2060 469 2079 2.
482 2057 523 2079 Sc.
538 2056 642 2080 illarum
658 2056 858 2079 cohortium.-
868 2061 891 2079 3.
910 2054 1018 2079 Trabea
1037 2054 1129 2083 (vestis
1142 2053 1265 2077 trabibus
1279 2059 1403 2082 purpurat
1418 2054 1459 2077 in-

132 2089 219 2117 texta)
229 2090 287 2112 erat
298 2089 403 2118 insigne
416 2090 555 2120 Equitum,
569 2097 648 2120 quam
663 2092 719 2114 tum
732 2091 889 2119 sumebant,
904 2091 933 2113 ut
943 2090 1031 2113 funeri
1045 2089 1175 2118 splendor
1187 2094 1234 2118 per
1246 2089 1369 2112 ordinem
1383 2095 1460 2113 suum

131 2124 280 2148 accederet
293 2130 301 2153 3
318 2130 372 2147 non
387 2126 428 2148 est
445 2126 515 2148 enim
530 2126 632 2150 doloris
646 2126 789 2155 indicium,
805 2125 877 2155 quod
887 2125 914 2149 in
928 2124 1103 2154 sequentibus
1115 2125 1192 2147 inest.
1207 2125 1294 2152 Rogos
1307 2124 1462 2149 struxerant

134 2165 168 2184 ac
180 2159 202 2182 si
215 2159 389 2182 Germanicus
403 2159 440 2182 ibi
462 2161 622 2184 cremandus
639 2162 726 2188 esset,
743 2163 770 2185 et
785 2162 875 2185 vestes
890 2160 940 2183 sihi
955 2159 1092 2182 detractas
1106 2159 1266 2188 injiciebant
1283 2159 1310 2181 et
1325 2158 1390 2182 alias
1403 2164 1462 2187 pre-

133 2195 218 2218 tiosas
230 2199 297 2223 quas
310 2193 474 2222 attulerant,
489 2196 564 2224 quasi
581 2201 635 2220 non
648 2195 763 2225 amplius
777 2196 866 2220 laetum
882 2195 965 2218 visuri
978 2193 1086 2217 diem.—
1095 2199 1118 2218 4.
1136 2194 1176 2218 ΑΙ)
1189 2193 1235 2217 1110
1248 2194 1344 2217 itinere
1357 2193 1462 2219 dissita.

132 2230 247 2255 remota.
261 2242 290 2245 —
303 2234 324 2252 s.
341 2229 411 2252 Anni
426 2229 455 2254 U.
474 2235 525 2259 775,
543 2236 570 2259 p.
592 2231 652 2255 Chr.
664 2236 736 2255 20.—-
747 2237 769 2255 s.
791 2231 852 2255 Non
867 2230 960 2254 ordine
973 2229 1140 2253 incedentes.

164 2264 209 2287 111.
225 2269 244 2287 ι.
266 2263 365 2293 supple
380 2271 385 2287 t
400 2264 510 2288 dubium
528 2267 569 2289 est
580 2267 670 2289 utrum
686 2267 793 2295 inf-2.
812 2267 942 2290 Actorum
955 2265 1089 2294 scriptura
1103 2270 1152 2294 per
1165 2264 1221 2287 dies
1237 2263 1319 2287 tacta.
1330 2262 1461 2292 Loquitur

133 2297 168 2322 de
181 2299 253 2322 actis
265 2299 382 2323 diurnis
392 2301 495 2329 populi
509 2300 647 2328 Romani,
668 2301 776 2330 publica
788 2301 952 2325 auctoritate
964 2300 1079 2329 scriptiS,
1091 2299 1123 2323 de
1137 2299 1233 2328 quibus
1244 2298 1369 2327 exposuit
1381 2298 1458 2323 Vict.

133 2332 170 2392 ἐρ
186 2333 278 2362 clerc,
295 2335 342 2358 cles
349 2335 504 2362 journaux
516 2335 583 2360 chez
599 2336 638 2361 les
652 2336 787 2361 Romains
799 2357 805 2367 ,
819 2345 843 2369 p.
859 2344 901 2363 21⁷
916 2345 992 2369 seqq.
1007 2350 1036 2355 -
1049 2343 1071 2362 5.
1085 2335 1205 2360 Fratrem
1222 2333 1383 2358 Germanici.
1395 2344 1424 2350 -
1434 2335 1459 2356 ⁴.

157 2368 209 2392 ivia
226 2370 253 2393 et
265 2369 396 2394 Tiberius.
