1539 2668
602 181 654 209 DE
676 180 939 209 ORATORIBUS.
1363 182 1422 211 479

86 257 214 289 autem
230 253 481 295 exspectabam,
507 255 545 285 ut
568 253 715 285 incusato
740 254 848 286 Asinio
871 255 903 284 et
928 247 1028 284 coel'io
1049 251 1083 283 et
1098 252 1196 283 Calvo
1213 253 1304 284 >aliud
1330 253 1422 285 nobis

105 311 218 343 agmen
243 301 457 341 produceret,
481 300 654 340 pluresque
678 301 726 332 vel
749 303 833 332 certe
852 299 992 331 totidem
1014 298 1219 338 nominaret,
1241 308 1280 331 ex
1305 300 1423 341 quibus

106 351 202 383 alium
227 349 391 386 Ciceroni,
419 348 516 379 alium
542 347 682 387 Caesari,
707 348 844 387 singulis
869 347 984 378 deinde
1009 346 1153 386 singulos
1175 355 1420 387 opponeremus.

106 404 191 427 nunc
207 395 404 426 detractasse
429 394 623 432 nominatim
650 395 804 434 antiquos
829 397 971 425 oratores
993 396 1166 424 contentus
1190 395 1352 424 neminem
1379 403 1423 425 se-

105 442 274 481 quentium
290 441 420 473 laudare
435 449 534 471 ausus
551 444 599 471 est
615 441 678 471 nisi
697 442 727 471 in
746 441 913 481 publicum
928 442 939 458 ⁹
958 442 989 472 et
1013 441 1045 471 in
1069 449 1241 471 commune
1255 465 1263 479 ‚
1278 441 1401 472 veritus
1415 466 1424 480 ,

106 488 201 519 credo
214 512 223 527 ‚
241 497 281 519 ne
295 488 415 519 multos
429 488 622 526 offenderet,
637 488 664 518 si
679 497 797 527 paucos
814 487 1034 527 excerpsisset.
1054 490 1172 526 quotus
1187 487 1273 518 enim
1287 487 1424 527 quisque

106 536 371 566 scholasticorum
383 543 447 565 non
462 534 520 565 bac
537 543 595 564 sua
613 536 818 574 persuasione
834 535 965 572 fruitur,
980 537 1017 565 ut
1032 543 1066 565 se
1084 537 1157 565 ante
1170 534 1355 565 Ciceronem
1370 543 1423 564 nu-

107 584 225 621 meret,
246 581 302 613 sed
319 582 412 621 plane
432 582 504 620 post
521 581 733 612 Gabinianum
752 583 800 612 ¹⁰?
820 585 852 612 at
869 590 927 620 ego
944 590 1007 612 non
1026 581 1161 612 verebor
1181 589 1347 612 nominare
1361 589 1425 612 sni-

105 627 196 665 gulos
209 652 218 667 ,
235 637 301 668 quo
318 629 444 658 facilius
465 628 642 667 propositis
658 628 815 668 exemplis
831 630 1003 667 appareat,
1022 627 1140 667 quibus
1155 627 1307 667 gradibus
1323 626 1424 660 fracta

105 675 146 706 sit
162 678 194 706 et
209 675 377 706 deminuta
391 675 586 714 eloquentia.
602 687 618 701 »

146 725 269 752 XXVII.
293 735 307 748 «ι
326 727 511 761 Appropera
524 745 532 759 ,
557 721 663 761 inquit
685 725 846 753 Maternus
860 746 867 759 ‚
885 724 917 752 et
937 721 1044 761 potins
1067 722 1198 753 exsolve
1216 731 1423 763 promissum.

105 776 209 807 neque
225 770 312 799 enim
330 770 390 799 boc
407 768 513 807 colligi
531 768 764 807 desideramus,
782 769 967 799 disertiores
981 777 1047 799 esse
1062 770 1222 809 antiquoS,
1237 770 1324 810 quod
1336 770 1423 811 apud

107 824 157 845 me
182 816 311 855 quidem
338 816 370 846 in
392 816 542 846 confesso
568 817 634 855 est,
662 816 716 845 seit
743 824 857 847 causas
879 817 1108 855 exquirimus,
1135 826 1215 856 quas
1237 820 1270 849 te
1292 819 1422 850 solitum

104 866 241 893 tractare
255 863 351 902 paulo
364 865 439 893 ante
454 863 562 894 dixisti
575 886 584 901 ,
607 863 702 902 plane
720 863 828 893 mitior
846 865 880 893 et
894 862 1087 902 eloquentiae
1104 866 1286 903 temporum
1302 868 1425 897 nostro-

105 919 178 941 rum
191 919 256 941 non
270 911 382 949 iratus,
401 912 572 949 antequam
593 913 622 940 te
640 915 724 949 Aper
740 909 922 941 offenderet
935 911 1088 949 majores¹
1107 913 1181 941 tuos
1198 912 1392 944 lacessendo.
1408 928 1422 942 »

104 975 144 979 —
161 971 175 985 α
191 962 260 989 Non
281 966 371 996 sum,
397 958 524 997 inquit,
549 958 692 988 ostensus
714 958 787 997 Apri
813 958 868 988 illa
887 957 1141 997 disceptationm
1159 968 1217 989 nec
1235 969 1291 989 vos
1306 960 1423 992 offendi

105 1005 253 1043 decebit,
272 1005 297 1035 si
324 1004 402 1043 quid
425 1005 508 1035 forte
529 1013 621 1035 aures
638 1008 761 1035 vestras
781 1004 989 1044 perstringit,
1013 1014 1112 1044 quum
1133 1006 1240 1037 sciatis
1261 1006 1342 1037 banc
1358 1016 1425 1039 esse

104 1051 261 1092 ejusmodi
279 1059 463 1082 sermonum
486 1052 598 1090 legem,
612 1051 771 1090 judicium
789 1051 889 1081 animi
902 1051 981 1082 citra
998 1051 1152 1082 damnum
1169 1053 1304 1084 assuetus
1318 1053 1327 1070 ²
1351 1064 1424 1094 pro-

107 1099 199 1130 ferre.
216 1111 231 1124 υ
247 1111 288 1118 -
303 1110 318 1123 u
333 1101 448 1136 Perge,
465 1098 570 1137 inquit
587 1100 752 1129 Maternus
768 1123 776 1137 ‚
791 1101 823 1129 et
836 1107 936 1137 quum
951 1098 990 1129 de
1003 1099 1146 1138 antiquis
1161 1100 1320 1139 loquaris,
1336 1104 1426 1132 utere

106 1145 239 1184 antiqua
252 1143 424 1181 libertato,
445 1152 463 1173 a
482 1153 547 1183 qua
569 1145 619 1175 vel
640 1145 742 1183 magis
756 1144 1128 1184 degeneravimusquani
1143 1146 1182 1176 ab
1196 1147 1389 1186 eloquentia.
1407 1160 1422 1173 υ

147 1195 283 1225 XXVIII.
307 1194 344 1222 Et
363 1191 499 1222 Messala
514 1216 522 1230 ‚
539 1204 553 1217 «ι
572 1196 642 1222 Non
662 1192 843 1222 reconditas
856 1216 864 1231 ,
881 1195 1021 1223 Materne
1035 1216 1043 1231 ‚
1061 1202 1175 1223 causas
1197 1195 1350 1233 requiris,
1366 1204 1424 1226 nec

106 1242 162 1269 aut
182 1239 239 1269 tibi
261 1238 321 1277 ipsi
339 1240 395 1269 aut
417 1238 491 1268 liuic
505 1238 652 1270 Secundo
667 1240 715 1269 vel
733 1240 807 1269 buic
820 1244 905 1278 Apro
920 1240 1063 1278 ignotas,
1079 1240 1203 1270 etiamsi
1225 1241 1302 1271 inibi
1319 1244 1425 1281 partes

107 1285 276 1325 assignatis
293 1285 473 1325 proterendi
492 1286 522 1315 in
541 1285 683 1316 medinm
701 1295 775 1325 quae
793 1295 905 1317 omnes
921 1287 1088 1317 sentimus.
1105 1287 1177 1326 quis
1193 1288 1278 1317 enim
1299 1289 1422 1327 ignorat

106 1335 139 1363 et
154 1332 369 1372 eloquentiam
387 1334 417 1363 et
433 1335 557 1363 ceteras
573 1335 657 1363 artes
674 1333 846 1364 descivisse
863 1333 901 1363 ab
918 1334 972 1364 illa
993 1337 1097 1364 vetere
1114 1334 1211 1373 gloria
1231 1344 1292 1364 non
1316 1336 1424 1376 iuopia

108 1380 274 1411 bominum
289 1404 297 1418 ‚
321 1379 376 1410 sed
401 1379 524 1410 desidia
546 1381 726 1419 juventutis
748 1384 780 1411 et
806 1381 997 1420 negligentia
1020 1383 1189 1420 parentum
1206 1384 1238 1411 et
1257 1382 1424 1414 inscientia

107 1426 386 1466 prmoipientium'
412 1428 444 1457 et
460 1427 621 1457 oblivione
641 1427 738 1457 moris
755 1427 899 1466 antiqui?
923 1437 996 1467 qum¹
1020 1428 1102 1458 mala
1126 1428 1263 1468 primum
1286 1429 1318 1459 in
1339 1430 1423 1462 Urbe

107 1476 194 1511 nata,
211 1482 285 1503 mox
304 1482 359 1512 per
376 1474 500 1504 Italiam
518 1475 588 1504 susa
601 1499 609 1513 ‚
624 1474 690 1513 jam
707 1475 737 1504 in
755 1474 936 1514 provincias
953 1478 1093 1505 manant.
1109 1484 1304 1514 (luaniquatil
1321 1480 1424 1508 vestra

107 1520 202 1550 vobis
218 1520 344 1551 notiora
358 1523 446 1559 sunt,
462 1529 519 1560 ego
534 1521 572 1551 (le
588 1522 672 1552 Urbe
685 1524 717 1552 et
738 1522 784 1552 bis
801 1522 938 1561 propriis
952 1531 989 1553 ar,
1003 1522 1183 1552 vernaculis
1199 1523 1285 1553 vitiis
1299 1523 1423 1563 loquar,

107 1575 181 1606 quae
200 1570 291 1597 natos
307 1568 415 1597 statim
433 1568 599 1607 excipiunt
617 1570 649 1598 et
666 1578 722 1608 per
745 1569 888 1608 singulos
908 1570 1014 1600 aetatis
1030 1569 1146 1608 gradus
1163 1569 1380 1609 cumulantur,
1399 1573 1424 1603 si

108 1613 197 1653 prius
212 1614 251 1644 (le
267 1614 439 1645 severitate
455 1623 491 1644 ac
507 1615 678 1654 dierplina
696 1616 852 1653 majorum
870 1616 955 1647 circa
976 1615 1156 1647 educandos
1176 1617 1425 1659 formandosque

109 1661 224 1692 liberos
237 1670 337 1700 pauca
353 1662 540 1700 przetlixero.
558 1665 626 1692 Jam
642 1663 783 1702 primum
800 1672 878 1694 suus
896 1663 1012 1704 cuique
1028 1664 1126 1701 tilius,
1141 1672 1178 1694 ex
1195 1666 1281 1694 casta
1296 1669 1425 1703 parente

109 1712 224 1746 natus,
248 1718 310 1738 non
329 1709 361 1738 in
378 1709 459 1739 cella
481 1713 598 1748 empta}
620 1711 772 1748 nutrit-is,
797 1711 852 1741 sed
875 1712 996 1750 gremio
1019 1702 1056 1742 ac
1077 1703 1153 1741 sinu
1178 1711 1289 1741 matris
1311 1712 1426 1745 educa-

110 1756 216 1795 batur,
236 1756 327 1794 cujus
345 1756 510 1794 praecipua
529 1756 598 1786 laus
613 1760 682 1788 erat
701 1758 781 1788 tueri
799 1758 932 1788 ‹lomum
952 1760 983 1789 et
1003 1759 1157 1789 inservire
1174 1757 1280 1788 liberis
1293 1757 1317 1788 ².
1336 1760 1427 1800 elige-

112 1803 204 1834 batur
227 1805 335 1834 antem
359 1803 460 1840 major
482 1803 589 1841 aliqua
613 1807 691 1834 natu
716 1805 916 1845 propinqua,
940 1806 1031 1844 cujus
1052 1804 1192 1844 probatis
1210 1807 1426 1846 spectatisque

110 1850 254 1881 moribus
267 1849 374 1887 omnis·
389 1850 532 1888 ejusdem
550 1852 678 1881 familiae
691 1851 817 1882 soboles
830 1853 1106 1889 committeretur;
1123 1860 1231 1881 coram
1246 1861 1310 1891 qua
1325 1862 1427 1893 neque

110 1899 216 1929 dicere
238 1897 285 1927 fas
306 1898 374 1927 erat
398 1897 485 1936 quod
511 1901 601 1937 turpe
623 1898 732 1936 (lictu,
758 1907 864 1938 neque
885 1900 988 1929 facere
1007 1898 1091 1938 quod
1110 1898 1316 1929 inhonestum
1341 1901 1425 1931 sautu

111 1945 283 1976 videretur.
305 1952 342 1974 ac
361 1952 425 1974 nou
443 1944 550 1975 studia
568 1945 662 1976 modo
677 1953 852 1985 curasque,
867 1946 923 1977 sed
942 1946 1144 1977 remissiones
1160 1945 1256 1976 etiam
1274 1946 1432 1987 lususque-v

111 2000 285 2032 puerorum
309 1991 479 2022 sanctitate
498 1992 637 2031 quadam
659 2001 697 2023 ao
716 1993 913 2024 verecundia
928 1993 1138 2033 temperabat.
1158 1993 1205 2023 sic
1222 1994 1400 2025 Corneliam
1415 1998 1427 2013 ἓ»

111 2040 346 2078 Gracchorum,
371 2040 418 2069 sic
439 2040 621 2070 Aureliam⁴
645 2041 798 2079 Caesaris,
822 2041 867 2071 sic
883 2041 1006 2072 Attiam
1030 2040 1165 2080 Augusti
1184 2042 1322 2071 matrem
1345 2051 1428 2081 prae—

112 2130 211 2153 sarium
224 2129 347 2152 invectus
362 2133 390 2150 se
407 2128 463 2156 ipse
476 2127 509 2150 de
527 2129 599 2151 statu
615 2135 663 2152 suo
677 2129 768 2158 dejicit
782 2130 809 2152 et
822 2129 976 2153 firmitatem
990 2129 1096 2153 amittit.
1107 2142 1134 2145 -
1146 2134 1166 2152 s.
1182 2127 1222 2152 lta
1235 2130 1266 2152 ut
1282 2130 1379 2159 cuique
1398 2131 1427 2155 in

112 2164 203 2189 medio
223 2164 281 2187 laus
303 2164 466 2186 esset.—-1o.
489 2163 685 2187 «celeberrimi
708 2165 822 2187 nominis
843 2164 979 2188 rhetorem
990 2174 1003 2184 ν
1019 2165 1068 2188 sub
1087 2164 1258 2193 Vespasiano.
1282 2165 1361 2189 Velut
1384 2168 1428 2196 qui

113 2199 191 2223 bodie
201 2198 311 2222 multum
326 2204 380 2227 prae
390 2204 418 2221 se
433 2199 610 2222 contemnunt
626 2199 786 2223 Corneillum
801 2201 828 2223 et
841 2200 1146 2229 Raciniurn‚secundum
1160 2199 1193 2223 ab
1209 2200 1322 2229 Bugone
1338 2201 1428 2225 locum

113 2234 164 2257 sibi
177 2234 323 2257 vindicant.

141 2269 250 2293 XXVII.
273 2274 291 2292 ι.
306 2268 430 2292 Refertur
447 2269 480 2292 ad
494 2269 577 2292 verba
595 2274 653 2298 cap.
668 2273 697 2292 25
711 2275 717 2291 :
731 2269 788 2292 sive
802 2268 867 2292 illos
883 2268 1016 2299 antiquos
1029 2269 1088 2293 sive
1100 2275 1244 2295 MAJORES
1257 2272 1389 2300 appellet.
1401 2283 1429 2290 -

113 2311 137 2329 2.
152 2303 360 2327 Benevolenuae.

142 2338 261 2363 XXVIII.
279 2343 297 2362 ι.
318 2339 401 2368 Quam
421 2342 532 2363 accusat
551 2340 632 2363 etiam
655 2340 834 2368 Quintilianus
850 2341 915 2368 XII,
933 2338 1121 2370 1¹,SM.—-2.
1137 2340 1212 2364 Cous.
1231 2342 1324 2365 Germ.
1345 2347 1368 2365 c.
1382 2347 1428 2365 20.

116 2374 209 2404 Αςινίσ.
224 2380 247 2398 c.
260 2379 273 2397 4
285 2379 335 2398 *5.
348 2375 481 2404 Scipionis
495 2375 614 2399 Africani
629 2377 738 2405 majoris⁴
752 2376 841 2403 filiam,
856 2377 888 2399 (lc
901 2383 951 2405 qua
966 2377 1049 2400 muita
1063 2375 1220 2400 Plutarchus
1234 2377 1260 2401 in
1277 2377 1340 2401 Vitis
1351 2378 1418 2402 Grac

115 2410 292 2434 oberunt-vi.
308 2410 346 2433 De
359 2415 411 2439 qua
425 2412 538 2435 sueton.
555 2416 577 2434 c.
592 2416 635 2440 7⁴;
649 2412 681 2435 de
695 2413 777 2436 Attea
790 2412 858 2435 idem
874 2418 895 2436 c.
912 2417 931 2435 4.
