1539 2668
491 145 527 174 A.
552 145 591 174 U.
615 144 650 173 C.
675 144 745 173 802.
784 143 822 171 A.
846 143 880 172 C.
905 141 956 171 49.
1329 142 1387 172 165

61 225 182 255 Annaeo
195 223 312 252 Seneca
327 218 354 259 ³,
376 219 471 251 simul
487 220 662 260 praeturam
688 218 861 258 impetrat,
887 217 998 249 laetum
1012 216 1046 246 in
1063 215 1228 255 publicum
1248 219 1318 248 rata
1344 216 1387 248 ob

61 267 284 301 claritudinem
301 267 481 299 studiorum
509 266 593 305 eJus,
622 268 723 306 utque
749 265 883 297 Domitii
904 263 1042 305 pueritia
1059 262 1115 294 tali
1140 263 1295 302 magistro
1313 263 1388 295 ado·

60 316 209 354 lesceret‚
230 316 262 346 et
284 314 426 346 consiliis
444 313 589 353 ejusdem
604 313 644 344 ad
659 322 748 353 spem
771 311 1000 343 dominationis
1015 311 1183 342 uterentur
1198 310 1223 349 ⁴,
1248 310 1324 350 quia
1337 314 1388 344 Se-

60 371 139 394 neca
154 362 238 393 lidus
254 361 286 392 in
303 361 507 401 Agrippinam
530 360 687 391 memoria
709 360 874 399 beneficii,
903 362 936 391 et
958 358 1102 389 infensus
1124 357 1259 388 Claudio
1276 357 1387 390 dolore

59 409 185 448 injuriae
204 408 403 440 credebatur.

100 460 152 487 IX.
177 455 334 487 Placitum
363 455 480 486 debinc
510 463 575 485 non
603 454 688 486 ultra
715 454 877 492 cunctari,
908 453 965 485 sed
989 452 1189 492 designatum
1221 452 1387 483 consulem

57 503 244 534 Memmium
267 503 440 534 Pollionem
464 501 649 541 ingentibus
673 501 838 541 promissis
861 501 1020 532 inducunt
1050 499 1243 531 sententiam
1274 507 1387 539 expro-

56 562 144 585 mere
155 576 164 591 ,
180 561 243 592 qua
259 553 404 583 oraretur
418 552 570 583 Claudius
583 551 791 592 despondere
812 552 991 582 Octcwiam
1005 550 1154 581 Domitio
1172 560 1182 580 .·
1200 548 1287 588 quod
1298 547 1387 579 aetati

57 601 225 640 utriusque
241 608 303 630 nou
322 600 497 631 absurdum
515 602 546 630 et
562 601 685 639 majora
701 598 937 639 patefacturum
959 599 1038 629 erat.
1065 596 1163 628 Pollio
1179 595 1266 626 haud
1281 595 1387 635 dispa-

55 646 145 678 ribus
160 646 266 678 verbis
284 656 320 678 ac
333 656 435 687 nuper
448 647 596 678 Vitellius
613 647 741 685 censet3
757 646 1042 686 despondeturque
1061 644 1211 681 Octavia,
1229 652 1278 681 ac,
1290 651 1387 682 super

54 694 192 735 priorem
210 694 498 733 necessitudinem,
519 703 656 735 sponsus
682 695 747 733 jam
774 695 805 725 et
830 702 924 731 ,dener
941 692 1102 724 Domitius
1119 691 1238 730 mquari
1262 690 1384 721 Britan—

53 742 127 774 nico
144 741 260 773 studiis
276 742 406 781 matris,
433 744 502 773 arte
519 751 629 773 eorum
641 766 649 781 ,
668 743 740 781 quis
757 741 799 772 ob
823 742 1007 772 accusatam
1025 738 1230 770 Messalinam
1252 737 1332 769 ultio
1345 745 1384 769 ex

53 789 119 820 filio
135 789 321 821 timebatur.

92 840 130 868 X.
155 839 213 867 Per
229 836 315 868 idem
332 838 458 877 tempus
474 836 569 876 legati
584 836 777 867 Parthorum
793 836 831 867 ad
850 834 1069 876 expetendum
1080 857 1089 873 ,
1106 834 1142 864 ut
1158 832 1252 864 retuli
1275 833 1300 872 ¹,
1321 836 1386 864 Me-

52 882 205 915 herdaten
223 883 315 915 missi
331 885 478 915 senatum
496 883 731 923 ingrediuntur,
754 884 973 922 mandataque
996 882 1029 912 in
1050 882 1135 912 hunc
1158 880 1290 911 modum
1308 880 1384 911 inci-

51 929 169 969 piunt:
193 941 209 956 «
226 938 289 960 non
321 939 355 961 se
383 931 510 961 foderis
536 930 934 969 ignarosnecdesectione
963 939 982 960 a
1012 928 1131 959 familia
1155 927 1384 959 Arsacidarum

53 986 69 1002 α
86 976 210 1015 venire;
241 977 298 1008 sed
326 978 427 1008 filium
454 979 616 1014 Venonis,
635 980 783 1017 nepotem
807 977 992 1015 Phrahatis‚
1020 975 1173 1007 accedere
1194 974 1204 991 ²
1228 974 1384 1006 adversus

51 1034 67 1049 «
84 1022 337 1056 dominationem
365 1025 506 1056 Gotarzis
518 1048 526 1063 ,
555 1025 714 1055 nobilitati
743 1024 892 1065 plebique
916 1024 1011 1063 juxta
1041 1022 1289 1054 intolerandam.
1314 1022 1383 1061 jam

52 1082 67 1097 «
85 1070 196 1102 fratres
209 1095 218 1111 ,
233 1071 299 1110 Jam
319 1073 517 1112 propinquos
530 1096 538 1110 ,
552 1072 618 1111 jam
645 1072 771 1111 longius
791 1072 872 1103 sitos
895 1071 1039 1102 caedibus
1063 1070 1256 1108 exliaustos3
1287 1069 1383 1108 adjici

52 1129 68 1144 α
86 1117 238 1157 conjuges
258 1119 407 1157 gravidas
421 1143 429 1158 ,
458 1119 574 1150 liberos
597 1128 732 1158 parvos,
759 1119 838 1150 dum
854 1127 963 1150 socors
981 1118 1090 1156 domi,
1110 1117 1202 1148 bellis
1220 1116 1382 1148 infaustus

50 1177 66 1188 «
87 1164 247 1203 isgnaviam
271 1166 394 1196 saevitia
413 1167 511 1205 tegat.
536 1167 676 1196 veterem
693 1165 753 1197 sibi
773 1174 810 1196 ac
825 1166 954 1206 publice
967 1167 1106 1205 coeptam
1123 1164 1289 1195 nobiscum
1304 1164 1382 1195 ami-

49 1224 65 1235 «
83 1211 192 1242 citiam
206 1234 214 1249 ‚
243 1214 274 1243 et
305 1213 562 1243 sulu'eniendum
590 1212 686 1243 sociis
700 1237 708 1251 ⁷
740 1212 857 1242 virium
888 1212 1013 1243 annulis
1039 1211 1291 1250 cedentibusque
1324 1218 1381 1250 per

51 1270 66 1284 «
84 1258 308 1289 reverentiam.
339 1260 409 1290 ideo
424 1269 533 1299 regum
549 1260 677 1290 obsides
695 1259 812 1290 liberos
826 1260 895 1290 dari
911 1259 937 1298 ³,
952 1261 989 1289 ut
1002 1259 1029 1289 si
1059 1258 1230 1290 domestici
1254 1256 1380 1297 imperii

50 1317 66 1332 «
83 1305 199 1336 taedeat
211 1329 220 1344 ‚
249 1306 291 1336 sit
309 1315 470 1344 regressus
487 1307 525 1337 ad
544 1307 726 1346 Principem
743 1308 936 1346 Pati-esque,
956 1315 1095 1346 quorum
1114 1304 1259 1336 moribus
1275 1313 1379 1335 assue-

50 1363 65 1378 α
82 1351 186 1383 factus
209 1361 265 1383 rex
286 1353 400 1384 melior
416 1354 637 1385 ascisceretur.
653 1367 668 1380 »

86 1402 138 1429 XI.
163 1398 224 1430 Ubi
241 1399 309 1430 haec
325 1403 421 1440 atque
437 1401 513 1431 talia
527 1400 757 1439 dissertavere,
779 1401 889 1441 incipit
905 1400 1085 1431 orationem
1101 1403 1207 1430 Cres-ar
1221 1397 1378 1438 desasti—

45 1446 97 1484 ‹Jo'o
110 1448 261 1477 Romano
275 1447 558 1488 Parthorumque
581 1448 748 1489 obsequiis
760 1461 771 1486 ‚·
798 1457 895 1488 seque
912 1447 987 1478 divo
1002 1450 1146 1486 Augusto
1163 1446 1376 1485 adaequabat,

45 1494 192 1532 petitum
217 1494 260 1524 ab
277 1503 313 1525 eo
327 1503 439 1534 rcqcm
461 1495 620 1533 referens,
649 1495 767 1526 omissa
792 1495 909 1526 Tiberii
935 1494 1108 1532 memoria,
1133 1501 1332 1533 quamquam
1350 1493 1377 1524 is

44 1547 173 1578 quoque
189 1541 319 1572 miserat
337 1543 357 1572 ¹.
377 1542 501 1572 addidit
519 1544 680 1582 praecepta
695 1542 825 1581 (etenim
843 1543 953 1573 aderat
979 1541 1216 1579 Meherdates),
1243 1543 1283 1571 ut
1308 1549 1376 1572 non

44 1584 313 1619 dominationem
333 1591 365 1619 et
380 1597 507 1627 servae,
523 1589 583 1619 sed
601 1592 767 1621 rectorem
782 1592 814 1621 ct
831 1592 920 1621 cives
935 1591 1102 1629 comburet
1117 1613 1126 1627 ,
1143 1589 1374 1619 clementiam—

43 1640 110 1672 que
126 1643 167 1665 ac
184 1635 367 1673 j‘zcstite'am
381 1660 389 1675 ‚
412 1637 544 1676 quanto
559 1638 687 1675 *iqnara
705 1636 867 1668 barbaris
883 1658 892 1671 ‚
927 1638 1023 1667 tanto
1042 1636 1247 1667 toleratiora
1260 1642 1375 1674 capes-

42 1682 141 1711 sercl.
168 1681 242 1713 hinc
258 1691 371 1713 versus
397 1683 435 1714 ad
455 1683 576 1722 legatos
591 1707 600 1722 ,
624 1683 752 1714 extollit
772 1683 921 1714 laudibus
944 1684 1129 1714 alimmum
1154 1682 1276 1721 Urbis,
1302 1689 1373 1721 spe-

42 1728 146 1758 ctatoe
161 1728 210 1759 ad
234 1729 271 1760 id
289 1728 300 1746 ²
321 1729 495 1761 modestice
519 1740 530 1760 .·
550 1738 591 1761 ac
622 1732 737 1761 tamen
755 1730 909 1769 serenda
937 1739 1056 1769 repunt
1080 1731 1240 1769 maenia,
1266 1736 1375 1769 neque

42 1776 120 1805 usui
139 1774 150 1791 ³
169 1775 306 1806 crebras
330 1779 548 1808 nudationes.
576 1786 649 1807 rem
672 1780 858 1808 itomanam,
885 1778 952 1809 huc
972 1778 1135 1808 satietate
1161 1777 1279 1816 qlorioe
1292 1784 1372 1816 pro-

41 1822 174 1851 veclam
187 1846 196 1859 ,
222 1825 263 1853 uc
288 1826 441 1854 externis
467 1832 600 1864 quoque
617 1825 773 1863 qenta‘bus
787 1826 937 1865 quictem
952 1825 1046 1856 velit.
1076 1826 1194 1854 Datum
1212 1824 1283 1862 post
1304 1823 1374 1854 haec

41 1870 76 1897 C.
93 1869 219 1907 Cassio,
241 1869 296 1909 qui
310 1870 409 1909 Syria*
426 1871 583 1910 praeerat,
604 1870 763 1902 deducere
774 1872 926 1910 juvenem
944 1872 1046 1910 ripam
1070 1871 1110 1901 ad
1128 1870 1308 1909 Euphratis.

82 1918 149 1946 XII.
176 1918 218 1945 Ea
242 1918 433 1956 tempestate
462 1918 591 1948 Cassius
620 1920 743 1948 ceteros
770 1917 983 1958 praeminebat
1008 1917 1122 1957 peritia
1147 1917 1252 1956 legum
1272 1924 1371 1947 :nam

40 1961 195 1993 militares
211 1964 297 1993 artes
320 1972 376 2003 per
393 1963 494 1994 otium
515 1964 633 2002 ignotae
645 1988 653 2003 ,
669 1964 907 2004 industriosque
922 1966 978 1994 aut
999 1964 1131 2002 ignavos
1151 1972 1214 2002 pax
1227 1963 1259 1993 in
1275 1970 1371 2002 aequo

39 2009 138 2040 tenet.
164 2010 307 2040 attamen
331 2012 488 2050 quantum
517 2011 587 2041 sine
604 2010 687 2041 bello
712 2010 862 2049 dabatur,
888 2019 1038 2041 revocare
1063 2010 1206 2050 priscum
1222 2017 1369 2048 morem,

39 2055 215 2087 exercitare
237 2056 393 2097 legiones,
409 2066 502 2097 cura,
524 2058 654 2098 provisu
670 2058 802 2098 perinde
816 2066 907 2097 agere
922 2066 959 2088 ac
975 2057 1002 2088 si
1017 2057 1119 2088 hostis
1136 2057 1308 2097 ingrueret,
1324 2056 1370 2086 ita

39 2101 172 2142 dignum
190 2104 365 2143 majoribus
390 2104 458 2136 suis
486 2106 518 2136 et
543 2105 664 2136 familia
681 2105 787 2137 Cassia
805 2105 931 2145 (ratus),
950 2114 1005 2145 per
1021 2105 1090 2136 illas
1106 2113 1236 2145 quoque
1258 2104 1368 2144 gentes

39 2243 138 2267 moniis
151 2244 262 2268 curatur
283 2249 318 2268 ne
340 2245 427 2275 mala,
447 2251 507 2276 quae
529 2245 738 2276 portenduntur,
763 2245 939 2269 eveniant.-
959 2251 982 2269 s.
1000 2244 1169 2275 Philosopho,
1183 2249 1198 2268 a
1212 2244 1326 2269 Claudio
1336 2244 1365 2269 in

39 2277 178 2302 Corsicam
191 2279 320 2308 relegato.
333 2293 361 2298 —
375 2287 398 2305 4.
414 2282 503 2306 Mater
519 2283 546 2305 et
559 2282 637 2305 filius.

68 2312 104 2337 X.
121 2318 142 2336 ι.
153 2313 198 2342 XI,
214 2319 241 2338 ιο
253 2316 281 2338 in
294 2316 354 2339 fine
367 2329 394 2334 —
404 2322 426 2340 2.
442 2317 596 2341 convenire
610 2316 692 2347 velle,
703 2316 737 2340 ad
751 2321 812 2339 eum
826 2321 855 2340 sc
866 2317 1036 2343 convertere
1045 2317 1142 2341 Vonon
1152 2318 1212 2341 erat
1223 2316 1362 2341 Arsacida

40 2353 100 2371 -5.
114 2349 215 2378 Regum
235 2349 334 2374 liberos
356 2351 413 2376 dari
427 2352 535 2376 obsides
553 2353 691 2376 Romanis,

69 2383 114 2407 xl
127 2388 148 2407 ι.
163 2384 228 2407 Tres
240 2386 356 2415 quidem,
367 2387 515 2415 Vononem,
526 2387 695 2416 Phrahatem,
703 2386 855 2411 Tiridaten.
864 2393 888 2408 v.
903 2387 935 2418 11,
950 2393 975 2417 i;
991 2389 1035 2419 Vl,
1046 2393 1141 2419 seseq.
1143 2393 1202 2412 -2
1216 2388 1361 2413 Praeterea

43 2414 98 2442 Nisi
107 2419 197 2448 potius
210 2420 259 2449 est,
271 2426 354 2450 usque
366 2421 400 2445 ad
411 2422 477 2447 illud
487 2425 602 2453 tempus.
613 2435 640 2440 —
652 2429 677 2448 5
689 2424 731 2448 Se.
753 2428 811 2447 esse
830 2422 916 2448 utiles
