1539 2668
484 137 520 166 Δ).
544 136 643 166 U.'C.'
666 137 742 165 822ss
774 138 814 165 A.
835 137 872 167 c.·
894 138 961 168 690-
1314 142 1371 172 331

94 215 256 245 LXXVTH.
280 213 356 243 Post
369 211 510 243 Muciani
522 210 709 241 orationemv
718 211 822 242 ceteri
831 211 1007 243 audentius
1016 212 1283 254 circumsistere„
1299 215 1373 247 hor·

53 260 116 292 tari
130 284 139 299 ,
154 267 315 299 responsa
335 258 478 290 vatum¹
498 259 533 290 et
546 256 704 289 siderum,
719 261 831 289 motus
851 258 982 290 referre.
1001 267 1063 290 nec
1077 260 1148 291 erat
1161 259 1302 292 intactus
1317 263 1374 295 tali

53 307 301 348 superstitione,
320 308 356 337 ut
369 306 426 345 qui
439 314 516 336 mox
533 313 640 335 rerum
658 304 810 336 dominus
824 306 995 337 seleucum
1011 306 1175 346 quendam
1199 308 1373 341 mafliema-

52 353 155 385 ticum
175 355 332 385 rectorem
349 354 382 384 et
399 352 574 393 praescium
597 351 704 392 palam
727 352 896 384 hahuerit„
908 353 1247 385 recursabant-animo
1266 359 1374 388 vetera

53 400 174 432 omina.
194 408 367 440 cupressus
383 400 480 430 arbor
495 398 529 429 iu
544 399 631 439 agris
647 400 718 439 ejus
730 423 740 438 ,
757 400 931 440 conspicua
947 399 1134 438 altitudine,
1153 405 1288 441 repente
1298 412 1374 443 pro-

51 446 173 479 ciderat
182 471 191 487 ‚
209 456 246 478 ac
261 448 388 487 postera
401 445 454 478 die
467 444 582 477 eodem
600 446 737 485 vestigio
754 455 926 486 resurgens
938 449 1116 487 proceraet
1131 447 1226 479 latior
1238 449 1375 482 vimbat.

49 494 171 534 grande
188 494 220 524 id
243 501 498 534 prosperumque
521 501 682 523 consensu
701 493 914 533 haruspicum
929 505 938 533 ;
960 496 993 525 et
1011 503 1140 525 summa
1156 494 1315 527 claritudo
1327 497 1375 536 [μι-

49 542 123 572 veni
149 540 326 572 admodum
348 538 549 578 Vespasiano
570 539 746 578 promissa.
773 540 831 571 sed
852 541 958 581 primo
978 541 1189 582 triumphalia
1209 545 1242 574 et
1262 551 1376 573 consu-

48 586 154 619 latus²
176 589 208 618 et
225 585 371 617 Judaicae
389 585 538 616 victoriae
555 585 657 616 decus
676 586 830 627 implesse
849 588 947 619 tidem
965 588 1088 620 ominis
1105 588 1301 621 videbantur
1317 601 1323 617 :
1341 591 1379 620 ut

47 633 118 665 haec
134 633 269 673 adeptus
286 633 358 671 est,
371 632 524 672 portendi
539 631 601 663 sibi
614 633 788 673 imperium
805 634 976 665 credebat.
996 637 1050 666 Est
1065 636 1307 668 Judaeaminter
1322 639 1376 676 Sy-

46 679 191 720 riamque
205 680 372 711 Carmelus
387 688 394 709 :
412 678 458 710 ita
471 681 591 710 vocant
605 683 748 711 montem
763 680 937 721 deumque.
954 690 1014 712 nec
1026 682 1235 714 simulacrum
1249 683 1309 714 deo
1322 685 1378 714 aut

46 726 204 766 templum
224 736 232 757 z
249 727 296 758 sic
309 725 472 757 tradidere
485 727 626 766 majores
637 752 644 765 ‚
660 736 748 758 aram
763 730 892 759 tantum
905 729 936 759 et
952 729 1180 760 reverentiam.
1197 730 1261 761 illic
1277 730 1377 762 sacri-

46 772 155 805 ficanti
169 774 377 813 Vespasiano,
392 782 494 813 quum
508 782 582 813 spes
597 774 741 805 occultas
752 776 899 806 versaret
915 776 1037 814 animo,
1056 776 1211 808 Basilides
1222 777 1377 809 sacerdos

45 820 198 860 inspectis
214 820 396 851 identidem
409 820 507 857 extis,
520 821 689 861 Quicquid
703 823 765 861 est,
780 822 898 861 inquit,
918 824 1133 862 Vespasiane,
1150 823 1240 863 quod
1252 832 1376 864 para-9,

44 876 106 899 seu
130 866 270 898 domum
292 868 475 898 exstruere
497 875 560 898 seu
578 868 766 906 prolatare
792 876 894 906 aqros
916 870 985 898 sive
1008 869 1186 908 (eruptiore
1209 871 1375 909 servitia,

44 913 153 946 datur
169 914 230 945 tibi
245 922 372 953 maqna
386 912 502 954 sedes,
518 915 675 953 inqences
690 916 851 955 termini,
868 915 1020 946 multum
1036 915 1224 949 hominum.
1241 917 1375 949 hasam-

44 960 142 1000 bages
155 961 167 978 ³
186 961 219 991 et
238 960 350 990 statim
371 961 544 999 exceperat
559 960 646 990 fama
665 963 697 991 et
720 963 800 992 tunc
814 961 990 1000 aperiebat.
1008 970 1067 993 nec
1084 962 1258 1003 qumquam
1274 964 1376 1004 magis

44 1008 78 1040 in
96 1015 151 1038 ore
167 1006 268 1046 vulgi.
290 1006 471 1038 crebriores
487 1006 574 1047 apud
590 1007 697 1047 ipsum
714 1016 882 1039 sermones
893 1031 903 1047 ,
922 1010 1045 1048 quanto
1061 1011 1268 1050 sperantibus
1285 1012 1376 1052 plura

44 1054 208 1085 dicuntur.

84 1099 326 1132 LXXIX.-Haud
343 1100 444 1131 dubia
459 1100 675 1131 destinatione
691 1100 869 1132 discessere
891 1101 1061 1133 Mucianus
1078 1103 1301 1143 Antiochiam,
1316 1107 1373 1136 Ve-

44 1149 214 1188 spasianus
227 1150 406 1178 Caesaream
423 1156 430 1177 :
447 1147 504 1178 illa
517 1147 636 1186 Syriae,
652 1146 722 1177 haec
737 1147 861 1179 Judaeae
876 1150 975 1187 caput
991 1148 997 1165 ¹
1020 1151 1079 1179 est.
1096 1149 1232 1181 Initium
1248 1151 1372 1184 ferendi

45 1194 86 1225 ad
99 1195 329 1234 Vespasianum
350 1194 476 1233 imperii
495 1193 698 1225 Alexandriae
713 1196 875 1233 coeptum,
895 1194 1073 1225 festinante
1086 1196 1214 1227 Tiberio
1234 1197 1372 1229 Alexan-

44 1241 122 1281 dro,
147 1242 202 1282 qui
226 1241 375 1273 kalendis
399 1241 492 1272 Juliis
516 1242 721 1272 sacramento
743 1242 814 1280 ejus
836 1241 979 1280 legiones
995 1241 1115 1281 adegit.
1136 1242 1227 1283 isque
1249 1244 1372 1284 primus

42 1288 243 1329 principatus
271 1289 340 1320 dies
366 1288 399 1319 in
426 1292 590 1328 posterum
617 1288 797 1319 celebratus
810 1311 819 1327 ‚
845 1288 996 1327 quamvis
1027 1289 1179 1320 Judaicns
1207 1292 1371 1323 exercitus

42 1336 156 1376 quinto
167 1345 268 1367 nonas
278 1337 375 1367 Julias
388 1335 473 1375 apud
488 1336 594 1375 ipsum
605 1337 760 1375 Jurasset,
772 1344 811 1366 eo
822 1335 936 1366 ardore
949 1337 985 1366 ut
996 1344 1036 1366 ne
1047 1337 1137 1367 Titus
1149 1338 1280 1376 quidem
1289 1338 1370 1370 filius

41 1385 293 1423 exspectaretur,
312 1383 400 1423 Syria
417 1391 566 1413 remeans
593 1384 625 1413 et
646 1382 857 1413 consiliorum
883 1383 967 1413 inter
984 1383 1171 1414 Mucianum
1191 1393 1227 1415 ac
1245 1387 1368 1425 patrem

40 1430 188 1461 nuntius.
214 1432 336 1461 cuncta
361 1430 485 1470 impetu
510 1429 652 1460 militum
675 1432 766 1468 acta,
789 1438 856 1461 non
873 1431 985 1469 parata
998 1431 1182 1470 concione,
1208 1440 1272 1463 non
1293 1441 1367 1464 con-

37 1476 160 1516 Junctis
178 1476 369 1516 legionibus.

80 1527 195 1555 LXXX.
218 1528 301 1555 Dum
318 1523 477 1564 quaeritur
493 1524 625 1562 tempus
637 1546 646 1561 ‚
661 1522 755 1554 locus
768 1545 777 1561 ,
794 1522 950 1563 quodque
968 1522 1002 1554 in
1016 1532 1050 1555 re
1067 1524 1124 1554 tali
1140 1524 1365 1558 difficillimum

39 1572 89 1601 est
100 1594 109 1610 ‚
124 1571 226 1611 prima
241 1580 302 1601 vox
313 1595 321 1610 ‚
338 1571 417 1601 dum
431 1570 538 1601 animo
553 1578 627 1610 spes
639 1592 648 1608 ‚
667 1570 778 1609 timor,
793 1570 874 1602 ratio
885 1594 894 1609 ‚
909 1579 1005 1602 casus
1020 1570 1247 1612 obversantur,
1264 1581 1367 1613 egres-

38 1626 112 1649 sum
142 1617 293 1648 cubiculo
317 1617 551 1657 Vespasianum
580 1616 675 1657 pauci
694 1617 834 1657 milites,
859 1617 956 1649 solito
980 1618 1166 1650 assistentes
1194 1620 1306 1652 ordine
1333 1622 1368 1652 ut

38 1663 178 1703 legatum
194 1664 385 1703 salutaturi,
406 1666 660 1704 Imperatorem
675 1664 870 1696 salutavere.
888 1666 961 1696 tum
977 1665 1077 1696 ceteri
1093 1674 1260 1698 accurrere
1273 1691 1281 1706 ‚
1299 1669 1368 1699 Cae-

38 1718 153 1742 sarem
171 1714 204 1742 et
220 1713 414 1752 Augustum
429 1714 461 1742 et
483 1711 594 1742 omnia
613 1711 815 1751 principatus
834 1711 993 1743 vocabula
1011 1713 1190 1744 cumulare.
1212 1716 1326 1746 mens¹
1347 1725 1366 1747 a

38 1758 128 1788 metu
152 1757 192 1788 ad
217 1758 384 1789 fortunam
410 1758 598 1789 transierat.
616 1759 653 1789 in
673 1758 743 1797 ipso
769 1758 850 1790 nihil
874 1759 1063 1797 tumidum,
1086 1768 1242 1800 arrogans
1258 1763 1316 1794 aut
1332 1763 1364 1794 in

37 1804 133 1835 rebus
152 1804 257 1836 novis*
272 1813 395 1836 novum
414 1804 486 1836 fuit.
514 1806 550 1835 ut
572 1804 713 1844 primum
738 1805 842 1836 tantae
863 1804 1086 1837 multitudinis
1104 1806 1243 1838 offusam
1263 1808 1366 1839 oculis

37 1852 207 1891 caliginem
225 1851 356 1891 disjecit
371 1851 398 1891 ²,
417 1851 601 1883 militariter
617 1850 747 1882 locutus
762 1851 838 1882 laeta
853 1852 966 1883 omnia
983 1854 1016 1883 et
1037 1852 1201 1884 affluentia
1223 1855 1362 1895 excepit.

37 1908 176 1939 namque
198 1899 230 1930 id
254 1899 359 1939 ipsum
383 1898 555 1939 opperiens
577 1898 749 1929 Mucianus
764 1898 903 1930 alacrem
918 1897 1058 1931 militem
1078 1899 1113 1930 in
1129 1899 1228 1932 verba
1243 1904 1363 1942 Vespa-

36 1946 120 1978 siani.
130 1946 249 1986 adegit.
267 1947 338 1977 tum
352 1945 619 1978 Antiochensium
632 1945 796 1977 theatrum
808 1945 985 1985 ingressus,
1003 1945 1059 1978 ubi
1076 1945 1141 1978 illis
1153 1945 1165 1964 ³
1179 1948 1364 1979 consultare

37 2002 107 2025 mos
125 1995 173 2025 ost
183 2017 192 2033 ‚
209 1995 440 2025 concurrentes
453 1994 491 2025 et·
503 1992 536 2024 in
554 1992 774 2024 adulationem
790 1992 914 2024 effusos
926 1992 1118 2034 alloquitur,
1134 1994 1213 2025 satis
1225 1994 1362 2026 decorus

35 2042 133 2073 etiam
147 2045 256 2072 Graeca
271 2041 442 2081 facundia,
455 2039 672 2081 omniumque
685 2048 762 2080 quae
773 2040 897 2072 diceret
907 2044 1007 2080 atque
1016 2042 1126 2081 ageret
1140 2044 1208 2073 arte
1221 2042 1359 2082 quadam

35 2090 225 2120 ostentator.
255 2088 343 2120 nihil.
363 2096 459 2129 aeque
478 2087 952 2130 provinciamexercitumque
973 2087 1127 2120 accendit,
1147 2097 1245 2129 quam
1272 2089 1358 2130 quod

64 2183 206 2207 llxxvii&
216 2188 238 2207 ι.
255 2183 333 2207 cont.
344 2183 368 2213 1,
383 2188 425 2212 σος
437 2183 470 2212 Π,
484 2188 505 2208 4.
520 2188 584 2207 —2.
596 2184 683 2212 Quem
699 2183 808 2213 gessit«
820 2181 950 2212 pei-,duos
966 2182 1129 2208 nominans
1147 2183 1211 2207 anni
1229 2188 1335 2208 menses
1346 2193 1359 2204 ι.

35 2218 85 2242 suh
100 2218 220 2247 Claudio,
233 2218 345 2242 sueton.
356 2224 379 2242 c.
393 2223 470 2243 4.-5.
482 2220 617 2249 Responsa
631 2217 767 2248 ambigua.

64 2253 181 2277 LXXIX.
194 2259 215 2276 ι.
229 2254 350 2278 Caesarea
370 2254 409 2278 ita
427 2255 543 2280 vocatur
562 2256 592 2279 ut
614 2253 692 2277 sedes
718 2254 929 2283 procuratorum
946 2255 1140 2278 Romanorum.
1155 2253 1228 2277 Infra
1242 2254 1272 2281 V,
1288 2259 1310 2282 a,
1325 2259 1356 2277 cx

34 2288 189 2313 Judaeorum
203 2289 311 2313 ratione
322 2290 461 2319 loquitur.-

63 2322 166 2346 Lxxx:
178 2328 199 2346 ι.
210 2323 251 2347 Sc.
264 2324 411 2348 aulicorum
423 2324 600 2353 etcopiatmn
609 2324 836 2354 Vespasiani—2»,
845 2322 1050 2348 multitudinem
1065 2324 1280 2353 accurrentium,
1291 2328 1352 2353 quae

34 2358 110 2386 quasi
123 2357 277 2388 caiigo-ipsi
284 2360 358 2386 eram
365 2359 611 2385 ‘inmte-zum
624 2360 805 2389 altinumque
824 2359 935 2383 Graecis·
