1539 2668
133 169 193 200 254
510 170 642 200 TACITI
664 171 871 200 ANNALIUM
893 172 964 201 LIB.
988 172 1054 201 XV.

128 247 209 279 toris
233 256 252 279 a
274 247 380 279 Cassio
405 247 523 288 milite,
550 247 608 289 qui
624 247 666 279 ob
684 248 805 289 insigne
827 250 971 290 corporis
993 249 1090 281 robur
1111 249 1256 290 astabat,
1276 251 1447 292 corripitur

127 294 342 335 vinciturque.

168 346 287 374 LXVII.
319 347 392 374 Mox
414 343 589 374 eorundem
617 342 737 374 indicio
759 343 890 376 Subrius
910 344 1040 376 Flavius
1067 345 1217 376 tribunus
1238 345 1445 387 pervertitur,

126 389 232 430 primo
246 389 564 422 dissimilitudinem
580 398 715 422 morum
737 390 776 422 ad
795 391 1010 424 defensionem
1028 392 1177 431 trahens,
1205 400 1310 432 neque
1324 401 1359 424 se
1381 401 1447 425 ar·-

125 438 262 468 matum
274 446 352 468 cum
367 437 553 468 inermibus
568 439 600 468 et
616 437 828 477 effemmatis
846 441 980 471 tantum
994 439 1137 479 facinus
1153 441 1425 471 consociaturum
1434 451 1447 480 ‚-

124 482 217 523 dein,
242 486 412 523 postquam
433 483 618 524 urgebatur,
641 486 851 517 confessionis
871 487 1003 526 gloriam
1019 486 1199 527 amplexus,
1215 486 1447 526 interrogatus-

124 539 187 570 que
204 540 221 561 a
238 535 363 562 Nerone
377 530 496 571 quibus
513 532 619 563 causis
632 532 671 563 ad
690 532 885 564 oblivionem
908 533 1099 565 sacramenti
1115 533 1341 574 processisset,
1366 532 1447 565 Ode-

123 585 201 609 ram
219 580 267 618 te,
292 579 418 618 inquit3
444 586 503 610 nec
518 580 700 620 quisquam
717 580 924 620 tibi-fidelior
940 581 1091 612 militum
1108 580 1205 620 ficit,
1234 580 1317 611 dum
1330 581 1447 612 amari

121 627 292 656 meruisti.
308 625 415 657 odisse
431 627 535 665 erupi,
551 628 736 668 postquam
746 627 934 668 parricida
950 629 1074 659 matris
1093 630 1126 659 ec
1138 629 1256 659 uxoris
1270 629 1302 657 et
1315 629 1446 668 auriqa

122 674 157 703 et
171 672 292 703 histrio
310 675 342 703 ei
360 673 592 704 incendiarius
609 676 783 706 exstitisti.
812 675 879 714 ipsa
902 675 996 705 retuli
1017 675 1128 708 verba,
1147 675 1222 715 quia
1240 683 1302 705 non
1314 698 1322 713 ,
1341 676 1377 705 ut
1392 677 1444 706 Se-

122 727 232 759 necae,
258 719 386 759 vulgata
404 723 494 751 erant
512 730 518 751 :
539 729 599 752 nec
614 721 722 753 minus
749 722 837 753 nosci
867 721 999 752 decebat
1023 721 1170 752 militaris
1191 721 1250 751 viri
1265 729 1378 751 sensus
1398 721 1445 752 in-

120 769 265 806 comptos
281 770 313 797 et
325 767 454 799 validos.
472 768 552 799 nihil
565 768 599 800 in
614 768 668 800 illa
686 769 906 809 conjuratione
920 768 1048 808 gravius
1065 768 1196 799 auribus
1212 767 1346 799 Neronis
1363 768 1444 798 acci-

120 812 206 844 disse
223 814 386 854 constitit,
412 815 466 855 qui
493 817 528 847 ut
552 816 704 847 faciendis
730 817 906 849 sceleribus
933 818 1121 856 promptus,
1136 815 1180 846 ita
1202 814 1351 846 audiendi
1367 823 1443 854 qnae

120 860 239 892 faceret
266 861 406 893 insolens
433 865 511 894 erat.
542 867 638 894 Poena
664 864 763 895 Flavii
791 864 912 896 Veiano
934 864 1031 904 Nigro
1057 863 1186 893 tribuno
1213 861 1392 893 mandatur.
1414 861 1444 892 is

122 908 270 947 proximo
284 909 315 939 iu
331 918 408 949 agro
424 909 571 941 scrobem
595 910 690 942 effodi
701 911 797 950 jussit
809 936 818 951 ‚
837 920 934 951 quam
951 911 1053 942 visam
1070 910 1197 941 Flavius
1220 911 1255 940 ut
1278 909 1443 940 humilem

119 957 153 986 et
179 957 364 995 anqustam
389 956 574 997 increpans,
607 958 893 990 circumstantibus
915 957 1091 996 militibus,
1115 958 1166 988 Ne
1189 955 1249 987 noc
1277 955 1439 995 quictem,

121 1000 244 1042 inquit,
259 1011 301 1033 ex
319 1003 515 1044 disciplina.
539 1005 785 1045 admonitusque
804 1005 932 1037 sortiter
947 1004 1137 1046 protendere
1154 1003 1312 1034 cervicem
1324 1027 1332 1036 ,
1365 1003 1440 1033 Uti·-

119 1056 223 1086 nam,
240 1049 306 1089 ait,
325 1052 362 1081 iii
378 1051 727 1091 tamsortiterferias
742 1052 763 1080 ¹.
791 1053 823 1082 et
847 1052 899 1083 ille
928 1052 1066 1083 multum
1083 1054 1222 1082 tremens
1235 1075 1243 1089 ‚
1266 1057 1366 1090 quum
1384 1057 1440 1081 Vix

118 1096 246 1128 duobus
264 1096 383 1128 ictibus
399 1101 496 1137 caput
512 1099 745 1139 amputavisset
757 1123 766 1138 ‚
783 1099 941 1130 saevitiam
958 1098 1044 1139 apud
1056 1102 1214 1130 Neronem
1225 1096 1378 1137 jactavit,
1391 1103 1441 1128 se·

117 1144 302 1184 sq‘iiipiaqa
321 1143 332 1160 ²
355 1144 575 1183 interfectum
590 1140 611 1177 a
628 1154 663 1176 se
678 1144 825 1177 dicendo.

157 1191 294 1221 LXVIII.
320 1191 505 1222 Proximum
536 1192 725 1224 constantiae
753 1192 936 1232 exemplum
969 1191 1131 1232 Sulpicius
1162 1194 1261 1232 Asper
1294 1189 1440 1223 centurio

118 1236 278 1277 praebuit,
294 1239 514 1278 percunctanti
534 1239 651 1270 Neroni
668 1241 778 1270 curin
796 1239 921 1271 caedem
940 1247 1042 1271 suam
1062 1239 1357 1279 conspiravisset?
1369 1237 1441 1270 bre·-

115 1283 199 1315 viter
216 1285 413 1325 respondens
428 1294 494 1317 non
508 1286 613 1317 aliter
629 1288 677 1317 tot
691 1285 844 1326 flayitiis
858 1287 931 1326 ejzis
952 1286 1125 1318 subveniri
1148 1287 1299 1326 potuisse
1315 1284 1339 1314 ¹.
1365 1286 1438 1316 tum

112 1330 237 1371 jussam
256 1333 507 1371 poenamsubiit.
527 1338 591 1365 Nec
607 1334 703 1365 ceteri
733 1334 937 1365 centuriones
965 1334 997 1366 in
1025 1333 1241 1375 perpetiendis
1271 1331 1438 1373 suppliciis

116 1378 361 1417 degeneravere.
389 1382 430 1411 At
455 1390 519 1411 non
549 1381 644 1412 Fenio
669 1381 750 1412 Ruso
776 1390 831 1421 par
850 1383 996 1421 animus,
1024 1382 1077 1414 sed
1099 1381 1344 1412 lamentationes
1360 1389 1437 1412 suas

115 1424 211 1456 etiam
229 1425 261 1456 in
282 1428 512 1458 testamentum
528 1428 674 1459 contulit.
697 1429 929 1468 Opperiebatur
954 1433 1036 1461 Nero
1065 1430 1102 1460 ut
1126 1428 1278 1460 Vestinus
1307 1435 1437 1467 quoque

114 1472 226 1503 consul
247 1473 278 1503 in
299 1474 420 1505 crimen
438 1475 631 1514 traheretur,
648 1475 824 1507 violentum
842 1477 874 1507 et
890 1476 1049 1507 infensum
1071 1478 1157 1507 ratus
1176 1485 1182 1505 :
1201 1475 1253 1505 sed
1269 1483 1306 1505 ex
1322 1474 1436 1513 conJu-

115 1518 193 1550 ratis
210 1521 342 1552 consilia
358 1530 432 1552 cum
448 1522 582 1553 Vestino
602 1531 666 1553 non
680 1523 878 1554 miscuerant
890 1523 1020 1563 quidam
1034 1523 1170 1555 vetustis
1187 1522 1219 1552 in
1233 1530 1306 1553 eum
1326 1521 1437 1553 simul-

112 1566 257 1605 tatibus,
293 1568 400 1607 plures
413 1592 421 1607 ,
442 1569 517 1609 qnia
546 1570 744 1609 praecipitem
775 1572 806 1601 et
834 1570 1054 1601 insociabilem
1082 1569 1264 1601 credebant.
1292 1569 1434 1600 ceterum

112 1614 247 1645 Neronis
262 1613 372 1646 odium
390 1616 544 1647 adversus
557 1617 722 1647 Vestinum
742 1625 779 1647 ex
796 1616 908 1648 intima
930 1617 1100 1648 sodalitate
1112 1617 1269 1656 emperat,
1285 1615 1364 1646 dum
1380 1615 1433 1646 hic

111 1660 271 1700 ignaviam
286 1661 444 1702 Principis
459 1663 585 1702 penitus
602 1663 763 1703 cognitam
779 1663 915 1703 despicit
929 1687 938 1703 ,
955 1663 1008 1695 ille
1024 1663 1174 1695 ferociam
1196 1662 1290 1693 amici
1315 1661 1434 1694 metuit

111 1715 196 1747 saepe
212 1708 333 1748 asperis
347 1709 470 1740 facetiis
486 1709 618 1749 illusus,
645 1719 716 1750 quae
733 1709 786 1740 ubi
801 1710 939 1741 multum
952 1719 992 1742 ex
1004 1719 1083 1742 vero
1096 1712 1241 1749 traxere,
1258 1718 1365 1741 acrem
1382 1709 1432 1741 sui

110 1754 297 1785 memoriam
316 1755 510 1795 relinquunt.
530 1758 705 1788 accesserat
722 1765 830 1788 recens
848 1756 859 1774 ²
877 1765 991 1796 causa,
1006 1757 1092 1797 quod
1106 1756 1257 1788 Vestinus
1273 1757 1430 1788 Statiliam

110 1801 311 1832 Messalinam
334 1802 539 1834 matrimonio
560 1803 619 1834 sibi
634 1803 803 1844 junxerat,
827 1804 914 1835 haud
934 1805 1061 1837 nescius
1083 1804 1166 1836 inter
1187 1804 1348 1836 adulteros
1362 1804 1431 1845 eius

111 1848 143 1880 et
158 1849 318 1880 Caesarem
337 1858 415 1880 esse.

149 1898 250 1927 LXIX.
277 1895 376 1936 Igitur
399 1905 464 1927 non
490 1897 644 1937 crimine,
673 1906 738 1929 non
756 1899 942 1930 accusatore
961 1898 1136 1930 exsistente
1148 1922 1164 1937 ,,
1181 1899 1254 1938 quia
1269 1899 1424 1939 speciem¹

108 1942 237 1974 indiciis
251 1943 387 1974 induere
406 1952 469 1975 non
486 1946 630 1984 poterat,
649 1945 688 1975 ad
707 1945 772 1976 vim
789 1945 1018 1977 dominationis
1031 1954 1206 1977 conversus
1228 1946 1429 1978 Gerellanum

108 1989 273 2021 tribunum
296 1999 369 2021 cum
396 1991 529 2023 cohorte
563 1991 703 2023 militum
726 1992 870 2024 immittit
891 1993 1045 2033 jubetque
1070 1994 1262 2033 proevenire
1288 1995 1430 2026 conatus

106 2037 255 2068 consulis
269 2061 276 2076 ‚
299 2046 466 2078 occupare
482 2038 576 2071 velut
593 2048 708 2071 arcem
721 2040 807 2080 ejus,
821 2042 1011 2080 opprimere
1022 2040 1190 2072 delectam
1195 2040 1426 2079 juven-tutem,

107 2082 181 2120 quia
198 2084 347 2116 Vestinus
361 2085 568 2118 imminentes
591 2086 661 2118 foro
680 2086 766 2118 aedes
782 2087 962 2127 decoraque
974 2088 1104 2119 servitia
1125 2089 1157 2118 et
1176 2087 1243 2127 pari
1260 2088 1356 2118 aetate
1373 2087 1425 2117 ha-

107 2128 215 2161 behat.
231 2134 347 2163 cuncta
358 2141 396 2164 eo
415 2133 466 2165 die
481 2134 594 2165 munia
606 2134 743 2166 consulis
756 2134 946 2175 impleverat
960 2134 1211 2174 conviviumque
1227 2133 1425 2175 celebrabat,

107 2176 185 2207 nihil
207 2179 373 2220 metuens,
390 2189 429 2211 an
448 2181 680 2213 dissimulando
694 2183 783 2214 metu
795 2206 805 2222 ,
821 2190 922 2222 quum
937 2181 1069 2221 ingressi
1084 2181 1200 2213 milites
1213 2183 1330 2213 vocari
1348 2190 1426 2213 eum

138 2257 239 2281 LXVII.
256 2263 276 2281 ι.
300 2258 362 2282 scil.
386 2264 465 2288 quam
486 2266 537 2290 ego
561 2261 669 2286 tormer
685 2262 819 2286 cervicem
838 2261 1014 2292 protende-ro.
1028 2266 1090 2286 -2.
1106 2261 1164 2286 Ictu
1186 2268 1240 2286 uno
1258 2263 1286 2286 et
1304 2261 1423 2287 dimidio.

108 2290 235 2319 Caligulae
249 2292 350 2316 dictum
365 2294 482 2319 refertur
495 2302 500 2319 :
515 2297 559 2320 Ita
570 2296 641 2325 seri,
657 2299 691 2321 ‘eit
707 2297 781 2321 mori
794 2303 822 2321 se
833 2298 946 2322 sentiat.

137 2326 252 2351 LXVIII.
269 2334 286 2351 I.
314 2329 474 2353 Suetonius:
491 2332 584 2355 Alam·
596 2338 624 2356 se
640 2333 685 2356 illi
711 2339 767 2356 non
790 2339 876 2362 posse,
894 2333 924 2357 ni
936 2333 1034 2361 morte,
1049 2338 1230 2361 succurrere,
1253 2333 1423 2358 dedecorato

103 2360 232 2391 flagitiis
244 2364 381 2388 omnibns.
396 2366 443 2388 Ino
460 2372 464 2388 :
479 2361 591 2398 Ἄλλως
617 2374 666 2394 σοι
691 2364 841 2403 βοηθῆσαι
856 2363 912 2395 οὐκ
931 2364 1147 2403 ἠδυνάμην.-2
1168 2370 1325 2400 Repentina,
1341 2371 1370 2394 ut
1380 2370 1419 2397 VI.

106 2401 128 2424 1,
147 2399 201 2422 not.
215 2403 239 2421 2.
252 2399 355 2423 statilia
371 2401 463 2429 postca
477 2402 591 2425 Neronis
602 2409 669 2427 uxor
681 2404 760 2427 facta.

134 2431 224 2457 LXIX.
243 2438 262 2457 ι.
274 2435 315 2459 Sc.
331 2436 518 2460 veritatis—2.
529 2438 571 2461 Sc.
583 2444 597 2461 a
610 2439 774 2467 custodibus
789 2445 842 2463 non
855 2440 969 2470 amplius
983 2440 1158 2465 curabantur.
