1539 2668
99 193 162 223 486
559 195 582 223 C
618 194 805 223 CORNELII
828 196 959 225 TACITI

99 265 232 298 Archias
252 266 373 298 faciunt
398 275 406 296 ε
428 265 564 297 Catilina
587 267 620 297 et
643 266 720 297 Milo
735 268 770 298 et
783 270 899 299 Verres
919 269 951 299 et
972 268 1130 300 Antonius
1147 269 1289 302 hancilli
1306 269 1425 306 famam

98 313 417 344 circumdede1·unt⁶.
441 322 507 344 non
530 313 605 353 quia
626 313 710 344 tanti
733 313 794 345 fuit
807 313 816 331 ⁷
836 314 1023 355 reipublicae
1041 316 1144 348 malos
1162 317 1245 349 ferre
1262 320 1349 352 cives
1362 345 1370 361 ,
1390 324 1428 354 ut

99 361 230 392 uberem
249 360 289 391 ad
306 361 480 391 dicendum
498 360 668 391 materiam
688 363 833 393 oratores
853 361 1028 402 liaberent3
1050 364 1106 394 sed
1120 388 1128 403 ‚
1151 365 1188 395 ut
1210 366 1346 399 subinde
1369 368 1428 400 ad·
1457 403 1459 406 r

98 416 236 446 moneo,
264 408 455 447 quaestionis
477 407 738 447 meminerimus,
762 409 969 450 sciamusque
985 419 1044 442 nos
1060 411 1100 442 de
1117 420 1153 442 ea
1170 421 1205 443 re
1222 413 1329 454 loqui,
1354 424 1428 455 quae
1455 406 1459 420 ²

98 454 225 486 facilins
242 456 385 487 turbidis
403 457 435 487 et
453 455 604 495 inquietis
629 456 831 496 temporibus
852 458 986 490 exstitit.
1006 459 1085 498 Quis
1108 459 1235 499 ignorat
1260 463 1371 495 utilius
1391 474 1430 498 ac
1454 497 1456 500 ,

99 502 214 534 melius
227 512 295 534 esse
311 504 372 534 frui
394 512 471 543 pace
488 511 585 542 quam
602 503 685 533 bello
702 504 839 535 vexari?
857 504 964 543 plures
980 507 1090 537 tamen
1110 506 1211 539 bonos
1231 510 1429 548 proeliatores

98 547 183 580 bella
207 559 306 589 quam
338 560 398 590 pax
432 550 552 581 ferunt.
579 549 692 581 similis
714 551 905 590 eloquentiae
930 552 1085 584 conditio.
1114 562 1188 585 nam
1213 564 1277 595 quo
1310 559 1430 599 saepius

98 596 225 628 steterit
246 600 413 637 tamquam
437 597 470 627 in
488 597 577 636 acie,
601 606 730 637 quoque
753 598 861 638 plures
882 600 914 629 et
930 599 1078 631 intulerit
1097 601 1182 632 ictus
1200 605 1231 632 et
1252 607 1429 646 exceperit,
1452 625 1455 634 .

98 651 164 681 quo
187 644 289 683 major
315 645 519 675 adversarius
536 644 591 675 et⁸
620 644 761 676 acriores
775 653 898 685 pugnas
921 646 983 677 sibi
1002 646 1071 686 ipsa
1086 647 1323 690 desumpserit,
1337 652 1430 684 tanto
1457 686 1459 688 ,

98 689 194 721 altior
215 693 248 722 et
268 692 428 722 excelsior
447 694 479 723 et
500 691 564 723 illis
586 691 755 722 nobilitata
776 692 1018 725 discriminibus
1036 693 1070 724 in
1087 702 1141 725 ore
1159 695 1329 728 hominum
1344 700 1428 740 agit,
1458 700 1462 720 ’-

99 744 240 775 quorum
259 748 296 769 ea
313 742 429 770 natura
447 748 500 778 eS‚
516 740 552 770 ut
568 739 597 755 Α*
611 739 622 756 ⁹
640 747 755 770 secura
770 740 882 772 velint.

141 788 306 816 XXXVIII.
327 799 341 812 «ι
356 790 497 817 'transeo
514 786 553 817 ad
570 786 705 817 sormam
723 790 754 818 et
770 786 1038 818 consuetudinem
1052 788 1199 820 veterum
1212 789 1428 834 judiciorum3

97 840 172 870 quae
192 835 253 863 etsi
273 843 359 864 nunc
377 835 482 873 aptior
501 836 549 864 est
570 834 717 873 veritati,
736 835 955 874 eloquentiam
972 836 1079 866 tamen
1097 835 1176 866 illud
1197 837 1302 869 forum
1325 841 1430 880 magis

97 880 287 919 exercebat,
308 881 340 911 in
360 890 424 921 quo
447 890 543 912 nemo
557 881 643 912 intra
658 882 871 921 paucissimas
885 882 981 913 horas
997 882 1003 899 ¹
1028 891 1178 922 perorare
1195 885 1382 927 cogebatur,
1397 891 1431 920 et

95 925 208 958 liberae
231 929 591 967 comperendinationes
605 928 615 946 ²
644 932 756 967 erant,
781 932 813 960 et
834 929 970 960 modum
993 929 1122 961 dicendi
1145 931 1207 962 sibi
1225 933 1360 973 quisque
1376 943 1428 965 su-

98 973 228 1014 mebat,
252 977 284 1005 et
307 985 460 1007 numerus
482 985 586 1015 neque
603 976 728 1007 dierum
750 985 854 1016 neque
876 979 1088 1016 patronorum
1107 978 1287 1009 finiebatur.
1306 981 1430 1020 primus

98 1020 168 1051 baec
180 1023 275 1054 tertio
292 1024 462 1054 consulatu
478 1028 534 1055 Cn.
554 1023 749 1062 Pompeius³
769 1024 954 1062 adstrinxit,
972 1025 1192 1064 imposuitque
1206 1026 1305 1057 veluti
1324 1027 1431 1059 frenos

97 1067 314 1111 eloquentiiQ
342 1072 388 1102 ita
410 1073 519 1102 tamen
544 1073 580 1102 ut
604 1071 712 1101 omnia
736 1071 769 1101 in
795 1072 884 1109 soro,
909 1071 1019 1102 omnia
1042 1071 1184 1110 legibus,
1210 1073 1319 1104 onmia
1343 1075 1431 1114 apud

97 1118 254 1154 praetores
279 1121 491 1157 gcrcrentur3
518 1118 603 1158 apud
628 1127 707 1158 quos
733 1121 855 1157 quanto
880 1119 1003 1157 majora
1028 1119 1159 1157 negotia
1184 1120 1261 1150 olim
1289 1121 1433 1153 exerceri

98 1162 191 1193 solita
218 1165 301 1203 sint,
328 1165 414 1205 quod
437 1165 541 1203 majus
567 1167 795 1203 argumentum
816 1168 863 1196 est
887 1174 985 1204 quam
1008 1166 1094 1206 quod
1119 1175 1227 1197 causae
1252 1169 1430 1200 centumvi-

98 1209 216 1249 rales⁴‚
231 1220 305 1250 quae
324 1221 410 1243 nunc
430 1212 574 1251 primum
594 1212 743 1243 obtinent
761 1213 867 1243 locum
880 1236 888 1251 ‚
911 1213 991 1244 adeo
1010 1213 1181 1253 splendore
1200 1214 1336 1246 aliorum
1348 1215 1432 1255 judi·

98 1256 224 1289 ciorum
239 1259 475 1297 obruebantur,
491 1261 526 1290 ut
540 1268 646 1299 neque
663 1260 828 1291 Ciceronis
842 1268 946 1300 neque
959 1261 1094 1292 Caesaris
1107 1270 1212 1301 neque
1225 1262 1313 1293 Bruti
1326 1271 1433 1303 neque

98 1304 189 1336 coelii
208 1315 312 1346 neque
331 1307 417 1338 Calvi
432 1331 440 1346 ,
459 1316 524 1337 non
542 1306 682 1347 denique
699 1307 798 1339 ullius
815 1308 923 1348 magni
940 1308 1076 1339 oratoris
1091 1308 1171 1340 liber
1188 1309 1273 1349 apud
1290 1312 1434 1342 centum-

99 1352 185 1383 viros
206 1352 313 1384 dictus
333 1354 472 1393 legatur,
495 1355 641 1394 exceptis
660 1355 861 1386 orationibus
883 1355 981 1386 Asinii
1003 1364 1076 1395 quae
1100 1365 1156 1396 pro
1181 1356 1353 1388 heredibus
1374 1361 1432 1388 Ur·

98 1398 196 1430 biniae
220 1400 481 1442 inscribuntur-⁵,
503 1402 544 1433 ab
562 1403 631 1442 ipso
647 1404 755 1433 tamen
774 1403 918 1434 Pollione
935 1403 1048 1434 mediis
1065 1404 1131 1434 divi
1151 1405 1284 1444 Augusti
1308 1407 1431 1444 tempo-

98 1446 191 1478 ribus
205 1447 336 1487 habitae‚
352 1452 526 1490 postquam
541 1451 633 1489 longa
648 1452 831 1490 temporum
845 1450 935 1490 quies
949 1454 981 1481 et
995 1452 1188 1482 continuum
1203 1452 1313 1492 populi
1327 1452 1432 1484 otium

99 1495 132 1524 et
160 1495 288 1526 assidua
318 1501 447 1527 senatus
475 1498 694 1537 tranquillitas
723 1500 755 1529 et
785 1498 919 1529 maximi
947 1498 1104 1538 Principis
1129 1499 1298 1538 disciplina
1328 1500 1431 1540 ipsam

99 1550 229 1581 quoque
245 1542 463 1582 eloquentiam
478 1569 486 1583 ,
505 1545 590 1576 sicut
607 1545 717 1575 onmia
733 1545 813 1585 alia,
832 1547 1015 1585 pacaverat.

141 1592 275 1620 XXXIX.
301 1603 315 1617 α
329 1595 466 1623 Parvum
483 1594 515 1623 et
532 1592 707 1623 ridiculum
727 1592 860 1623 sortasse
874 1592 1038 1622 videbitur
1059 1591 1144 1630 quod
1163 1592 1310 1622 dicturus
1329 1601 1402 1623 sum
1423 1603 1431 1623 :

97 1634 205 1667 dicam
232 1639 363 1676 tamen,
383 1639 433 1669 vel
458 1639 530 1670 ideo
552 1641 589 1670 ut
612 1639 768 1670 rideatur.
796 1641 956 1678 quantum
980 1638 1171 1669 humilitatis
1191 1640 1344 1678 putamus
1365 1639 1432 1670 elo-

99 1683 242 1721 quentiae
267 1685 417 1716 attulisse
440 1687 607 1725 paenulas¹
632 1686 731 1724 istas,
755 1686 874 1725 quibus
892 1685 1037 1716 adstricti
1064 1687 1096 1715 et
1116 1686 1204 1716 velut
1221 1685 1339 1716 inclusi
1356 1694 1431 1717 cum

96 1729 262 1768 judicibus
285 1731 489 1764 fabulamur?
511 1734 671 1773 quantum
694 1733 814 1763 virium
832 1733 1010 1764 detraxisse
1033 1732 1171 1762 orationi
1195 1732 1377 1763 auditoria²
1400 1735 1434 1764 et

98 1775 256 1808 tabularia
268 1777 279 1795 ³
296 1778 472 1819 credimus,
487 1780 520 1810 in
537 1779 655 1820 quibus
669 1779 735 1819 jam
751 1780 817 1810 sere
834 1779 982 1819 plurimae
996 1788 1103 1810 causae
1119 1779 1342 1819 explicantur?
1357 1788 1433 1811 nam

99 1824 265 1862 quomodo
289 1826 417 1857 nobiles
442 1836 542 1867 equos
563 1836 679 1858 cursus
700 1829 733 1858 et
752 1826 879 1866 spatia⁴
910 1826 1069 1867 probant,
1091 1827 1138 1857 sic
1157 1829 1205 1858 est
1227 1826 1342 1867 aliquis
1362 1836 1432 1859 ora-

98 1871 208 1902 torum
227 1880 373 1912 campus,
392 1882 447 1913 per
461 1883 556 1914 quem
571 1874 634 1905 nisi
651 1873 743 1905 liberi
760 1877 792 1905 et
805 1874 903 1905 soluti
920 1874 1076 1913 serantur,
1091 1873 1281 1905 debilitatur
1296 1883 1332 1905 ac
1346 1874 1433 1906 sran-

100 1917 188 1957 gitur
213 1919 411 1959 eloquentia.
431 1921 534 1960 ipsam
551 1921 632 1960 quin
649 1921 750 1952 immo
772 1929 884 1952 curam
908 1923 940 1952 et
964 1920 1127 1960 diligentis
1149 1920 1214 1952 stili
1236 1921 1433 1953 anxietatem

101 2036 336 2065 Demophontem,
351 2037 542 2067 Therippidcn.
565 2039 679 2062 Exstant
702 2037 839 2062 orationes
862 2038 917 2061 tres
938 2037 964 2060 in
990 2036 1138 2066 Aphobum.
1150 2042 1210 2061 —c.
1228 2037 1379 2067 Supersunt
1394 2038 1435 2062 hae

100 2066 240 2088 orationes
253 2067 392 2090 Ciceronis
406 2073 545 2091 omnes.-
557 2074 579 2092 ⁷.
597 2069 662 2092 Tam
675 2067 740 2091 utile
754 2067 813 2091 fuit.
824 2080 853 2084 —
863 2072 884 2090 a.
898 2066 997 2096 supple
1013 2072 1146 2096 qua—a.
1163 2067 1342 2092 Probabiliter
1358 2067 1434 2091 addi-

100 2101 156 2127 tur,
170 2099 263 2124 dubia
277 2101 423 2131 (pericula)
439 2103 568 2131 laudent,
582 2108 635 2127 see.

130 2141 278 2166 XXXVIII.
296 2148 315 2165 ι.
330 2144 459 2168 Nimirum
475 2151 508 2168 ex
526 2144 586 2174 lege
599 2144 741 2174 Pompeia,
756 2146 900 2168 accusator
914 2144 984 2167 intra
1000 2143 1080 2171 duaS,
1095 2148 1157 2166 reus
1177 2142 1248 2166 intra
1266 2144 1322 2166 tres
1335 2142 1416 2166 horas
1427 2161 1433 2172 ,

101 2177 251 2200 secundum
268 2178 438 2208 clepsydram
453 2180 479 2203 in
496 2180 600 2209 judicio
619 2180 743 2209 positam.
757 2192 785 2196 —
796 2185 818 2202 2.
833 2179 982 2203 Dilationes
995 2184 1085 2202 rerum
1103 2178 1131 2202 in
1150 2178 1220 2202 diem
1240 2178 1434 2208 perendinum,

99 2210 118 2236 i.
137 2217 162 2235 e.
182 2213 302 2236 tertium.
315 2220 374 2237 —-.·‚.
390 2216 468 2239 Anno
482 2215 510 2239 U.
526 2220 585 2244 ⁷02,
600 2221 653 2245 quo
671 2215 815 2245 Pompeius
834 2215 934 2239 consul
953 2214 1134 2243 corr-mendis
1150 2213 1277 2237 moribus
1294 2213 1433 2240 delectus,

101 2246 180 2271 Ann-
203 2248 247 2276 ΠΙ,
259 2254 349 2273 28-—4.
365 2250 440 2274 conf.
461 2251 494 2274 ad
507 2256 530 2274 c.
549 2256 634 2274 7.-ες.
651 2252 688 2274 De
702 2251 798 2280 quibus
815 2256 839 2273 v.
858 2251 1032 2279 Fraqmenta
1047 2250 1205 2274 oratorum
1221 2254 1245 2277 p.
1260 2254 1302 2272 552
1312 2255 1370 2278 seq.

129 2283 255 2307 XXXIX.
273 2290 292 2308 ι.
304 2285 432 2309 Poenulis
444 2287 562 2315 primum
574 2286 722 2310 utebantur
736 2287 847 2311 Romani
861 2287 968 2316 quando
985 2286 1084 2310 itinera
1096 2284 1246 2313 faciebant,
1258 2290 1271 2307 a
1287 2285 1435 2308 Domitiani

101 2318 161 2343 tere
181 2319 351 2348 temporibus
370 2320 397 2344 in
419 2321 475 2350 ipsa
490 2322 570 2345 etiam
591 2321 669 2345 Urba
686 2323 723 2345 De
743 2328 792 2345 usu
811 2327 902 2345 earum
922 2322 949 2345 in
965 2321 1071 2350 judiciis
1090 2320 1161 2343 nulla
1182 2320 1246 2343 sunt
1261 2320 1434 2343 testimonia:

103 2352 189 2377 simile
203 2355 281 2378 certe
300 2355 411 2384 paenulis
430 2358 620 2380 vestimentum
641 2357 839 2381 causidicorum
856 2357 908 2381 hoe
923 2357 984 2380 loco
1006 2355 1252 2385 significatum—2.
1273 2356 1303 2379 ln
1321 2355 1434 2384 privatis

101 2388 203 2413 aedibus
225 2389 259 2414 ad
276 2391 453 2415 recitationes
475 2392 739 2422 declamationesque
759 2393 907 2417 audiendas
921 2393 1087 2417 constructa.
1097 2404 1123 2408 —
1136 2396 1159 2414 5.
1184 2391 1234 2414 Les
1247 2389 1390 2418 aramve-3,
1405 2391 1435 2428 in

102 2422 199 2452 quibus
212 2424 318 2450 tabuloe
335 2425 452 2455 publicae
466 2426 565 2457 (leges,
580 2428 824 2458 senatusconsulta,
843 2428 945 2455 edicta,
962 2426 1027 2455 etc.)
1041 2425 1298 2449 asservabantur.-
1308 2430 1330 2450 ⁴.
1341 2425 1434 2450 Curri-
