1539 2668
491 178 538 205 A.
562 177 602 205 U.
626 175 666 206 C>
689 176 827 205 815„A..
846 176 882 205 C.
906 177 957 206 62.
1318 174 1393 205 ,235

67 255 114 297 (et
128 254 220 286 erant
236 260 318 293 quos
330 251 473 292 pericula
488 250 624 282 fratrum
636 254 693 282 aut
704 250 961 292 propinquorum
977 249 1119 292 propriis
1127 249 1275 282 stimulis?
1284 249 1394 283 inoen-

68 302 195 341 derent)
207 299 396 332 continuum
420 299 474 329 diu
485 297 680 338 *noctuque
697 299 757 330 iter
769 298 994 340 properabant.

107 353 191 381 XIII.
214 352 321 388 quue
340 347 496 378 intentius
512 346 686 386 Vologeses
701 355 845 387 premere
863 346 1026 386 obsessos,
1045 344 1143 377 modo
1160 345 1282 377 vallum
1297 344 1393 385 legio-

66 405 166 436 num,
188 395 286 427 modo
309 395 497 432 castellum,
521 402 586 434 quo
604 394 742 425 imbellis
759 398 835 426 aetas
851 393 1095 433 defendebatur,
1118 401 1314 433 impugnare,
1324 401 1395 433 pro·
1420 387 1424 419 ἶ

65 444 142 485 pius
169 443 323 474 incedens
343 451 441 481 quam
467 451 538 473 mos
555 442 697 480 Parthis,
715 442 741 473 si
761 442 766 459 ¹
795 451 832 473 ea
846 441 1030 474 temeritate
1055 440 1182 472 hostem
1198 440 1229 471 in
1248 441 1397 480 proelium

65 492 206 525 eliceret.
229 491 263 521 at
287 489 330 520 illi
355 489 409 519 vix
433 488 678 520 contuberniis2
704 489 841 521 extracti
869 498 929 520 nec
952 487 1040 520 aliud
1068 496 1167 528 quam
1192 488 1398 518 munimenta

65 537 330 579 propugnabant,
350 545 422 577 pars
435 538 525 576 jussu
539 536 631 567 ducis
644 560 653 575 ,
668 539 700 567 et
723 536 775 567 alii
793 537 924 577 propria
943 535 1091 575 ignavia,
1107 536 1164 566 aut
1180 535 1397 567 Corbulonem

65 585 271 624 opperientes
284 608 293 624 ,
321 592 359 615 ac
379 584 405 614 si
422 583 471 614 vis
488 583 668 623 ingrueret,
684 583 824 623 provisis
838 583 849 601 3
866 582 1023 623 exemplis
1037 581 1192 614 Caudinae
1207 591 1244 613 ac
1258 586 1399 614 Numan-

65 630 144 663 tinae
167 631 279 663 cladis.
322 640 428 671 neque
453 631 597 662 eandem
620 632 689 661 vim
719 631 948 669 Samnitibus,
973 630 1100 661 Italico
1125 630 1258 669 populo
1275 629 1303 669 ⁴,
1334 632 1400 661 αιιΐ

66 679 182 709 Poem's
198 679 210 696 ⁵
229 687 271 710 ac
284 680 426 710 Romani
445 680 578 718 imperii
597 678 744 709 aemulis.
767 677 928 709 validam
941 678 1122 718 quoqueet
1139 676 1326 708 laudatam
1341 686 1398 708 an-

21 726 25 733 '
67 726 265 766 tiquilatem
285 726 312 765 ⁶,
330 726 620 765 quociessortuna
635 727 757 757 contra
774 725 877 756 clarel
895 724 922 765 ⁷,
946 725 1058 756 saluti
1074 725 1286 756 consuluisse
1301 724 1324 754 ⁸.
1338 733 1402 764 qua

67 773 292 813 desperatione
305 775 467 804 exercitus
483 773 548 804 dux
573 773 730 804 subactus
745 773 868 813 primas
889 774 1000 804 tamen
1021 772 1146 803 litteras
1168 772 1208 803 ad
1225 772 1402 811 Vologesen

66 828 132 851 non
148 820 327 860 supplices,
343 821 399 851 sed
415 821 446 850 in
462 820 595 851 niodum
609 820 772 860 querentis
784 819 991 859 composuit,
1010 832 1026 846 «
1040 819 1127 859 quod
1145 828 1202 858 pro
1219 819 1379 850 Armeniis
1390 842 1400 858 ,

68 878 84 894 «
105 874 233 907 semper
247 871 402 898 Romanae
418 867 550 897 ditionis
562 890 571 905 ,
586 870 642 898 aut
658 866 812 906 subjectis
828 866 894 905 regi
912 875 1009 905 quem
1024 868 1207 906 Imperator
1218 866 1401 906 delegisset,

69 925 87 941 a
104 913 234 946 hostilia
252 914 369 945 faceret
388 924 395 945 ε
416 923 526 955 pacem
542 924 581 945 ex
595 923 689 954 aequo
706 914 718 931 ⁴³
738 913 864 945 utilem.
879 922 938 944 nec
952 914 1125 954 praesentia
1139 915 1266 945 tantum
1279 916 1403 954 specta-

68 971 86 987 «
105 963 166 993 ret.
185 962 294 1002 ipsum
307 962 464 993 adversus
480 962 560 993 duas
574 961 714 1001 legiones
734 961 810 992 totis
832 961 919 1001 regni
932 960 1058 991 viribus
1076 960 1244 993 advenisse
1260 971 1269 992 ε
1285 963 1320 992 at
1338 965 1402 993 Ro·

69 1020 86 1036 a
103 1009 208 1041 manis
223 1009 334 1041 orbem
351 1011 510 1040 terrarum
529 1009 688 1049 reliquum
699 1033 708 1048 ,
723 1017 788 1049 quo
806 1008 925 1040 bellum
937 1007 1099 1047 Juvarent.
1112 1020 1127 1035 n

110 1059 190 1087 xlv.
218 1056 267 1087 Ad
283 1066 319 1087 ea
335 1057 508 1095 vologeses
533 1057 613 1088 nihil
632 1066 689 1096 pro
715 1065 814 1088 causa
827 1080 835 1095 ,
860 1055 916 1087 sed
947 1055 1174 1096 opperiendos
1189 1055 1252 1087 sibi·
1261 1055 1402 1095 fratres

68 1104 245 1134 Pacorum
266 1112 308 1135 ac
332 1104 511 1135 Tiridaten
533 1104 718 1144 rescripsit;
744 1117 759 1130 «ι
775 1104 867 1134 illum
890 1103 1018 1134 locum¹
1053 1107 1245 1143 tempusque
1270 1103 1404 1135 consilio

70 1162 87 1178 «
106 1149 305 1181 destinatum
319 1173 328 1190 ,
345 1159 410 1189 quo
427 1150 466 1181 de
480 1151 630 1181 Armenia
643 1154 833 1188 cei-nerent;
853 1150 1012 1190 adJecisse
1030 1150 1109 1182 deos
1125 1151 1259 1189 dignum
1275 1152 1404 1182 Arsaci-

71 1209 87 1224 «
105 1197 220 1228 darum
236 1196 262 1236 ²,
278 1197 374 1228 simul
399 1201 434 1228 ut
449 1197 491 1229 de
512 1197 689 1237 legionibus
705 1197 858 1229 Romanis
881 1199 1072 1228 statuerent.
1093 1210 1108 1224 n
1131 1198 1220 1229 Missi
1238 1198 1371 1238 posthac
1386 1205 1406 1228 a

69 1246 158 1277 Paeto
171 1244 277 1275 nuntii
295 1248 328 1275 et
345 1246 433 1285 reqis
456 1245 666 1285 colloquium
682 1245 840 1285 petitum,
854 1244 909 1284 qui
927 1245 1075 1275 Vasacen
1088 1244 1298 1284 praefectum
1311 1247 1405 1286 equi-

58 1293 164 1324 ·tatus
186 1293 239 1323 ‘ire
256 1291 364 1330 jussit.
392 1294 464 1322 tum
492 1296 598 1323 Paetus
623 1293 789 1324 Lucullos
804 1316 812 1331 ,
840 1294 1018 1331 Pompeios
1042 1293 1076 1322 el
1102 1294 1130 1322 si
1157 1301 1229 1332 qua
1252 1294 1405 1324 Coesares

70 1338 264 1371 oblinendoe
280 1338 491 1370 clonandcece
506 1341 677 1371 Amnenioe
692 1341 837 1379 efferant
849 1363 858 1378 ,
876 1342 1012 1369 Vasaces
1028 1340 1216 1378 {mmsinem
1231 1340 1405 1372 retinendi

72 1385 284 1425 larqiemlive
295 1394 400 1425 penes
414 1394 485 1425 7108,
501 1388 569 1417 vim
582 1394 688 1426 penes
701 1386 854 1417 Parthos
868 1386 1073 1417 memoravit.
1102 1389 1133 1416 et
1159 1387 1298 1417 multum
1322 1387 1406 1418 invi-

71 1440 144 1464 cem
156 1432 345 1473 disceptato‚
365 1433 560 1464 Monobazus
588 1433 775 1464 Adiabenus
797 1433 830 1464 in
852 1432 938 1464 diem
959 1437 1126 1473 posterum
1151 1434 1243 1465 testis
1268 1434 1308 1465 iis
1333 1443 1407 1474 quae

72 1479 268 1520 pepigissent
285 1480 468 1512 adhibetur.
496 1481 682 1521 placuitque
700 1480 845 1513 liberari
858 1480 1008 1512 subsidio
1026 1481 1172 1521 leqz‘ones
1196 1483 1230 1512 et
1244 1481 1407 1516 decedere

70 1535 204 1558 omnem
218 1527 356 1558 militem
364 1527 497 1568 finibus
511 1530 761 1567 Armeniorum,
773 1528 987 1569 castellaque
999 1530 1029 1559 el
1042 1530 1254 1560 commeatus
1265 1531 1407 1563 Parthis

73 1573 167 1605 tracia·
181 1584 191 1605 :
207 1574 330 1614 quibus
348 1576 564 1615 perpetratis
588 1577 687 1616 copia
708 1575 855 1615 Voloqesi
870 1574 977 1615 fieret
991 1575 1154 1607 mittendi
1174 1575 1221 1607 ud
1236 1578 1408 1609 Neronem

78 1620 221 1660 leyatos.

113 1669 182 1698 XV.
207 1668 339 1699 Interim
356 1668 482 1700 flumini
501 1670 648 1701 Arsaniae
665 1669 797 1710 (etenim
812 1670 840 1701 is
856 1671 961 1701 castra
971 1669 1175 1710 praefluebat)
1204 1672 1336 1710 pontem
1345 1672 1407 1703 im-

73 1715 200 1754 posuit,
219 1715 326 1755 specie
352 1716 413 1746 sibi
427 1716 506 1747 illud
524 1718 585 1748 iter
599 1716 800 1757 expedientis
820 1726 828 1747 :
852 1717 909 1748 sed
933 1717 1042 1748 Parthi
1063 1717 1153 1757 quasi
1177 1717 1409 1750 documentum

73 1761 218 1793 victoriae
231 1762 393 1801 jusserant
412 1773 418 1793 ε
437 1773 578 1803 namque
594 1764 632 1795 iis
648 1765 721 1795 usui
743 1764 816 1795 suit.
842 1765 944 1795 nostri
968 1773 1027 1804 per
1039 1764 1204 1796 diversum
1220 1765 1296 1797 iere.
1322 1766 1409 1798 addi-

75 1808 123 1841 dit
142 1818 254 1840 rumor
278 1811 340 1841 sub
356 1811 484 1851 juyum
497 1814 619 1843 missas
634 1812 785 1855 leqiones
797 1815 828 1844 et
843 1812 905 1843 alia
922 1821 962 1843 ex
978 1812 1075 1844 rebus
1091 1813 1254 1854 infaustis,
1269 1822 1410 1854 quorum

74 1855 285 1887 simulacrum
297 1856 339 1887 ab
355 1858 515 1889 Armeniis
537 1862 731 1898 usurpatum
757 1860 816 1890 est.
843 1867 985 1899 namque
1003 1861 1036 1891 et
1055 1861 1258 1891 munimenta
1274 1860 1412 1901 ingressi

77 1968 176 1991 mirum
193 1973 324 1992 numerus
340 1974 389 1998 pai·
402 1969 533 1993 retractis
547 1969 580 1993 ab
598 1970 721 1998 interitu,
737 1970 783 1999 qui
798 1971 878 1993 erant
889 1969 1012 2000 legiones
1025 1970 1146 1995 duae—⁴.
1157 1972 1290 1998 interdiu.

107 2003 176 2026 Xlll.
194 2009 215 2026 i.
233 2005 274 2026 An
292 2003 429 2027 torte—2.
445 2005 643 2028 Teutonis—5.
659 2007 758 2029 Amare
774 2006 877 2029 dictum
893 2012 901 2029 :
915 2005 1021 2030 s‘e'tant
1035 2012 1167 2036 pour-vus
1181 2007 1335 2032 de...Notae
1348 2012 1412 2033 sunt

59 2044 63 2048 ·
76 2038 169 2062 eludes
181 2039 301 2062 Caudina
315 2041 350 2065 (a.
368 2040 398 2063 U.
415 2042 470 2067 453)
489 2041 518 2064 et
537 2041 704 2064 Numantina
717 2044 753 2071 (a.
767 2041 829 2069 817),
842 2041 942 2070 quibus
961 2047 1064 2071 magnae
1081 2044 1166 2072 copiae
1179 2044 1364 2068 Romanorum
1377 2044 1410 2068 ab

77 2073 151 2096 omni
174 2075 253 2103 parte
287 2075 384 2098 cinctae
404 2077 431 2098 et
454 2075 607 2099 interclusae
640 2082 702 2099 cum
735 2076 884 2106 ignominia
910 2077 1023 2101 Romani
1048 2079 1165 2102 nominis
1184 2079 1219 2102 ad
1242 2079 1410 2103 deditionem

78 2108 328 2138 adigebantur.—⁴.
338 2111 387 2139 Qui
402 2110 506 2134 cladem
521 2111 554 2134 ad
577 2111 711 2135 caudinas
726 2111 847 2135 furculas
862 2112 1017 2137 intulit-*5-
1027 2113 1089 2137 Non
1103 2119 1117 2137 a
1130 2114 1410 2144 Carthaginiensibus,

77 2143 127 2167 sed
143 2145 177 2168 ab
193 2145 326 2175 Hispanis,
339 2152 411 2170 nono
429 2152 500 2170 anno
518 2148 579 2176 post
593 2147 785 2177 Carthaginem
805 2147 932 2177 deletam,
946 2148 1021 2173 illata
1045 2150 1171 2173 Romanis
1192 2150 1283 2174 clades
1295 2152 1412 2176 Numan-

77 2178 135 2203 tina
149 2186 157 2203 :
171 2180 344 2205 nihilominus
355 2188 437 2211 quum
452 2182 602 2206 arctissime
615 2183 751 2207 cohaereat
763 2184 956 2207 Numantinum
972 2183 1073 2208 bellum
1086 2190 1149 2209 cum
1162 2186 1268 2210 Punicis
1282 2187 1311 2209 et
1323 2186 1352 2210 in
1364 2187 1411 2210 Hi-

80 2215 176 2244 spania
190 2216 236 2240 diu
255 2223 315 2240 cum
330 2218 416 2240 Poenis
430 2219 503 2242 esset
518 2219 684 2248 dimicatum,
700 2225 714 2242 a
735 2219 868 2243 militibus
889 2220 968 2244 Poeni
983 2219 1017 2244 ab
1036 2220 1081 2244 illo
1104 2220 1177 2245 bello
1195 2220 1410 2250 minimealieni,

60 2285 62 2288 .
80 2248 198 2274 tortasse
211 2251 286 2282 vulg-i
300 2253 414 2277 Romani
426 2253 542 2283 quadam
556 2255 763 2282 consuetudine,
777 2256 904 2284 poterant
916 2256 1001 2280 citari.
1018 2256 1057 2280 De
1064 2262 1097 2280 re
1106 2262 1163 2280 non
1177 2256 1296 2280 absimili
1307 2256 1410 2281 dictum

79 2284 125 2312 Vl,
139 2290 177 2313 az·
191 2287 248 2311 not.
264 2293 286 2311 a.
300 2288 404 2312 Deinde
424 2289 514 2312 addidi
534 2294 576 2314 ac.
587 2290 699 2314 Parthos
716 2290 771 2314 hoc
792 2290 854 2315 loco
872 2291 927 2315 dici
943 2291 1066 2316 Romam·
1079 2293 1197 2321 imperii
1217 2292 1411 2317 remulus-satis

54 2327 67 2335 2
80 2323 204 2349 apparet.
215 2328 276 2346 -θ,
291 2323 380 2352 Qualis
393 2325 428 2348 sit
445 2325 634 2349 Romanorum.
648 2329 706 2350 —7.
724 2326 757 2350 In
777 2327 943 2351 contrariam
959 2329 1066 2357 partem
1077 2328 1138 2352 iret.
1152 2333 1210 2352 —a.
1221 2328 1282 2352 Mic
1294 2328 1319 2352 le
1331 2327 1413 2352 salut

82 2358 174 2380 avant
187 2358 261 2387 tout,
278 2358 415 2383 Bura—9.
431 2360 542 2390 Utrique
553 2361 623 2390 pai-ti
635 2367 721 2391 aeque.

85 2392 88 2394 '
104 2391 183 2415 'x1v.
198 2397 220 2417 ι.
231 2395 274 2417 sc.
286 2399 340 2423 quo
353 2396 444 2419 vocati
453 2396 511 2419 sive
523 2397 634 2420 venturi
648 2399 739 2421 essent
752 2397 851 2422 fratres
860 2398 903 2427 ;'.v.
922 2404 981 2428 cap.
996 2404 1109 2428 seq.-2.
1121 2398 1366 2424 illideliberationl
1376 2397 1410 2422 de

83 2426 291 2458 Armenia-deos
301 2429 435 2459 adjecisse
448 2437 508 2456 rem
523 2433 660 2456 Arsacidis
676 2434 798 2463 dignam,
808 2435 842 2458 ut
853 2435 941 2459 simul
956 2436 1037 2458 etiam
1049 2435 1084 2459 de
1098 2435 1163 2465 ley.‚'
1178 2437 1234 2460 etc-
