1539 2668
512 160 546 187 Α.
571 159 610 187 U.
635 158 670 187 C.
695 157 766 187 787.
789 160 827 188 A.
848 161 881 188 C.
907 160 957 190 34.
1336 163 1393 194 137

70 230 253 263 traduntur.
278 230 417 261 maxime
429 230 594 269 vulgatum
610 229 858 269 quingentorum
872 231 1013 271 spatium
1027 240 1033 261 z
1050 233 1125 262 sunt
1141 232 1196 271 qui
1214 236 1396 265 asseverent

67 278 155 309 mille
172 277 421 318 quadringentos
433 277 598 316 sexaginta
616 286 715 307 unum
735 277 871 317 interjici
885 303 893 318 ,
916 279 1102 319 prioresque
1119 279 1210 309 alites
1225 280 1368 312 Sesoside
1382 281 1393 298 ³

66 325 208 366 primum
224 350 231 363 ,
260 326 334 365 post
351 324 497 355 Amaside
513 323 771 363 dominantibus,
795 325 867 356 (lein
885 326 1058 356 Ptolemaeo
1080 325 1135 365 qui
1152 335 1191 356 ex
1217 327 1398 358 Macedoni-

67 372 128 404 bus
146 373 262 405 tertius
281 371 426 411 regnavit
441 371 468 409 ⁴,
485 371 517 402 in
532 371 697 402 civitatem
716 371 767 401 cui
787 372 961 412 Heliopolis
978 373 989 391 ⁵
1013 381 1131 403 nomen
1144 397 1153 411 ,
1171 372 1373 406 advolavisse
1388 398 1397 413 ,

67 421 172 451 multo
189 422 369 451 ceterarum
387 419 556 449 volucrum
572 418 728 449 comitatu
745 428 862 449 novam
879 420 993 451 faciem
1011 420 1211 451 mirantium.
1240 421 1296 452 sed
1313 422 1395 452 anti-

68 467 175 507 quitas
190 467 319 507 quidem
331 466 483 497 obscura:
498 465 579 496 inter
594 466 801 496 Ptolemaeum
818 475 854 496 ac
863 467 1028 498 Tiberium
1042 467 1148 498 minus
1162 467 1292 499 ducenti
1307 469 1400 508 qnin-

67 515 218 555 quaginta
228 514 451 545 annisuerunt.
469 513 552 544 unde
567 513 710 543 nonnulli
724 513 840 544 falsum
855 514 940 544 hunc
952 514 1132 554 phoenicem
1145 516 1398 554 nequeArabum

69 570 87 593 e
104 561 196 592 terris
214 561 396 599 credidere,
423 560 568 600 nihilque
595 560 800 600 usurpavisse
819 570 857 592 ex
882 562 932 593 his
951 570 1025 601 quae
1048 564 1140 592 vetus
1166 563 1323 593 memoria
1353 563 1401 592 tir-

68 610 180 640 mavit.
200 608 346 639 confecto
363 608 482 648 quippe
499 616 657 638 annorum
679 617 835 646 numeru,
855 608 911 639 ubi
938 617 1022 639 mors
1045 609 1259 649 propinquet.
1279 609 1344 641 suis
1369 609 1401 638 in

68 657 186 688 terris⁵
216 659 340 687 struere
364 655 475 685 nidum
490 679 498 693 ,
514 655 544 685 in
570 664 672 695 eoque
700 656 800 686 fetum
829 656 925 694 oriri3
949 657 981 687 et
1004 656 1140 695 primam
1158 656 1268 687 adulto
1291 666 1401 687 curam

69 703 242 744 sepeliendi
262 702 380 742 patri&
404 711 509 741 neque
523 702 554 732 id
573 704 711 740 temere,
731 702 784 733 sed
804 703 929 733 sublato
944 703 1086 733 murrlia*
1106 703 1246 743 pondere
1266 706 1403 735 tentato—

69 761 133 792 que
150 760 205 791 per
223 752 351 789 longum
368 750 441 788 iter,
458 749 511 779 ubi
526 759 583 789 par
596 750 698 789 oneri,
715 760 770 789 par
785 750 905 781 meatui
921 751 974 789 sit,
990 750 1099 781 subire
1117 751 1254 790 patrium
1269 760 1403 791 corpus,

70 799 167 839 inque
182 799 262 829 Solis
277 807 365 828 aram
382 797 521 837 perferre
541 800 637 836 atque
655 797 793 827 adolere.
816 797 886 828 haec
914 798 1036 828 incerta
1052 799 1084 828 et
1111 797 1262 829 fabulosis
1279 802 1374 829 auctu
1392 808 1400 829 :

70 847 214 877 ceterum
237 845 338 884 aspici
354 843 526 883 aliquando
544 844 576 874 in
592 845 719 883 AEgypto
737 853 807 874 eam
822 844 986 874 volucrem
1007 853 1071 874 non
1089 844 1274 883 ambigitur.

112 897 218 924 XXIX.
244 895 284 924 At
298 896 428 930 Romae,
447 891 534 922 caede
548 891 720 930 continua,
744 891 940 931 Pomponius
957 891 1079 930 Labeo,
1106 900 1203 930 quein
1231 893 1403 931 prent'uisse

71 940 190 972 Moesiae
207 939 301 971 retuli
322 940 344 978 ¹,
366 948 422 979 per
439 939 593 978 abruptas
613 948 712 969 venas
731 939 921 978 sanguinem
945 938 1083 977 effudit3
1115 939 1334 979 aemulataque
1351 942 1402 971 est

70 989 189 1028 conjux
205 991 329 1018 Paxaea.
349 995 421 1017 nam
439 990 603 1026 promptas
614 986 771 1025 ejusmodi
787 989 908 1017 mortes
921 989 1025 1018 metus
1039 986 1197 1017 carnificis
1213 986 1360 1026 faciebat,
1372 990 1404 1019 et

72 1036 149 1076 quia
163 1034 305 1066 damnati
317 1061 326 1074 ‚
345 1033 519 1074 publicatis
533 1033 643 1071 bonis,
661 1034 826 1074 sepultura
844 1033 1112 1073 prohibebantur,
1127 1042 1237 1065 eorum
1249 1034 1304 1073 qui
1318 1034 1358 1065 de
1371 1043 1406 1065 se

73 1083 269 1122 statuebant,
280 1081 498 1113 humabantur
508 1080 837 1120 corpora,'manebant
851 1083 1057 1120 testamenta,
1069 1081 1209 1121 pretium
1221 1081 1405 1113 festinandi.

74 1130 131 1161 sed
141 1133 260 1167 Caesar,
271 1129 376 1159 missis
389 1128 428 1159 ad
441 1131 588 1159 senatum
604 1128 718 1159 litteris
730 1155 740 1169 ,
766 1128 919 1159 disseruit
939 1142 953 1154 «ι
968 1138 1091 1159 morem
1107 1129 1206 1159 fuisse
1218 1128 1407 1168 majoribus,

74 1189 90 1204 ιι
103 1177 231 1217 quoties
243 1176 429 1206 dirimerent
443 1175 601 1206 amicitias
611 1200 619 1214 ‚
635 1175 827 1206 interdicere
842 1176 950 1215 domo,
962 1185 1100 1215 eumque
1118 1176 1213 1206 tinem
1228 1177 1338 1215 gratiae
1352 1185 1407 1216 po·

77 1237 91 1251 «ι
110 1232 185 1255 nere
201 1233 208 1254 ε
226 1223 258 1254 id
275 1232 307 1254 se
324 1222 508 1262 repetivisse
520 1223 551 1253 in
565 1223 733 1261 Labeone3
752 1225 848 1262 atque
863 1223 967 1262 illum,
985 1224 1058 1263 quia
1073 1223 1155 1254 male
1170 1223 1407 1256 administratae

78 1284 93 1298 «ι
111 1270 286 1311 provinciae
311 1270 512 1309 aliorumque
535 1269 707 1300 criminum
726 1270 899 1309 urgebatur
912 1269 939 1309 ²,
954 1271 1082 1310 culpam
1098 1270 1221 1301 invidia
1237 1270 1407 1309 velavisse,

77 1331 91 1344 «
112 1318 231 1349 frustra
245 1316 419 1348 conterrita
437 1326 549 1355 uxore,
564 1326 662 1356 quam
679 1317 739 1348 etsi
755 1318 943 1355 nocentem,
966 1317 1098 1357 periculi
1115 1319 1226 1348 tamen
1243 1319 1406 1356 expertem

77 1379 91 1392 «
107 1365 215 1396 fuisse.
234 1377 249 1391 ι»
266 1369 445 1394 Mamercus
460 1364 534 1394 dein
549 1368 688 1395 Scaurus
710 1373 839 1395 rursum
853 1365 1033 1404 postulatur
1049 1365 1075 1403 ³,
1093 1365 1230 1404 insignis
1243 1364 1410 1395 nobilitate

76 1414 107 1444 et
134 1411 263 1442 orandis
286 1411 392 1441 causis
405 1434 414 1448 ,
432 1411 499 1441 vita
517 1411 702 1450 probrosus.
735 1411 817 1442 nihil
835 1411 922 1442 hunc
938 1411 1081 1442 amicitia
1104 1412 1230 1451 sejani,
1249 1411 1305 1442 sed
1323 1411 1411 1442 lahe-

77 1458 151 1490 fecit
172 1458 255 1489 haud
270 1458 378 1488 minus
392 1458 534 1488 validum
553 1458 592 1488 ad
609 1458 709 1489 exitia
725 1460 884 1489 Macronis
898 1458 1009 1489 odium
1025 1483 1033 1497 ‚
1053 1458 1108 1498 qui
1122 1458 1248 1489 easdem
1263 1460 1348 1489 artes
1359 1467 1412 1488 oc-

77 1505 195 1536 cultius
214 1504 403 1543 excrcebat3
421 1504 647 1544 detuleratque
661 1507 886 1544 argumentum
904 1505 1067 1545 tragoediae
1078 1505 1087 1522 ⁴
1102 1514 1120 1535 a
1136 1509 1255 1538 Scauro
1269 1506 1410 1545 scriptae,

77 1551 196 1583 additis
210 1551 356 1582 versibus
370 1551 425 1591 qui
445 1551 476 1582 in
494 1552 658 1582 Tiberium
676 1552 892 1584 flecterentur.
909 1562 1023 1583 verum
1040 1552 1080 1583 ab
1094 1553 1227 1585 Servilio
1242 1555 1274 1583 et
1291 1557 1411 1583 corne-

78 1598 122 1630 lio
149 1598 391 1630 accusatoribus
418 1598 636 1629 adulterium
664 1600 789 1638 Livioe,
813 1608 996 1639 mayorum
1024 1608 1127 1631 sacra
1155 1599 1412 1638 objectabantur.

77 1648 233 1685 Scaurus,
261 1647 297 1677 ut
322 1645 453 1685 dignum
474 1645 638 1676 veteribus
669 1646 817 1685 AEmiliis‚
847 1646 1089 1678 damnationem
1115 1647 1234 1686 anteit,
1265 1647 1415 1678 hortante

78 1692 188 1724 Sextia
202 1702 321 1733 uxore,
338 1702 411 1733 quae
427 1693 674 1724 incitamentum
691 1693 806 1724 mortis
821 1695 853 1725 et
868 1694 1029 1734 particeps
1048 1694 1120 1726 fuit.

120 1743 211 1771 XXX.
238 1743 283 1771 Ac
301 1742 409 1772 tamen
427 1742 632 1771 accusatores
645 1764 654 1779 ,
670 1740 699 1771 si
714 1741 850 1772 facultas
865 1741 1040 1780 incideret,
1054 1742 1158 1782 poenis
1175 1741 1415 1781 afficiebantur,

80 1787 118 1816 ut
133 1787 287 1819 Servilius
301 1787 552 1827 Corneliusque,
569 1787 697 1826 perdito
711 1791 830 1818 Scauro
849 1789 985 1827 famosi,
1002 1789 1078 1828 quia
1096 1789 1267 1828 pecuniam
1285 1798 1303 1819 a
1318 1788 1416 1820 Vario

82 1832 197 1872 Ligure
221 1834 411 1865 omittendae
425 1834 594 1865 delationis
610 1837 782 1873 ceperant,
808 1835 841 1865 in
870 1835 994 1866 insulas
1008 1859 1016 1874 ,
1045 1835 1217 1866 interdicto
1236 1835 1299 1874 igni
1320 1839 1418 1875 atque

83 1887 186 1920 aqua,
207 1880 329 1912 demoti
347 1881 432 1911 sunt.
461 1882 492 1911 et
517 1880 662 1911 Abudius
686 1884 775 1911 Ruso
788 1906 797 1920 ,
829 1881 960 1912 functus
976 1882 1152 1921 aedilitate,
1183 1882 1260 1912 dum
1281 1882 1418 1914 Lentulo

84 1927 240 1958 Gaetulico
252 1951 261 1966 ,
287 1927 348 1958 sub
361 1936 426 1967 quo
443 1927 559 1966 legioni
574 1927 763 1966 praefuerat,
778 1927 961 1967 periculum
979 1928 1130 1967 facessit,
1145 1928 1235 1968 quod
1256 1930 1283 1959 is
1300 1929 1418 1967 sejam

77 1973 196 2013 filium
211 1983 375 2014 generum
392 1973 596 2005 destinasset
608 1998 618 2012 ,
638 1974 721 2004 ultro
735 1973 909 2005 damnatur
927 1976 1025 2014 atque
1037 1975 1122 2006 Urbe
1139 1975 1290 2014 exigitur.
1313 1978 1420 2007 Gaetu-

80 2020 162 2052 licus
177 2029 214 2052 ea
228 2022 416 2061 tempestate
430 2020 605 2061 superioris
616 2022 796 2052 Germaniae
811 2021 952 2060 legiones
964 2021 1112 2060 curabat,
1127 2022 1314 2062 mirumque
1329 2031 1417 2053 amo·

81 2076 149 2099 rem
168 2072 334 2100 assecutus
355 2070 445 2107 erat,
474 2068 588 2100 essusae
611 2068 791 2099 clementiae
804 2092 812 2107 ,
837 2068 986 2099 modicus
1006 2069 1179 2100 severitate
1192 2093 1200 2108 ‚
1219 2072 1251 2100 et
1268 2069 1417 2108 proximo

82 2123 212 2156 quoque
236 2115 393 2147 exercitui
419 2124 476 2155 per
502 2119 536 2147 L.
564 2115 744 2155 Apronium
771 2124 921 2146 socerum
946 2123 1010 2146 non
1039 2115 1196 2154 ingratus.
1219 2116 1306 2146 unde
1333 2116 1418 2146 fama

82 2164 234 2194 constans
248 2171 362 2194 ausum
379 2163 507 2194 mittere
535 2162 576 2194 ad
599 2166 759 2194 Caesarem
785 2162 929 2201 litteras,
957 2174 973 2189 «ι
990 2161 1182 2193 affinitatem
1201 2162 1262 2194 sibi
1278 2172 1354 2194 cum
1370 2165 1419 2194 Se·

83 2251 250 2281 ouantibus,
270 2252 368 2276 cristis
381 2252 501 2282 fauces,
521 2254 664 2282 caputque
677 2253 791 2282 plumeo
804 2252 886 2281 apice
903 2251 1112 2276 cohonestante.
1124 2264 1154 2269 —
1165 2257 1186 2275 5.
1200 2252 1250 2281 Qui
1269 2251 1351 2281 vulgo
1370 2252 1418 2276 Se·

83 2286 192 2309 sostris.
207 2299 235 2303 —-
249 2292 272 2310 4.
287 2289 434 2317 Evergetes
449 2288 625 2315 cognomine,
645 2290 766 2312 mortuus
780 2294 805 2311 a.
821 2291 862 2310 221
878 2293 900 2310 a.
919 2287 989 2316 (Ἀπ’Ἷ
1007 2287 1139 2311 trecentis
1151 2287 1248 2317 viginti
1262 2288 1340 2311 annis
1356 2289 1419 2316 post

87 2321 250 2346 Ainasidein.
263 2328 324 2346 -5,
340 2324 369 2346 ln
382 2324 409 2347 S.
426 2324 565 2352 Scriptura
579 2325 606 2347 et
622 2323 703 2347 hodie
718 2324 759 2347 On
775 2323 858 2346 dicta.
873 2327 934 2345 -6,
949 2323 980 2346 ln
994 2322 1093 2346 Arabia
1107 2322 1250 2346 thui-itera.

116 2356 534 2386 XX1x.i.1v‚⁴⁷.—2.vande
548 2359 737 2387 accusabatur
751 2358 925 2387 arguebatur
936 2363 999 2381 —5.
1011 2359 1054 2382 Sc.
1067 2358 1225 2386 majestatis
1236 2363 1300 2381 —⁴.
1318 2356 1419 2381 Atreus

87 2392 154 2414 erat
181 2392 278 2415 Versus
309 2393 336 2416 in
367 2393 504 2417 Tiberium
532 2394 633 2417 detorti
662 2399 694 2417 ex
719 2378 772 2417 h'oc
792 2393 937 2422 Euripideo
963 2393 1083 2422 expressi
1103 2394 1198 2420 erant,
1221 2391 1319 2416 Phoen.
1346 2398 1388 2416 sa:-
1409 2397 1416 2415 :

86 2421 139 2457 τὰς
165 2424 226 2453 τῶν
244 2423 438 2463 κρατούντων
462 2423 592 2463 ἀμαὺίας
618 2424 717 2465 φέρειν
735 2424 845 2464 χρεών
