1539 2668
545 190 580 218 A.
606 189 643 218 U.
668 189 702 218 C.
728 189 798 219 770.
838 192 873 220 A.
899 192 933 221 C.
959 191 995 221 17
1401 197 1437 228 ⁵1

76 225 96 274 ’ξ
156 269 277 299 XLVII.
304 265 425 297 Eodem
448 272 533 296 anno
555 263 726 296 duodecim
749 266 889 298 celebres
904 266 989 298 Asiae
1004 265 1100 297 urbes
1117 267 1267 308 collapsae
1281 271 1441 304 nocturno

115 317 206 346 motu
224 315 338 350 ’ωτι-εει,
360 321 424 353 quo
440 311 645 352 improvisior
657 312 848 354 graviorque
861 314 962 354 pestis
978 314 1052 346 suit.
1070 322 1174 354 neque
1190 315 1320 346 solitum
1337 318 1371 349 in
1384 319 1441 351 tali

115 368 194 393 casu
224 359 382 400 effugium
399 358 610 391 subveniebat
632 360 666 391 in
683 362 792 401 aperta
808 361 1057 402 prorumpendi,
1079 361 1156 402 quia
1181 361 1329 394 deductis
1346 367 1441 399 terris

113 407 355 439 hauriebantur.
379 406 503 438 sedisse
523 405 531 424 ¹
558 407 737 438 immensos
761 410 911 448 montes,
944 409 1020 441 visa
1040 409 1077 440 in
1099 408 1213 440 arduo
1230 418 1309 449 quoe
1327 412 1441 450 plana

106 454 268 496 suerint,
294 454 469 495 effulsisse
485 455 579 486 inter
591 456 735 487 ruinam
747 457 841 495 iqnes
861 457 1053 488 memorant.
1075 456 1299 496 Asperrimain
1315 458 1440 491 Sardia-

112 511 171 535 nos
195 502 264 534 lues
287 501 464 542 plurimum
488 501 522 532 in
544 501 674 533 eosdem
695 502 924 534 misericordiae
945 503 1045 535 traxit
1061 511 1160 535 :nam
1185 503 1305 535 centies
1326 508 1440 537 sester-

110 549 195 581 tium
215 547 228 566 ²
252 548 416 589 pollicitus
448 552 565 589 Caesar,
595 551 626 581 et
660 551 817 590 quantum
849 550 960 582 aerario
989 551 1046 582 aut
1071 550 1150 582 fisco
1179 550 1382 592 pendebant,
1406 552 1441 584 in

112 595 369 636 quinquennium
392 595 526 628 remisit.
557 598 721 636 Magnetes
744 605 763 628 a
784 597 894 637 Sipylo
908 596 921 616 ³
944 597 1084 638 proximi
1101 597 1220 629 damno
1236 605 1274 629 ac
1296 598 1439 631 remedio

109 643 222 676 habiti.
244 643 415 684 Temnios,
438 643 723 685 Philadelphenos,
747 646 905 685 AEgeatas,
922 644 1209 686 Apollonidenses,
1236 646 1359 685 quique
1375 650 1444 676 Mo-

107 691 191 724 steni
216 694 272 724 aut
293 691 484 724 Macedones
510 691 650 732 Hyrcani
667 694 846 732 vocantur,
869 693 900 723 et
933 692 1225 733 Hierocaesaream,
1256 693 1438 733 Myrinam,

107 741 248 779 Cymen,
264 739 416 771 Tmolum
430 738 457 778 ⁴,
481 738 581 770 levari
604 739 689 770 idem
712 737 746 770 in
763 739 891 780 tempus
913 739 1063 779 tributis,
1087 739 1238 780 mittique
1260 746 1299 770 ex
1324 742 1438 771 senatu

106 786 230 827 placuit
252 786 307 827 qui
330 784 500 827 praesentia
527 787 686 827 spectaret
707 785 945 826 refoveretque.
970 786 1112 818 delectus
1137 789 1186 817 est
1213 790 1256 818 M.
1282 786 1394 818 Aletus
1420 793 1438 818 e

105 834 268 874 praetoriis
279 857 289 874 ,
312 842 372 873 ne,
391 833 553 865 consulari
571 833 736 866 obtinente
750 834 857 865 Asiam
868 858 877 874 ‚
896 833 1061 865 aemulatio
1076 833 1161 864 inter
1178 841 1270 874 pares
1288 837 1321 865 et
1341 842 1381 865 ex
1398 841 1437 866 eo

105 880 374 921 impedimentum
391 881 546 912 oreretur.

144 928 287 961 XLVIII.
310 927 513 968 Magnificam
529 927 562 960 in
584 927 750 969 publicum
767 926 972 968 largitionem
992 926 1084 958 auxit
1103 930 1210 958 Caesar
1222 926 1310 959 hand
1327 928 1436 960 minus

103 976 195 1016 grata
210 974 423 1015 liberalitate,
444 975 530 1015 quod
553 975 640 1007 bona
655 974 788 1007 AEmilioe
803 979 922 1014 Musae,
939 974 1110 1014 locupletis
1133 974 1294 1006 intestatae
1306 999 1314 1015 ,
1335 976 1434 1015 petita

101 1021 137 1054 in
162 1022 297 1063 fiscum,
327 1022 448 1054 AEmilio
469 1022 610 1063 Lepido,
629 1022 723 1062 cujus
744 1030 762 1053 e
784 1022 882 1053 domo
901 1021 1085 1061 videbatur,
1115 1022 1148 1053 et
1165 1022 1305 1061 Patulei,
1323 1022 1434 1054 ‹lix-itis

101 1068 222 1109 equitis
244 1069 402 1110 Romani,
423 1069 636 1102 hereditatem
649 1093 658 1109 ,
678 1076 876 1109 quamquam
895 1068 963 1109 ipse
978 1069 1071 1099 lieres
1088 1068 1120 1099 in
1146 1071 1238 1109 parte
1261 1068 1432 1110 legeretur,

99 1114 233 1147 tradidit
257 1119 300 1148 M.
326 1116 481 1156 servilio,
505 1124 602 1157 quem
628 1116 790 1157 prioribus
812 1124 916 1156 neque
942 1115 1101 1155 suspectis
1124 1115 1244 1147 tabulis
1271 1117 1431 1156 scriptum

100 1163 319 1203 compererat,
340 1163 557 1194 nobilitatem
578 1165 762 1202 utriusque
770 1165 920 1203 pecunia
927 1162 1128 1202 juvandam
1147 1162 1312 1202 praefatus.
1329 1170 1433 1203 neque

98 1207 311 1240 hereditatem
338 1209 529 1249 cujusquam
558 1209 636 1240 adiit
658 1209 719 1240 nisi
748 1217 848 1249 quum
867 1209 1009 1240 amicitia
1034 1208 1229 1240 meruisset:
1253 1209 1378 1249 ignotos
1399 1210 1433 1242 et

99 1255 193 1287 aliis¹
216 1255 357 1287 infensos
373 1264 475 1296 eoque
491 1255 670 1296 Principem
697 1258 921 1295 nuncupantes
937 1255 1049 1296 procul
1066 1255 1205 1287 arcebat.
1225 1258 1372 1288 Ceterum
1395 1259 1432 1289 ut

98 1302 269 1334 honestam
298 1302 519 1334 innocentium
538 1305 760 1343 paupertatem
783 1303 920 1342 levavit,
944 1303 989 1334 ita
1013 1302 1164 1343 prodigos
1191 1306 1225 1335 et
1247 1304 1288 1335 ob
1313 1304 1431 1345 flagitia

98 1351 228 1389 egentes
259 1349 424 1381 Vibidium
451 1353 652 1388 Varronem,
683 1350 820 1381 Marium
852 1351 1028 1390 Nepotem,
1054 1350 1195 1389 Appium
1223 1351 1428 1393 Appianum,

97 1396 281 1428 Cornelium
311 1396 454 1436 Sullam,
481 1400 519 1437 Q.
545 1396 710 1428 Vitellium
738 1396 840 1428 movit
867 1397 980 1428 senatu
1007 1398 1064 1426 aut
1090 1397 1205 1436 sponte
1226 1397 1338 1429 cedere
1361 1407 1429 1439 pas-

97 1450 152 1474 sus
175 1445 234 1475 est.

137 1492 242 1522 XLIX.
266 1490 384 1522 Iisdem
399 1490 600 1531 temporibus
625 1489 722 1522 deum
749 1489 836 1522 aedes
861 1490 1026 1522 vetustate
1050 1492 1106 1520 aut
1126 1490 1193 1529 igni
1210 1490 1347 1522 abolitas
1367 1500 1427 1523 coe-

95 1537 232 1579 ptasque
247 1536 287 1569 ab
302 1540 447 1578 Augusto
463 1536 642 1576 dedicavit,
666 1537 779 1568 Libero
801 1537 988 1577 Liberaeque
1003 1538 1036 1568 et
1057 1537 1162 1568 Cereri
1182 1537 1275 1577 juxta
1297 1539 1426 1570 Circum

93 1584 295 1625 maximum,
321 1593 419 1626 quarn
451 1586 488 1617 A.
521 1584 709 1615 Postumius
732 1583 872 1615 dictator
893 1585 1026 1615 voverat
1043 1583 1068 1623 ¹,
1093 1583 1269 1625 eodemque
1292 1585 1327 1616 in
1355 1586 1426 1618 loco

93 1630 198 1662 aedem
219 1630 322 1663 Florae
344 1631 384 1663 ab
407 1635 430 1663 L
465 1632 499 1663 et
519 1635 562 1662 M.
581 1630 734 1662 Publiciis
750 1630 900 1662 aedilibus
916 1630 1125 1662 constitutam
1139 1629 1166 1671 ²,
1190 1634 1220 1662 et
1243 1635 1322 1663 Jano
1345 1635 1425 1664 tem·

92 1677 183 1718 plum
205 1677 291 1719 quod
308 1678 395 1719 apud
415 1679 521 1710 sorum
533 1677 725 1710 olitorium³
750 1682 783 1710 C
803 1678 928 1710 Duilius
942 1679 1128 1718 struxerat,
1143 1679 1198 1719 qui
1218 1679 1341 1719 primus
1355 1688 1424 1712 rem

91 1727 269 1757 Romanam
279 1733 429 1767 prospere
445 1726 524 1757 mari
538 1726 633 1765 gessit
647 1725 916 1766 triumphumque
932 1725 1079 1756 navalem
1094 1725 1134 1757 de
1148 1726 1253 1757 Poenis
1269 1727 1398 1759 meruit.
1408 1727 1421 1747 ⁴

91 1770 162 1811 spei
175 1772 263 1804 aedes
274 1780 294 1804 a
309 1773 496 1805 Germanico
506 1773 674 1804 sacratur:
689 1772 772 1803 hanc
785 1772 898 1803 Atilius
916 1772 927 1790 ⁵
943 1774 1079 1804 voverat
1096 1772 1208 1804 eodem
1222 1772 1317 1805 bello

132 1820 167 1848 L
195 1818 406 1851 Adolescebat
427 1819 547 1851 interea
568 1819 620 1851 lex
650 1819 828 1859 majetatis3
854 1820 887 1850 et
908 1819 1075 1860 Apuleiam
1098 1820 1274 1860 Vaiiliam,
1301 1820 1421 1853 sororis

91 1865 224 1903 Augusti
239 1869 381 1906 neptem,
404 1866 480 1906 quia
496 1865 660 1906 probrosis
669 1866 872 1897 sermonibus
883 1866 998 1897 divum
1013 1870 1192 1907 Augustum
1206 1875 1244 1898 ac
1256 1867 1421 1898 Tiberium

91 1911 123 1941 et
141 1912 277 1942 matrem
292 1913 361 1952 eJus
375 1911 552 1950 illusisset,
578 1912 761 1952 Caesarique
784 1921 929 1944 connexa
946 1913 952 1930 ¹
971 1912 1132 1945 adulterio
1146 1915 1330 1954 teneretur,
1347 1923 1416 1944 ma·

85 1957 211 1997 jestatis
224 1957 347 1990 delator
359 1957 550 1990 arcessebat.
561 1957 573 1976 ²
588 1957 632 1991 de
646 1958 823 1991 adulterio
837 1962 923 1990 satis
938 1962 1052 1992 caveri
1067 1960 1139 2000 leye
1149 1961 1248 1993 Iulia
1261 1960 1273 1979 ³
1288 1961 1394 1992 visum
1409 1968 1418 1990 z

116 2039 220 2064 XLVII.
243 2045 264 2064 ι.
278 2041 301 2065 Δ
319 2040 423 2065 sidere.
443 2052 473 2058 -
485 2045 507 2064 2.
523 2042 601 2066 Paene
621 2045 744 2070 2‚000‚000
759 2041 792 2065 fr.
802 2052 834 2058 —
845 2045 868 2065 ³.
880 2041 924 2065 Sc.
948 2041 1148 2071 cognominati,
1172 2042 1202 2065 ut
1215 2041 1418 2071 distinguantur

83 2075 122 2100 ab
132 2075 184 2100 alin
197 2075 334 2104 Magnesia
348 2076 382 2100 ad
396 2076 571 2100 Maeandrum.
587 2077 649 2106 Ejus
660 2076 823 2101 detrimenta
840 2077 870 2100 ut
880 2076 1000 2106 proxime
1016 2076 1184 2100 accedebant
1200 2076 1234 2100 ad
1253 2077 1417 2101 detrimenta

84 2110 209 2135 Sardium
218 2129 224 2139 ,
237 2111 275 2135 ita
285 2112 365 2136 etiam
380 2112 448 2135 dona
460 2111 598 2141 PrinclplS.
607 2124 634 2128 —
643 2117 667 2136 ⁴.
679 2112 846 2136 Monumenti
857 2117 881 2136 a.
890 2111 923 2136 U.
933 2117 977 2135 ⁷⁸3
990 2112 1017 2135 in
1026 2112 1128 2136 Tiberii
1139 2112 1270 2136 honorem
1284 2113 1416 2137 exstructi

84 2145 158 2170 basis
176 2151 326 2170 marmorea
337 2166 343 2176 ,
358 2147 475 2172 Puteolis
488 2153 512 2170 3.
529 2152 585 2171 reas
599 2146 697 2171 effossa
709 2166 714 2176 ,
728 2152 884 2171 eversarum
898 2148 926 2171 et
943 2152 959 2171 a
971 2146 1081 2171 Tiberio
1098 2148 1288 2172 restitutarum
1307 2148 1414 2172 urbium

83 2181 216 2210 imagines
231 2182 462 2211 quattuordecim
475 2182 597 2211 exhibet,
611 2184 710 2211 praeier
722 2181 767 2206 hic
781 2181 934 2206 nominatas
952 2181 1064 2212 Cibyrae
1074 2183 1102 2207 et
1117 2182 1229 2212 Ephesi.

112 2215 225 2241 XLVIII.
237 2222 258 2241 ι.
273 2217 306 2242 lis
322 2218 429 2247 quidem
442 2218 475 2241 ad
489 2223 557 2247 quos
568 2218 705 2242 hereditas
717 2219 777 2247 jure
791 2218 879 2242 redire
890 2218 1020 2242 debebat.

111 2251 206 2275 xtlx.
231 2258 251 2276 ι.
272 2254 343 2277 Ante
356 2259 472 2283 pugnam
487 2253 521 2276 ad
542 2253 631 2277 lacum
649 2253 796 2282 Regillum,
816 2258 868 2283 qua
890 2253 991 2277 devicti
1008 2254 1164 2284 Tarquinii,
1189 2260 1213 2278 a.
1232 2254 1262 2278 U.
1275 2257 1329 2276 2⁵7.
1346 2253 1412 2276 Erat

82 2286 213 2316 templum
230 2288 395 2318 tripartitum
414 2288 518 2312 Baccho
528 2307 534 2317 ,
554 2289 719 2317 Proserpinae
738 2289 765 2312 et
778 2289 881 2313 Cereri.
895 2300 925 2306 —
937 2293 960 2313 2.
977 2290 1009 2313 A.
1027 2289 1057 2313 U.
1070 2294 1123 2313 ⁵¹³.
1138 2303 1166 2306 —
1179 2295 1201 2313 ³.
1215 2289 1246 2312 In
1266 2287 1409 2311 undecima

81 2321 195 2351 regione
216 2322 303 2353 Urbis,
315 2323 396 2348 bodie
413 2324 522 2348 Pia-za
541 2323 730 2348 Montanara.
740 2336 770 2341 —
785 2328 807 2348 ⁴.
821 2325 853 2348 A.
877 2324 906 2349 U.
927 2328 979 2348 ⁴9³
1003 2324 1093 2348 Verba
1115 2325 1171 2354 ipsa
1193 2323 1353 2354 deprompta
1376 2327 1409 2345 ex

80 2356 256 2386 inscriptione
268 2359 407 2383 columnae
420 2359 554 2383 rostratoe
563 2359 617 2387 (ros
620 2360 667 2382 tris
683 2360 790 2384 navium
806 2359 840 2384 ab
857 2365 889 2385 eo
901 2361 1043 2389 captarum
1055 2361 1177 2389 ornatae),
1189 2358 1286 2383 Duillio
1300 2359 1326 2381 in
1336 2357 1396 2381 toro

79 2392 183 2422 positae.
196 2399 256 2417 —s.
271 2393 367 2418 Atilius
380 2395 517 2419 Calatinus
530 2395 557 2418 in
571 2395 670 2418 Punico
684 2394 754 2418 bello
770 2396 870 2424 primo,
882 2401 906 2419 a.
920 2395 949 2420 U.
963 2400 1007 2419 ⁴95
1021 2395 1132 2424 consul,
1148 2400 1192 2419 505
1206 2395 1330 2418 dictator.

110 2428 139 2451 1..
158 2431 180 2450 ι
200 2428 304 2452 Uenere
320 2430 480 2458 propinqua.
493 2442 521 2446 —
531 2433 554 2451 2.
569 2430 719 2454 Arcessere
733 2431 766 2454 ob
783 2437 802 2453 5
799 2431 1010 2460 gnificationem
1023 2431 1189 2455 construunt
1201 2430 1245 2454 hic
1257 2433 1317 2453 cum
1331 2428 1405 2456 gem·

76 2461 136 2488 tivo
149 2463 181 2487 nt
191 2464 337 2489 accusandi
350 2464 441 2489 verba
451 2477 481 2482 —
497 2463 573 2488 ἱ»ΑΒ
589 2464 709 2494 Augusto
721 2466 775 2490 lata
792 2474 816 2490 3.
834 2467 863 2491 U.
875 2471 930 2490 7³⁷.
