1539 2668
521 151 557 181 A.
581 152 620 181 U.
644 152 680 181 C.
704 151 775 181 808.
800 151 837 180 A.
860 151 895 181 C.
920 152 971 181 55.
1351 148 1418 180 191-

84 225 232 265 additos,
252 225 391 266 deqredi
408 224 512 264 jubet,
528 234 566 256 ae
580 233 620 256 ne
642 226 727 256 coetu
758 225 967 256 salutantium
996 224 1265 264 frequentaretur,
1283 227 1411 266 separat

82 275 217 307 domum
231 297 239 312 ,
273 275 474 312 matremque
505 272 654 304 transfert
681 272 715 303 in
749 281 818 304 eam
851 281 925 313 quae
953 273 1098 304 Antoniae
1129 272 1231 303 fuerat
1243 296 1251 311 ,
1283 272 1421 312 quoties,

83 323 150 362 ipse
166 320 242 352 illuc
261 320 455 359 ventitaret,
478 322 588 360 septus
616 319 710 351 turba
738 319 966 351 centurionum
993 321 1026 351 et
1049 322 1122 360 post
1139 319 1237 351 breve
1260 319 1410 352 osculum

82 368 276 408 digrediens.
1420 398 1423 403 s

124 419 203 448 xlx.
228 414 312 446 Nihil
332 423 439 445 rerum
464 414 650 445 mortalium
668 416 733 445 tam
761 414 908 445 instabile
922 423 960 445 ac
976 414 1100 445 fluxum
1122 414 1170 445 est
1198 422 1296 454 quam
1324 413 1422 450 sama¹

82 463 237 505 potentiae
254 471 318 492 non
333 470 391 493 sua
407 461 439 491 vi
456 461 543 492 nixa.
564 461 671 493 statim
692 460 840 493 relictum
857 461 1037 502 Agrippinae
1053 461 1162 493 limen.
1182 470 1277 492 nemo
1292 460 1411 500 solari,

79 519 175 542 nemo
188 508 276 540 adire
292 510 408 548 praeter
424 517 544 548 paucas
561 508 715 546 i'eminas,
729 517 838 539 amore
853 518 892 540 an
909 509 984 540 odio
995 533 1004 549 ,
1024 509 1196 541 incertum.
1225 518 1265 540 ex
1290 507 1411 548 quibus

77 558 146 590 erat
161 556 254 588 lunia
267 556 371 586 Silana
383 579 391 594 ‚
409 564 507 595 quam
523 556 730 586 matrimonio
747 559 781 587 C.
796 556 864 587 Silii
889 565 908 587 a
931 556 1100 588 Messalina
1119 555 1287 596 depulsam
1312 561 1410 595 supra

77 603 172 636 retuli
188 603 212 642 ¹,
232 602 365 641 insignis
388 611 521 642 genere,
538 604 660 642 forma,
678 605 710 633 et
730 603 913 643 Agrippinae
934 603 991 635 diu
1014 612 1163 644 percara,
1177 611 1254 634 mox
1274 602 1410 634 occultis

74 651 159 683 inter
180 659 234 682 eas
249 649 485 681 offensionibus
498 673 507 688 ,
526 650 603 690 quia
627 650 772 682 Sextium
791 651 995 691 Africanum,
1021 651 1163 682 nobilem
1185 650 1339 689 juvenem
1354 673 1363 689 ,
1390 659 1409 681 a

73 698 198 738 nuptiis
215 697 329 728 Silanae
353 697 559 728 deterruerat
591 697 764 738 Agrippina
789 698 1003 738 impudicam
1031 700 1065 729 et
1090 699 1286 738 verqentem
1307 698 1410 729 annis

74 744 243 783 dictitans,
260 754 324 775 non
339 746 374 776 ut
391 744 578 775 Africanum
597 745 657 775 sibi
680 749 850 784 seponeret
863 769 871 784 ,
889 745 944 776 sed
960 753 1000 776 ne
1023 745 1140 785 opibus
1162 745 1194 776 et
1210 743 1350 775 orbitate
1367 743 1410 776 si-

74 793 156 824 lanae
175 792 310 823 mai-itus
339 792 508 831 potiretur.
533 791 605 828 illa,
634 800 690 831 spe
714 791 847 823 ultionis
869 792 995 830 oblata,
1020 794 1112 831 parat
1135 792 1339 823 accusatores
1369 798 1408 822 ex

72 839 243 870 clientibus
260 839 328 870 suis
343 839 479 870 Iturium
496 839 529 869 et
541 838 734 877 Calvisium,
750 848 813 869 nou
828 840 938 869 vetera
954 840 987 869 et
1003 840 1124 878 saepius
1140 839 1206 878 jam
1224 838 1334 869 audita
1351 837 1411 869 dif-

70 885 194 926 ferens,
211 885 302 926 quod
319 887 513 917 Britannici
529 887 673 917 mortem
690 886 841 925 tiiqerct,
853 887 916 916 ant
936 888 1089 917 Octaviae
1104 886 1256 925 injurias
1270 886 1410 925 evalea-

69 934 135 970 ret‚
154 932 211 964 sed
225 932 453 964 destinavisse
465 941 542 963 eam
559 933 759 964 Rubellium
782 933 971 971 Plautum,
992 942 1056 973 per
1081 934 1282 964 maternam
1306 933 1409 972 origii-

69 987 149 1011 nem
160 982 241 1020 pari
263 988 304 1011 ac
321 981 413 1012 Nero
430 979 543 1020 qrada
569 989 591 1011 a
615 980 694 1011 divo
726 982 878 1019 Aiiyiisto
899 979 926 1021 ²,
947 979 993 1012 ad
1016 989 1070 1012 res
1093 988 1200 1012 novas
1218 980 1408 1020 extollere,

68 1027 293 1068 conjuqioque
310 1027 383 1066 ejus
404 1027 527 1066 etjam
549 1028 692 1067 imperio
715 1028 967 1067 rempublicam
984 1036 1108 1059 rursus
1125 1027 1302 1059 invadere.
1334 1030 1409 1058 Haec

69 1074 192 1105 Iturius
206 1076 239 1106 et
251 1074 411 1106 Calvisius
427 1073 581 1112 Atimeto,
596 1074 746 1105 Domitiae
761 1076 899 1106 Neronis
913 1075 1022 1107 amitae
1036 1074 1335 1114 libert0‚aperiunt.
1352 1074 1409 1114 qui

69 1120 165 1152 laetus
179 1121 295 1152 oblatis
315 1121 446 1160 (quippe
461 1122 546 1152 inter
563 1122 772 1161 Agrippinam
794 1125 827 1153 ct
848 1123 1025 1153 Domitiam
1043 1123 1166 1153 insensa
1182 1122 1345 1153 aemulatio
1356 1132 1409 1155 ex-

68 1167 265 1207 ercebatur),
283 1167 433 1198 Paridem
452 1167 643 1199 histrionem
659 1192 667 1207 ,
687 1168 843 1200 libertum
860 1172 893 1201 et
909 1169 1014 1209 ipsum
1031 1170 1202 1209 Domitiae,
1218 1169 1346 1208 impulit
1360 1172 1409 1202 ire

68 1223 213 1254 propere
238 1216 434 1253 crimenque
451 1216 615 1246 atrociter
629 1215 640 1232 ²⁵
660 1215 807 1254 deferre.

108 1265 171 1292 XX.
198 1264 353 1292 Provecta
370 1270 432 1291 nox
450 1262 518 1292 erat
533 1262 565 1292 et
583 1262 699 1292 Neroni
717 1272 773 1303 per
793 1262 1002 1293 vinolentiam
1020 1262 1223 1301 trahebatur,
1243 1270 1345 1302 quum
1362 1262 1408 1293 in-

67 1307 212 1346 greditur
229 1308 335 1347 Paris,
360 1308 476 1339 solitus
495 1308 639 1347 alioquin
664 1308 695 1339 id
721 1310 878 1349 temporis
897 1310 993 1340 luxus
1012 1310 1170 1349 Principis
1195 1308 1361 1341 intendere
1383 1308 1407 1350 ¹,

65 1354 122 1386 sed
138 1356 214 1385 tunc
228 1355 427 1394 compositus
441 1354 481 1385 ad
499 1355 684 1385 mestitiam
701 1379 709 1394 ,
724 1357 939 1395 expositoque
954 1356 1066 1388 indicii
1081 1357 1194 1389 ordine
1208 1356 1254 1387 ita
1273 1355 1408 1386 audien-

64 1403 131 1432 tem
147 1403 304 1440 exterret,
322 1405 358 1432 ut
375 1411 439 1432 uon
452 1403 579 1433 tantum
597 1405 733 1433 matrem
751 1404 965 1443 Plautumque
982 1404 1163 1435 interlicere
1174 1427 1182 1442 ,
1194 1403 1247 1434 sed
1270 1406 1407 1434 Burrum

64 1448 160 1479 etiam
186 1449 359 1480 demovere
385 1450 580 1488 praefectura
603 1450 802 1488 destinaret,
820 1452 986 1489 tamquam
1015 1450 1199 1490 Agrippinae
1216 1450 1317 1490 gratia
1332 1459 1407 1490 pro-

68 1497 199 1527 vectum
218 1498 250 1527 et
265 1496 369 1527 vicem
384 1496 584 1527 reddentem.
604 1497 724 1528 Fabius
741 1497 896 1528 Rusticus
909 1500 1023 1529 auctor
1037 1501 1103 1536 est,
1114 1499 1260 1537 scriptos
1275 1506 1344 1529 esse
1359 1498 1409 1529 ad

65 1544 237 1575 Caecinam
250 1543 411 1575 Tasczem²
424 1543 611 1583 codicillos,
623 1544 792 1576 mandata
801 1546 829 1575 ei
838 1547 1089 1584 prcetoriaritm
1098 1545 1291 1577 cohortium
1302 1553 1406 1584 citra,-

61 1589 121 1622 sed
133 1598 193 1630 ope
207 1594 338 1622 Senecoe
353 1591 591 1630 (liqnationem
611 1593 726 1622 Burro
751 1593 935 1623 retentam.
956 1592 1078 1623 Plinius
1103 1594 1136 1623 et
1159 1591 1296 1623 Cluvius
1324 1591 1404 1623 nihil

62 1636 246 1668 dubitatum
262 1638 301 1668 de
315 1637 377 1669 fide
396 1638 542 1677 praetecti
559 1638 715 1669 referunt.
736 1647 814 1669 s-ane
827 1639 944 1669 Fabius
962 1638 1096 1670 inclinat
1109 1639 1148 1669 ad
1174 1639 1287 1670 laudes
1313 1641 1405 1670 Sene-

62 1692 109 1715 cae
121 1708 130 1723 ,
144 1685 236 1724 cujus
252 1685 395 1716 amicitia
409 1686 528 1716 floruit.
557 1694 616 1716 nos
628 1694 823 1717 consensum
843 1688 1014 1717 auctorum
1031 1686 1156 1726 secuti,
1182 1694 1256 1726 quae
1274 1686 1404 1716 diversa

62 1731 285 1771 prodiderint,
303 1732 362 1762 sub
380 1732 562 1764 nominibus
579 1732 723 1773 ipsorum
747 1734 927 1764 trademus.
950 1737 1033 1764 Nero
1057 1733 1202 1773 trepidus
1226 1734 1259 1764 et
1284 1732 1403 1764 interfi-

62 1777 185 1809 ciendae
199 1778 313 1808 matris
331 1778 446 1809 avidus
464 1788 527 1809 non
549 1779 640 1819 prius
660 1779 781 1811 differri
795 1779 806 1796 ³
822 1780 928 1820 potuit
945 1789 1043 1820 quam
1060 1784 1180 1811 Burrus
1206 1788 1317 1811 necem
1334 1779 1404 1818 ejus

65 1824 286 1864 promitteret,
302 1825 327 1857 si
352 1825 503 1856 facinoris
520 1829 747 1864 coargueretur
764 1837 771 1856 ;
789 1826 846 1858 sed
858 1829 1080 1868 cuicumque,
1096 1827 1224 1859 nedum
1238 1828 1404 1866 parenti,

61 1869 294 1909 defensionem
312 1871 556 1907 trffluendanw
572 1881 632 1903 nec
647 1875 867 1904 accusatores
883 1873 1000 1905 adesse
1014 1897 1023 1912 ,
1037 1874 1095 1905 sed
1112 1882 1225 1905 vocem
1241 1875 1344 1904 unias
1358 1882 1403 1905 ex

63 1919 207 1950 inimica
227 1918 326 1949 domo
342 1918 475 1958 afferri
492 1930 502 1949 .·
519 1918 701 1957 refectam·
726 1919 885 1951 tenebras
901 1922 935 1951 et
964 1920 1147 1961 viyitatam
1165 1921 1317 1951 convivio
1345 1929 1405 1953 no·

61 1966 168 2002 clem,
185 1967 367 2005 omniaque
383 1967 573 1997 temeritati
592 1966 624 1996 et
637 1968 784 1997 inseitioe
797 1968 978 2006 propiora.

102 2014 181 2041 XXI.
206 2011 255 2043 Sic
268 2036 276 2051 ,
297 2012 397 2043 lenito
415 2011 570 2052 Principis
584 2014 673 2044 metu
688 2037 696 2051 ,
720 2015 751 2044 et
770 2013 841 2044 luce
855 2015 926 2044 orta
940 2038 949 2053 ,
972 2013 1039 2044 itur
1053 2013 1094 2044 ad
1109 2013 1335 2053 Agrippinam,
1364 2017 1402 2046 ut

60 2059 208 2089 nosceret
227 2058 354 2098 objecta
379 2059 657 2099 dissolveretque,
689 2060 739 2091 vel
765 2069 877 2101 poenas
898 2061 1010 2092 lueret.
1033 2064 1155 2092 Burrus
1181 2061 1220 2091 iis
1235 2061 1400 2092 mandatis

64 2106 183 2141 Seneca
196 2113 305 2136 coram
322 2106 526 2146 fungebatur.
543 2106 679 2138 aderant
697 2108 728 2138 et
741 2116 779 2138 ex
804 2108 929 2139 libertis
950 2107 1064 2139 arbitri
1085 2108 1255 2139 sermonis.
1281 2108 1402 2140 deinde

60 2154 208 2193 aBurro‚
235 2154 406 2193 postquam
429 2153 565 2185 erimina
581 2156 614 2186 et
637 2155 785 2186 auctores
811 2155 982 2195 exposuit,
1011 2155 1182 2188 minaciter
1213 2157 1333 2187 aetum.
1361 2158 1398 2187 Et

89 2241 163 2265 XIX.
179 2247 200 2266 ι.
213 2242 244 2265 V.
258 2243 304 2269 XI,
319 2247 342 2267 2.
355 2255 383 2260 —
397 2248 419 2267 2.
430 2244 480 2267 Pei·
490 2244 629 2268 Tiberium
646 2243 680 2268 ab
696 2244 816 2273 Augusto
828 2244 997 2274 adoptatum,
1011 2245 1090 2274 cujus
1101 2244 1175 2269 filius
1189 2246 1301 2275 DrusuS‚
1315 2245 1397 2276 ijus

60 2275 113 2300 filia
127 2276 197 2301 Julia
211 2279 298 2301 mater
312 2279 433 2302 Rubellii.
445 2284 497 2302 -5.
513 2279 542 2302 ln
556 2280 676 2308 speciem
689 2281 820 2307 atrocem,
838 2280 1007 2304 intendendo
1018 2280 1182 2310 periculum.

90 2312 151 2335 XX.
169 2317 188 2335 ι.
198 2314 317 2337 Animer
333 2315 418 2338 vertit
431 2314 558 2338 Burnouf.
573 2327 601 2331 -
614 2320 636 2338 2.
655 2315 748 2338 Filium
768 2315 883 2339 nutricis
898 2315 1024 2339 Neronis.
1040 2315 1174 2340 codicilli
1189 2315 1317 2340 dicuntur
1335 2316 1396 2346 epi-

60 2347 138 2371 stolas
150 2347 340 2378 imperatoriae‚
354 2350 452 2379 quibus
466 2356 563 2373 munus
580 2350 624 2374 vel
642 2351 745 2380 Jussum
769 2350 899 2375 defertur.
922 2364 948 2368 —
967 2357 989 2375 5.
1003 2352 1118 2376 Neronis
1135 2351 1264 2376 voluntas
1278 2352 1306 2375 in
1319 2351 1392 2376 aliud

61 2382 167 2412 teinpus
177 2383 263 2412 rejici.
276 2396 304 2401 -
316 2389 338 2408 4.
351 2385 395 2409 Sc.
413 2385 557 2409 consilium
574 2387 702 2413 Neronis;
726 2386 869 2415 sequentia
884 2385 948 2411 sunt
973 2387 1126 2412 accusativi
1144 2386 1281 2416 subjecti:
1299 2386 1391 2411 consi-

58 2416 126 2442 lium
140 2418 203 2442 illud
220 2420 329 2448 coargui
347 2421 472 2450 tempore
483 2421 683 2451 intempestivo,
696 2428 749 2451 quo
762 2422 798 2446 sit
814 2423 987 2453 conceptum.
