1539 2668
499 103 603 133 mut
622 102 759 132 &822-
778 103 820 132 A‘.
843 103 887 132 cst
902 101 970 132 693»
1332 101 1393 131 319

65 177 265 209 Othonianos
280 176 389 217 pavidi
403 176 521 216 duces,
535 175 631 208 miles
646 175 785 208 ducibus
800 176 961 215 infensus,
977 173 1079 206 mixta
1094 173 1242 206 vehicula
1255 177 1288 206 et
1300 174 1394 216 lixae,

64 228 97 256 et
114 224 288 264 praeruptis
305 223 476 264 utrimque-
487 223 581 254 fossis
596 223 650 254 via
660 223 779 263 squieto
797 232 928 264 quoque
950 221 1072 262 agmini
1090 223 1234 262 angusta.
1254 222 1396 254 circum-

63 273 254 306 sisteiealii
271 273 360 313 signa
375 282 455 312 sua,
472 281 619 313 quaerere
644 272 722 312 alii3
748 273 890 305 incertus
916 272 1059 313 undique
1082 270 1209 302 clamor
1230 280 1397 304 accurren-

62 322 146 354 tium
157 345 166 361 ,
186 321 416 360 volitantium3
435 323 467 352 et
481 323 520 351 ut
536 320 653 360 cuique
671 320 806 351 audacia
822 321 872 352 vel
890 319 1030 352 formido
1042 343 1052 359 ,
1070 318 1105 350 in
1121 318 1259 360 primam
1275 322 1399 361 postre-

63 377 192 401 mamve
210 367 312 399 aciem
331 367 588 409 prorumpebant
600 369 661 399 aut
678 367 916 400 relabebantur.

105 419 197 447 XLII.
226 414 392 447 Attonitas
417 414 528 446 subito
553 417 674 446 terrore
698 418 825 446 mentes
842 415 959 446 salsum
976 414 1130 455 gaudium
1153 414 1188 446 in
1211 414 1399 454 languorem

64 463 186 502 vertit,
202 462 339 503 repertis
356 462 414 503 qui
432 461 612 494 descivisse
628 470 650 493 a
672 463 808 494 Vitellio
825 463 1019 494 exercitum
1035 462 1285 494 ementirentur.
1304 461 1332 493 is
1350 471 1400 492 ru-

64 519 137 542 mor
150 510 190 542 ab
203 509 464 550 exploratoribus
477 509 598 541 Vitellii
614 508 798 550 dispersus,
815 519 855 541 an
872 510 906 541 in
921 510 988 550 ipsa
1002 509 1138 541 Othonis
1151 511 1242 550 parte
1257 518 1314 541 seu
1328 510 1402 541 dolo

65 567 121 590 seu
140 558 225 589 forte
241 558 419 588 surrexerit
430 581 438 597 ,
455 566 569 598 parum
586 558 805 598 compertum.
822 557 945 588 omisso
960 566 1078 597 pugnae
1095 557 1211 589 ardore
1227 557 1404 589 Othoniani

65 604 152 636 ultro
165 605 368 643 salutavere;
386 607 418 636 et
444 604 553 636 hostili
581 612 751 636 murmure
767 605 916 645 excepti,
940 605 1104 645 plerisque
1126 613 1260 636 suorum
1285 604 1405 644 ignaris

65 660 138 693 q’uae
161 660 259 683 causa
279 651 463 693 salutandi,
490 655 615 684 metum
639 651 834 693 proditionis
853 652 970 683 secere.
991 653 1062 683 tum
1087 652 1237 683 incubuit
1262 652 1406 683 hostium

66 698 151 730 acies
164 699 297 738 integris
310 699 494 739 ordinibus,
511 700 628 731 robore
644 701 677 731 et
690 708 829 730 numero
843 699 1053 740 praestantior
1067 709 1075 730 ε
1090 699 1279 738 Othoniani,
1296 707 1406 739 quam-

66 754 167 786 quam
184 746 343 787 dispersi,
363 747 551 787 pauciores,
569 747 641 778 fessi
652 771 660 786 ,
679 747 832 788 proelium
846 749 957 778 tamen
972 747 1089 778 acriter
1105 755 1284 787 sumpsere.
1303 749 1335 776 et
1352 754 1408 785 per

68 792 157 824 locos
174 793 343 824 arboribus
367 803 404 825 ac
428 794 533 825 vineis
561 794 763 834 impeditos¹
792 803 858 825 non
882 803 947 825 una
975 802 1094 834 pugnae
1122 794 1229 825 facies.
1257 793 1408 824 cominus

68 840 198 872 eminus
212 841 350 872 catervis
363 843 396 873 et
409 841 521 872 cuneis
537 842 789 872 concurrebant.
806 841 839 871 in
852 850 967 880 aggere
985 841 1047 871 viae
1060 840 1071 858 ²
1090 842 1208 872 collato
1224 841 1325 881 gradu
1341 849 1409 871 cor-

69 886 205 927 poribus
229 890 261 919 et
279 888 475 920 umbonibus
497 889 580 928 niti,
604 888 726 920 omisso
754 888 893 928 pilorum
914 888 1005 928 jactu
1019 912 1028 927 ,
1050 888 1166 927 gladiis
1181 892 1214 919 et
1240 888 1410 919 securibus

69 935 178 974 galeas
198 934 378 975 loricasque
402 945 612 976 perrumpere
630 945 638 966 ι
656 938 826 968 noscentes
839 935 850 953 ³
877 935 961 967 inter
983 944 1016 966 se
1028 959 1037 975 ‚
1056 935 1174 967 ceteris
1199 935 1368 975 conspicui
1381 933 1408 973 ⁴,

71 980 105 1014 in
121 984 277 1014 eventum
294 983 394 1014 totius
411 983 485 1014 belli
503 983 682 1014 certabant.

112 1033 220 1061 XLIII.
241 1032 336 1062 Forte
362 1031 445 1061 inter
467 1030 589 1061 Padum
610 1030 763 1071 viamque
785 1029 912 1072 patenti
935 1038 1053 1070 campo
1069 1029 1144 1061 duae
1168 1029 1310 1070 legiones
1335 1037 1412 1060 con-

73 1084 192 1116 gressae
208 1079 307 1116 sunt,
325 1087 383 1118 pro
399 1078 531 1109 Vitellio
548 1078 827 1117 unaetvicesima‚
851 1077 905 1109 cui
927 1086 1110 1117 cognomen
1128 1078 1281 1118 Rapaci,
1302 1079 1412 1108 vetere

75 1124 176 1164 gloria
192 1123 348 1164 insignis;
372 1133 390 1155 e
405 1126 497 1165 parte
517 1125 658 1156 Othonis
676 1124 783 1165 prima
798 1124 986 1165 Adjucrioe,
1004 1133 1070 1155 non
1087 1126 1163 1156 ante
1180 1125 1212 1155 in
1235 1124 1338 1155 aciem
1354 1123 1411 1154 de—

76 1169 196 1210 ducta,
223 1171 279 1202 sed
308 1171 397 1202 ferox
423 1174 456 1204 et
479 1172 554 1203 novi
572 1172 699 1203 decoris
723 1172 829 1203 avida.
854 1171 995 1212 primani
1014 1171 1124 1203 stratis
1145 1171 1412 1202 unaetvicesima-

78 1227 196 1250 norum
213 1219 380 1259 principiis
395 1219 402 1237 ¹
425 1220 566 1260 aquilam
585 1219 770 1258 abstulere;
786 1228 850 1260 quo
867 1218 978 1249 dolore
993 1227 1130 1250 accensa
1144 1218 1225 1258 legio
1240 1220 1273 1249 et
1287 1216 1414 1257 impulit

80 1274 190 1297 rursus
218 1266 404 1306 primanos,
430 1267 601 1298 interfecto
626 1266 782 1306 Orphidio
804 1266 942 1305 Benigno
966 1266 1092 1305 legato,
1118 1270 1151 1297 et
1172 1265 1311 1306 plurima
1325 1264 1415 1303 signa

79 1312 262 1352 vexillaque
277 1322 317 1344 ex
335 1314 481 1345 hostibus
499 1314 615 1353 rapuit.
635 1322 652 1344 a
670 1315 761 1354 parte
776 1312 858 1344 alia²
877 1313 1030 1353 propulsa
1047 1312 1277 1352 quintanorum
1291 1312 1415 1351 impetu

80 1360 303 1391 tertiadecima
317 1360 418 1400 legio;
438 1361 651 1392 circumventi
669 1360 811 1400 plurium
829 1370 965 1391 accursu
984 1360 1276 1399 quartadecimani.
1298 1362 1331 1391 et
1348 1358 1415 1389 du-

81 1405 172 1437 cibus
187 1407 322 1438 Othonis
337 1408 402 1446 jani
426 1408 551 1448 pridem
569 1408 716 1448 profugis
728 1430 737 1446 ‚
758 1408 885 1439 Caecina
903 1416 941 1438 ac
957 1408 1074 1439 Valens
1093 1407 1245 1439 subsidiis
1267 1416 1342 1438 suos
1362 1406 1415 1437 su·-

82 1453 227 1485 mabant.
255 1456 390 1487 accessit
413 1464 525 1487 recens
553 1455 712 1486 auxilium
734 1459 837 1486 Varus
862 1454 1051 1495 Alphenus³
1077 1463 1152 1486 cum
1174 1455 1319 1493 Batavis,
1348 1454 1418 1485 susa

83 1500 299 1541 gladiatorum
317 1511 434 1542 manu,
451 1512 548 1542 quam
566 1502 703 1533 navibus
718 1503 937 1534 transvectam
955 1502 1112 1543 oppositae
1128 1503 1277 1534 cohortes
1297 1502 1329 1532 in
1348 1501 1418 1541 ipso

85 1547 220 1579 flumine
239 1549 490 1580 trucidaverant.
511 1550 554 1580 ita
572 1550 710 1580 victores
727 1550 811 1581 latus
829 1550 973 1581 hostium
991 1550 1124 1581 invecti.

128 1598 233 1628 XLIV.
260 1599 296 1628 Et
312 1597 420 1628 media
435 1597 504 1628 acie
520 1598 672 1637 perrupta
688 1596 797 1636 sugere
813 1598 932 1638 passim
948 1597 1144 1636 Othoniani,
1161 1596 1352 1629 Bedriacum
1370 1604 1420 1635 pe-

89 1643 205 1675 tentes.
220 1644 418 1676 immensum
437 1645 466 1675 id
481 1645 623 1686 spatium
639 1644 645 1661 ¹
661 1656 669 1684 3
686 1644 863 1677 obstructae
879 1648 983 1686 strage
997 1654 1170 1685 corporum
1183 1644 1255 1676 viae.
1270 1652 1335 1684 quo
1349 1643 1422 1684 plus

91 1691 192 1723 caedis
210 1692 272 1723 suit
287 1702 295 1723 ε
314 1701 418 1733 neque
432 1693 521 1725 enim
537 1693 684 1725 civilibus
698 1693 790 1725 bellis
803 1695 888 1735 capii
905 1694 937 1725 in
953 1693 1095 1733 praedam
1112 1694 1296 1725 vertuntur.
1314 1695 1424 1724 Sueto-

91 1738 167 1770 nius
186 1740 340 1771 Paulinus
360 1742 393 1772 et
411 1741 553 1773 Licinius
577 1741 734 1772 Proculus
760 1740 899 1772 diversis
917 1742 1089 1773 itineribus
1107 1744 1214 1772 castra
1238 1738 1422 1772 vitavere2.

93 1785 234 1817 Vedium
250 1787 422 1827 Aquilam,
444 1787 686 1819 tertiaedecimae
706 1787 841 1827 legionis
868 1789 1009 1828 legatum
1026 1813 1035 1827 ,
1061 1787 1119 1819 irae
1142 1788 1284 1819 militum
1310 1787 1425 1819 incon-

95 1833 198 1864 sultus
215 1842 315 1873 pavor
332 1834 462 1866 obtulit.
482 1834 586 1866 multo
601 1834 706 1865 adhuc
723 1834 775 1866 die
786 1834 797 1853 ³
817 1835 939 1866 vallum
955 1836 1118 1874 ingressus
1136 1835 1277 1866 clamore
1294 1834 1428 1866 seditio-

96 1888 207 1912 sorum
220 1883 252 1913 et
270 1883 431 1921 fugacium
447 1882 669 1922 circumstrepi
677 1884 744 1920 tur;
759 1890 823 1912 non
841 1882 983 1922 probris,
998 1892 1063 1914 non
1081 1881 1231 1914 manibus
1246 1881 1426 1920 abstinent3

97 1927 307 1961 desertorem
323 1930 605 1970 proditoremque
630 1929 819 1969 increpant,
838 1929 927 1960 nullo
944 1930 1074 1970 proprio
1096 1929 1232 1961 crimine
1254 1930 1324 1968 ejus
1337 1953 1348 1969 ‚
1373 1928 1429 1959 sed

100 1982 190 2006 more
206 1976 305 2016 vulgi,
324 1986 418 2008 suuni
436 1976 572 2017 quisque
588 1976 745 2016 flagitium
762 1976 833 2007 aliis
847 1976 1056 2016 objectantes.
1072 1977 1236 2009 Titianum
1256 1978 1290 2008 et
1302 1975 1429 2008 Celsum

101 2030 165 2053 nox
178 2023 286 2064 juvit,
301 2025 467 2066 dispositis
478 2024 545 2065 jam
560 2024 707 2056 excubiis
730 2025 988 2065 compressisque
1007 2025 1188 2065 militibus,
1206 2033 1291 2066 quos
1308 2024 1430 2056 Annius

102 2070 209 2103 Gallus
222 2072 360 2104 consilio
373 2097 382 2113 ,
399 2072 550 2113 precibus
562 2096 570 2111 ‚
588 2071 780 2104 auctoritate
794 2072 941 2112 flexerat,
954 2081 995 2104 ne
1007 2081 1110 2114 super
1126 2072 1264 2105 cladem
1276 2071 1431 2104 adversm

136 2170 257 2196 xisti.
270 2170 370 2196 vta-e.
389 2176 426 2196 π.
439 2183 467 2189 -—
479 2177 502 2196 a.
519 2172 722 2199 Postumlaesut
739 2177 760 2195 e.
782 2177 820 2196 2⁴.
833 2173 965 2202 Compara
988 2171 1130 2196 Plutarchi
1146 2172 1333 2196 narrationem
1353 2171 1433 2201 hujus

108 2210 205 2235 pugnae
218 2211 241 2230 e.
259 2211 282 2231 ii
295 2208 477 2237 seqq—asc.
489 2213 517 2231 se
533 2213 539 2231 z
553 2202 750 2243 γνωρίζοντες
764 2202 977 2239 ἀλλήλους-4.
992 2208 1091 2238 Utpote
1105 2208 1132 2232 in
1147 2213 1256 2238 aggere.

132 2246 231 2287 julli.
248 2252 269 2271 ι.
283 2249 378 2272 Primis
388 2248 538 2278 ordinibuS‚
552 2244 725 2285 προμάχοις
739 2248 1062 2278 apud.Plutarchum.—2.
1081 2250 1110 2273 ln
1123 2250 1234 2273 sinistro
1246 2254 1332 2273 cornu
1348 2246 1434 2272 Otho-

112 2287 318 2308 manotumma.
331 2284 406 2309 cont.
423 2290 449 2309 c.
461 2289 491 2309 2⁹
497 2286 525 2308 et
537 2290 574 2310 aa.

144 2318 234 2342 XLIV.
249 2324 271 2343 ι.
288 2319 431 2344 Plutarcho
448 2325 491 2344 iso
503 2320 667 2345 stadim—2.
681 2320 811 2344 Militum
822 2321 908 2348 metu,
920 2321 1036 2350 culpam
1051 2320 1081 2344 in
1095 2320 1182 2344 duces
1193 2319 1379 2348 vertentium,
1392 2317 1438 2342 ad-

114 2352 399 2382 ίίἰῑΡωῐίιιῑιῆ]ιιεη-»ιιιΔ
409 2356 498 2385 Quum
513 2355 601 2381 multa
617 2356 673 2380 diei
688 2361 750 2385 pars
763 2357 927 2385 superesset.
