1539 2668
520 169 553 198 A.
576 168 613 197 U.
636 168 671 196 C.
696 167 769 196 822.
794 168 831 196 A.
855 167 890 196 C.
915 168 966 197 69.
1346 167 1409 197 313

117 242 236 275 lisdem
249 241 364 273 diebus
380 249 399 272 a
420 240 539 272 Marcio
562 244 671 271 Macro
692 239 777 270 haud
799 239 912 279 procul
929 243 1091 271 Cremona
1111 247 1264 278 prospere
1286 247 1406 279 pugna-

75 292 161 323 tum.
186 297 329 330 namque
358 289 527 328 promptus
549 286 650 318 animi
672 287 812 317 Marcius
829 288 1034 318 transvectos
1056 285 1193 316 navibus
1215 286 1408 326 gladiatores

76 338 112 370 in
126 337 292 368 adversam
304 336 383 367 Padi
397 335 497 376 ripam
511 336 642 375 repente
656 334 805 365 effundit.
818 334 949 365 turbata
959 333 1260 365 ibivitellianorum
1275 334 1407 373 auxilia,

77 385 112 416 et
129 384 247 416 ceteris
267 387 459 415 Cremonam
477 381 676 422 fugientibus
693 382 770 412 caesi
790 382 845 421 qui
864 382 1060 413 restiterant.
1077 380 1135 413 sed
1151 389 1318 420 repressus
1335 382 1409 412 vin-

77 432 224 463 centium
240 431 381 472 impetus
393 454 401 469 ,
422 439 461 462 ne
480 430 575 461 novis
596 429 752 461 subsidiis
770 429 889 461 firmati
908 430 1019 460 hostes
1036 429 1201 459 fortunam
1219 428 1323 468 proelii
1340 439 1412 461 mn·

77 480 198 510 tarent.
220 481 407 519 suspectum
425 478 458 509 id
476 478 669 509 Othonianis
684 477 745 508 fuit
761 478 871 508 onmia
885 477 1007 508 ducum
1026 476 1110 507 facta
1124 484 1224 516 prave
1247 476 1412 507 aestimau-

78 526 178 559 tibus.
203 526 372 565 certatim,
386 528 423 556 ut
437 526 574 566 quisquc
589 525 698 556 animo
715 525 852 565 ignavus
865 549 873 564 ‚
895 533 1012 564 procax
1031 531 1086 554 ore
1099 548 1108 564 ,
1126 523 1266 554 Annium
1284 524 1414 555 Gallum

78 575 113 605 et
129 573 319 606 Suetonium
345 573 516 604 Paulinum
537 575 569 605 et
583 573 721 604 Marium
744 572 872 604 Celsum
893 571 981 612 [nam
999 579 1054 602 eos
1081 580 1212 611 quoque
1229 571 1315 602 Otho
1333 580 1415 611 prae-

78 620 211 661 fecerat]
228 620 326 652 variis
342 620 534 651 criminibus
550 620 769 652 incessebant.
787 619 945 651 acerrima
962 618 1161 649 seditionum
1185 626 1224 649 ac
1243 618 1416 650 discordiae

77 668 290 700 incitamenta
306 668 530 700 interfectores
540 669 657 700 Galbae.
675 667 796 699 scelere
813 670 846 698 et
856 669 946 698 metu
961 665 1117 698 vecordes
1134 665 1269 697 miscere
1283 667 1413 704 cuncta,

78 716 177 746 modo
201 717 305 756 palam
331 715 470 747 turbidis
494 716 648 754 vocibus,
673 716 770 746 modo
786 715 926 746 occultis
947 714 986 746 ad
1008 713 1173 745 Othonem
1191 713 1335 752 litteris3
1359 714 1417 753 qui

77 763 263 794 humillimo
286 763 402 803 cuique
418 762 586 802 credulus,
607 763 711 795 bonos
730 765 880 794 metuens
911 761 1116 802 trepidabat,
1139 760 1235 792 rebus
1253 761 1418 800 prosperis

79 810 223 841 incertus
247 812 280 841 et
302 811 387 841 inter
412 810 547 841 adversa
571 811 696 842 melior.
716 811 815 850 igitur
830 810 995 842 Titianum
1021 808 1153 839 fratrem
1171 809 1312 839 accitum
1333 808 1417 840 bello

79 857 271 898 praeposuit.

121 908 230 937 XXIV.
245 906 371 935 Interea
388 904 525 935 Paullini
540 906 573 936 et
585 904 669 936 Celsi
683 904 784 935 ductu
799 913 850 935 res
865 903 1000 943 egregiae
1017 905 1126 942 gestae.
1146 902 1307 941 angebant
1320 902 1420 934 Caeci-

79 960 155 983 nam
167 952 384 992 nequicquam
399 952 508 983 omnia
521 954 627 992 coepta
640 955 673 983 et
687 960 859 983 senescens
873 951 1035 982 exercitus
1049 950 1099 981 sui
1113 949 1209 980 sama.
1228 949 1339 989 pulsus
1355 950 1419 980 Pla-

79 999 205 1040 centia,
224 999 317 1031 caesis
340 1009 443 1040 nuper
460 999 602 1039 auxiliis,
625 999 724 1031 etiam
739 1008 796 1040 per
809 1007 1008 1030 concursum
1026 998 1271 1038 exploratorum
1283 1021 1291 1035 ,
1307 996 1419 1027 crebra

80 1048 183 1087 magis
200 1055 299 1087 quam
324 1047 423 1086 digna
445 1050 628 1079 memoratu
654 1047 790 1088 proelia,
813 1047 960 1085 inferior,
978 1046 1218 1086 propinquante
1242 1044 1342 1075 Fabio
1359 1046 1422 1075 Va-

80 1094 167 1126 lente
180 1119 188 1134 ,
207 1103 248 1125 ne
264 1103 361 1126 omne
377 1093 450 1125 belli
468 1094 568 1126 decus
592 1095 669 1126 illuc
692 1094 902 1133 concederet,
923 1101 1114 1133 recuperare
1133 1092 1268 1132 gloriani
1290 1091 1420 1122 avidius

80 1149 180 1180 quam
204 1141 382 1172 consultius
400 1141 604 1181 properabat.
623 1142 663 1172 ad
680 1141 911 1172 duodecimum
930 1140 936 1158 ¹
958 1149 976 1171 a
1000 1144 1160 1171 Cremona
1186 1139 1288 1178 (locus
1314 1139 1422 1169 Casto-

83 1196 157 1219 rum
173 1188 321 1229 vocatur)
347 1188 564 1220 ferocissimos
584 1189 792 1220 auxiliarium
817 1187 1064 1218 imminentibus
1087 1186 1150 1217 viae
1174 1186 1256 1217 lucis
1274 1186 1421 1217 occultos

84 1237 263 1277 componit.
289 1236 417 1276 equites
436 1236 623 1276 procedere
643 1237 777 1277 lonyius
793 1236 896 1275 jussi,
915 1237 948 1266 ec
971 1236 1114 1265 iri-italo
1130 1233 1140 1251 ²
1157 1234 1284 1273 proelz‘o
1300 1236 1421 1273 sponte

83 1284 201 1324 restem·
211 1283 476 1323 festinationem
492 1286 711 1324 sequentium
734 1284 857 1315 elicere
870 1307 879 1322 ‚
903 1282 1007 1314 donec
1030 1281 1165 1312 insidere
1183 1283 1419 1312 coorerentzcr.

82 1331 250 1371 proditum
270 1331 302 1362 id
322 1331 517 1362 Othonianis
539 1331 697 1371 ducibus,
715 1332 748 1361 et
773 1338 884 1361 curam
908 1328 1053 1369 peditum
1071 1328 1228 1359 Paulinus
1244 1351 1252 1365 ,
1271 1328 1419 1367 equiturn

82 1378 196 1409 Celsus
213 1386 393 1418 sumpsere.
409 1377 656 1409 tertiaedecimae
681 1377 816 1416 legionis
840 1376 1016 1414 vexillum,
1041 1376 1197 1415 quattuor
1223 1375 1420 1406 auxiliorum

84 1426 236 1457 cohortes
259 1426 291 1457 et
316 1425 482 1466 quingenti
510 1425 636 1465 equites
661 1425 694 1455 in
721 1425 853 1456 sinistro
878 1424 1045 1462 locantur;
1065 1430 1213 1462 aggerem
1240 1422 1302 1452 viae
1318 1421 1329 1439 ³
1357 1426 1422 1455 tres

83 1472 246 1513 praetoriae
262 1472 411 1503 cohortes
427 1472 500 1504 altis
523 1472 694 1503 ordinibus
711 1472 901 1510 obtinuere;
924 1471 1040 1501 dextra
1061 1470 1165 1500 fronte
1181 1469 1190 1486 ⁴
1213 1469 1317 1509 prima
1339 1470 1423 1510 legio

84 1520 218 1551 incessit
243 1528 318 1551 cum
347 1519 475 1551 duabus
501 1519 714 1551 auxiliaribus
748 1518 940 1550 cohortibus
969 1520 1001 1548 et
1030 1517 1217 1557 quingentis
1244 1517 1420 1556 equitibus.

84 1576 180 1608 super
202 1567 261 1599 hos
285 1576 303 1599 e
328 1567 483 1608 praetorio
509 1568 706 1608 auxiliisque
730 1567 818 1599 mille
841 1567 967 1605 equites
981 1590 989 1605 ,
1011 1564 1166 1596 cumulus
1185 1565 1346 1605 prosperis
1366 1567 1424 1597 aut

85 1614 269 1647 subsidium
286 1614 528 1655 laborantibus,
546 1615 761 1647 ducebantur.

127 1666 220 1694 XXV.
242 1663 422 1702 Antequam
440 1662 655 1694 miscerentur
669 1662 766 1702 acies,
780 1663 871 1701 terga
886 1659 1090 1692 vertentibus
1102 1659 1295 1698 Vitellianis,
1310 1659 1422 1692 Celsus

87 1709 153 1740 doli
170 1709 312 1749 prudens
325 1710 477 1750 repressit
493 1709 756 1742 suos.Vitelliani
773 1712 896 1741 temere
912 1708 1134 1746 exsurgentes,
1150 1706 1286 1738 cedente
1303 1708 1425 1739 sensim

87 1756 200 1795 celso,
222 1755 349 1795 longius
378 1757 479 1787 secuti
504 1757 592 1788 ultro
616 1757 650 1787 in
674 1757 812 1788 insidias
839 1755 1095 1796 praecipitantur.
1122 1762 1197 1784 nam
1223 1761 1242 1783 a
1268 1754 1425 1787 lateribus

88 1803 261 1842 cohortes,
283 1803 449 1842 legionum
466 1803 604 1834 adversa
628 1803 739 1842 frons3
766 1804 799 1835 et
827 1802 936 1833 subito
962 1801 1113 1832 discursu
1140 1803 1230 1840 terga
1255 1801 1427 1833 cinxerant

88 1853 224 1893 equites.
242 1852 368 1893 signum
383 1861 500 1893 pugnae
517 1862 583 1884 non
600 1853 711 1884 statim
727 1862 745 1884 a
766 1853 920 1884 Suetonio
933 1851 1070 1883 Paulino
1087 1850 1187 1890 pediti
1201 1851 1325 1882 datum.
1348 1861 1426 1883 cun·

90 1902 194 1932 ctator
210 1903 326 1932 natura
337 1924 346 1940 ‚
364 1902 396 1932 et
413 1900 579 1932 cui'cauta
593 1901 701 1941 potius
718 1900 851 1932 consilia
865 1908 938 1930 cum
957 1899 1081 1929 ratione
1103 1907 1200 1937 quam
1216 1907 1367 1938 prospera
1383 1909 1422 1931 ex

89 1956 168 1979 casu
186 1948 368 1988 placerent,
382 1948 544 1989 compleri
563 1948 692 1987 fossas,
711 1949 845 1988 aperit-t
863 1954 1025 1986 campum
1040 1945 1064 1983 ¹,
1077 1944 1192 1985 pandi
1210 1947 1317 1977 aciem
1336 1945 1428 1985 jube-

90 1996 159 2035 bat,
175 1997 259 2027 satis
273 1997 339 2027 cito
355 1997 459 2036 incipi
478 1997 661 2027 victoriam
676 1996 786 2034 ratus,
806 1995 865 2026 ubl
883 1994 1063 2034 provisum
1077 1991 1175 2031 foret
1193 2001 1234 2024 ne
1249 1994 1424 2025 vinceren-

91 2044 164 2074 tur.
184 2051 221 2074 ea
240 2043 447 2074 cunctatione
464 2043 605 2084 spatium
621 2042 803 2075 Vitellianis
817 2042 930 2073 datum
950 2041 982 2071 in
998 2040 1111 2071 vineas
1135 2049 1223 2071 nexu
1245 2040 1423 2071 traducum

90 2090 260 2130 impeditas
281 2091 469 2130 refugiendi.
500 2094 532 2122 et
563 2090 690 2122 modica
715 2090 796 2121 silva
821 2088 1033 2128 adliaerebat3
1061 2087 1148 2118 unde
1173 2095 1287 2118 rursus
1319 2089 1389 2119 ausi
1413 2088 1424 2105 2

91 2138 353 2178 promptissimos
372 2137 642 2179 praetorianorum
666 2138 814 2178 equitum
840 2136 1039 2168 interfecere.
1058 2135 1251 2166 vulneratur
1271 2143 1327 2166 rex
1354 2136 1426 2175 Epi-

92 2184 214 2223 phanes
229 2184 241 2203 3
262 2185 400 2226 impigre
421 2194 480 2226 pro
496 2186 625 2217 Othone
641 2194 782 2226 pugnam
800 2184 900 2216 ciens.

134 2236 242 2264 XXVI.
269 2237 351 2264 Tum
374 2233 577 2265 Othonianus
602 2233 701 2274 pedes
726 2233 843 2273 erupit.
865 2232 1004 2273 protrita
1030 2231 1174 2263 hostium
1198 2231 1266 2262 acie
1282 2230 1369 2263 versi
1390 2231 1425 2261 in

125 2326 254 2351 XXIV.¹.
269 2326 311 2351 Sc.
325 2326 444 2356 lapidem
454 2327 700 2357 (milliarium).——2.
714 2327 851 2352 irritando
867 2326 976 2350 hostem
996 2325 1118 2350 excitato
1135 2323 1307 2354 puelia-5.
1328 2325 1430 2348 Postu-

97 2362 157 2386 miae
167 2368 175 2390 ;
186 2367 213 2384 v.
230 2362 275 2390 111,
285 2366 377 2386 21.—4.
390 2363 494 2387 Dextro
507 2369 600 2388 cornu.

125 2397 209 2420 XXV.
223 2402 243 2420 ι.
256 2396 389 2421 Caedendo
402 2397 522 2427 arbores,
537 2399 668 2423 vites-2.
686 2398 825 2423 Audentes
836 2396 971 2424 {nott—3.
983 2395 1120 2427 Antiochi,
1133 2395 1206 2426 regis
1220 2397 1444 2424 Commagenes„

96 2431 178 2456 filius.
191 2430 277 2462 Reqes
291 2432 426 2457 vocantur
440 2432 522 2459 etiam
532 2439 629 2466 regum
641 2433 700 2459 filii.
