1539 2668
30 1815 38 1858 l

496 157 534 186 A.
558 157 595 186 U.
619 154 656 186 C.
682 157 754 186 819.
780 157 815 186 A.
840 158 874 187 C.
900 160 951 187 66.
1329 163 1388 194 261

56 233 113 274 qui
137 231 169 264 id
189 231 379 272 censuerat',
399 230 471 263 ideo
492 232 640 263 Iunium
668 240 824 263 mensum
847 234 1102 273 transmissum,
1118 236 1201 275 quia
1221 235 1290 268 duo
1309 236 1390 277 jam

59 282 230 321 Torquati
248 279 260 298 ³
279 279 318 311 ob
334 279 462 311 scelera
477 278 649 314 interfecti
663 278 862 317 infaustum
875 288 996 311 nomen
1009 281 1340 321 Juniumfecissenc.

99 331 184 359 XIII.
207 329 268 358 Tot
285 326 479 358 facinoribus
496 325 617 357 foedum
634 334 754 356 annum
773 326 871 357 etiam
887 325 933 357 dii
952 329 1198 369 tempestatibus
1215 331 1247 361 et
1270 329 1392 363 morbis

57 374 263 414 insignivere.
296 375 421 406 vastata
445 372 620 413 Campania
643 372 772 404 turbine
801 375 992 413 ventorum,
1022 375 1077 415 qui
1099 375 1211 415 villas,
1238 376 1391 418 arbusta,

56 422 166 462 fruges
178 421 299 463 passim
317 421 440 461 disjecit
463 420 658 461 pertulitque
675 420 865 452 violentiam
881 420 921 452 ad
935 421 1043 453 vicina
1058 422 1134 454 Urbi
1155 433 1161 453 :
1177 423 1209 454 in
1221 432 1285 463 qua
1295 431 1392 456 omne

57 469 244 501 mortalium
272 477 371 509 genus
395 468 444 499 vis
467 466 655 508 pestilentiae
681 467 950 508 depopulabatur,
972 469 1060 501 nulla
1084 470 1157 501 coeli
1179 471 1391 511 intemperie,

58 525 133 558 quae
149 518 335 548 occurreret
348 516 461 547 oculis.
486 515 542 547 sed
558 515 674 546 domus
698 515 886 555 corporibus
900 516 1056 548 exanimis
1068 541 1077 557 ‚
1095 517 1211 549 itinera
1225 518 1392 549 funeribus

58 564 315 604 complebantur.
332 572 397 594 non
423 571 539 603 sexus,
563 572 627 594 non
644 564 722 594 aetas
742 562 882 603 periculo
907 572 1021 595 vacua.
1048 565 1181 596 servitia
1208 565 1341 606 perinde
1358 565 1392 596 et

56 608 195 650 ingenua
211 610 319 651 plebes
335 610 451 650 raptim
468 610 630 650 exstingui
644 611 726 641 inter
743 610 915 650 conjugum
930 612 963 642 et
978 611 1154 643 liberorum
1169 612 1322 652 lamenta,
1335 615 1392 653 qui

56 659 135 692 dum
152 658 312 697 assident,
329 657 409 689 dum
432 657 550 689 deflent
564 683 572 698 ,
591 667 678 699 saepe
692 657 804 690 eodem
824 667 898 697 rogo
916 658 1153 690 cremabantur.
1174 660 1325 700 Equitum
1344 668 1393 692 se·

58 707 279 746 natorumque
303 705 454 737 interitus
470 705 618 745 quamvis
635 704 812 745 promiscui
832 706 939 737 minus
955 705 1077 738 flebiles
1096 707 1188 737 erant
1201 730 1210 746 ,
1236 708 1391 748 tanquam

59 753 223 786 communi
244 753 442 784 mortalitate
474 752 634 784 saevitiam
652 752 810 793 Principis
827 752 1051 793 praevenirent.
1072 754 1189 785 Eodem
1207 762 1292 785 anno
1310 755 1394 787 dele-

58 801 130 833 ctus
146 809 202 841 per
217 800 351 832 Galliam
368 799 608 832 Narbonensem
622 799 828 840 Africamque
843 803 876 832 et
891 800 998 832 Asiam
1021 800 1123 833 habiti
1139 802 1216 832 sunt
1234 802 1391 842 supplen-

59 847 109 880 dis
131 848 251 888 Illyrici
273 847 470 886 legionibus,
490 856 530 878 ex
546 847 666 887 quibus
684 848 780 878 aetate
805 849 862 879 aut
876 847 1063 879 valetudine
1090 847 1165 879 fessi
1186 851 1393 882 sacramento

58 895 276 927 solvebantur.
295 894 426 926 cladem
442 893 692 934 Lugdunensem
709 894 715 911 ¹
737 893 930 934 quadragies
945 894 1093 927 sestertio
1106 894 1231 926 solatus
1243 898 1291 927 est
1307 896 1394 929 Prin-

59 950 155 983 ceps,
170 944 207 973 ut
223 941 340 973 amissa
360 941 434 972 urbi
450 942 664 982 reponerent:
684 949 780 982 quam
797 941 968 982 pecuniam
991 941 1222 982 Lugdunenses
1244 944 1320 975 ante
1335 942 1395 975 ob-

58 989 199 1022 tulerant
219 989 357 1021 turbidis
377 988 519 1021 casibus.

101 1040 182 1069 XIV.
207 1040 241 1069 C.
257 1036 428 1077 Suetonio,
446 1040 481 1068 L.
502 1035 650 1068 Telesino
666 1039 755 1069 Coss.
775 1036 783 1054 ¹
811 1036 969 1068 Antistius
986 1035 1156 1076 Sosianus,
1184 1035 1339 1068 factitatis
1361 1035 1393 1069 in

58 1089 219 1118 Neronem
241 1084 439 1115 carminibus
462 1083 626 1124 probrosis
647 1083 781 1124 exsilio,
802 1085 839 1115 ut
866 1083 935 1115 dixi
953 1083 979 1123 ²,
1001 1084 1179 1125 multatus,
1221 1085 1394 1125 postquam

60 1132 94 1164 id
117 1132 248 1163 honoris
263 1131 274 1149 ³
307 1131 466 1162 indicibus
486 1134 616 1171 tamque
633 1133 820 1171 promptum
837 1131 879 1163 ad
903 1131 1006 1163 caedes
1034 1131 1216 1172 Principem
1244 1131 1392 1172 accepit,

64 1179 194 1220 inquies
212 1178 320 1209 animo
333 1181 366 1210 et
379 1178 583 1209 occasionum
599 1177 687 1209 haud
704 1178 810 1218 segnis
824 1179 1035 1209 Pammenem
1057 1178 1206 1218 eJusdem
1224 1178 1286 1209 loci
1301 1186 1395 1209 exsu-

60 1226 125 1258 lem
147 1227 179 1259 et
192 1226 413 1259 Chaldaeorum
440 1228 508 1257 arte
524 1225 681 1257 famosum
700 1234 801 1265 eoque
813 1225 990 1256 multorum
1007 1225 1158 1257 amicitiis
1176 1226 1332 1257 innexum
1347 1226 1393 1257 si·

58 1274 246 1306 militudine
273 1274 412 1305 fortunae
429 1273 490 1304 sibi
507 1273 670 1305 conciliat.
686 1273 845 1304 ventitare
870 1273 910 1304 ad
930 1281 1004 1304 eum
1028 1273 1161 1304 nuntios
1179 1276 1210 1305 et
1237 1273 1396 1305 consulta·

62 1322 165 1353 tiones
177 1321 186 1339 ⁴
208 1330 273 1353 non
291 1321 409 1352 frustra
425 1322 527 1359 ratus,
543 1321 639 1352 simul
653 1329 793 1351 annuam
812 1319 981 1360 pecuniam
998 1328 1016 1350 a
1032 1323 1066 1351 P.
1086 1320 1200 1352 Anteio
1218 1319 1396 1352 ministrari

62 1369 237 1408 cognoscit.
266 1377 369 1408 neque
396 1368 541 1399 nescium
561 1367 698 1399 habebat
714 1367 865 1398 Anteium
894 1366 1030 1398 caritate
1047 1367 1230 1407 Agrippinae
1253 1367 1396 1400 invisum

62 1415 179 1448 Neroni
197 1424 339 1456 opesque
359 1415 427 1455 ejus
445 1414 626 1455 praecipuas
650 1414 690 1445 ad
704 1414 892 1445 eliciendam
909 1413 1094 1454 cupidinem
1115 1423 1249 1454 eamque
1266 1422 1395 1446 causam

61 1462 173 1493 multis
186 1461 283 1494 exitio
299 1471 380 1494 esse.
408 1462 504 1502 igitur
518 1461 706 1502 interceptis
723 1461 830 1492 Anteii
850 1460 966 1492 litteris
977 1484 986 1499 ‚
1012 1461 1139 1492 furatus
1156 1461 1254 1493 etiam
1271 1461 1396 1493 libellos

63 1509 181 1550 quibus
203 1509 272 1541 dies
288 1509 433 1549 genitalis
450 1509 518 1549 eJ'us
538 1509 570 1540 et
595 1510 751 1540 eventura
778 1508 908 1540 secretis
932 1508 1114 1540 Pammenis
1137 1507 1396 1550 occultabantur,

63 1557 158 1588 simul
178 1557 310 1597 repertis
327 1565 400 1597 quae
426 1556 466 1587 de
495 1558 569 1588 ortu
596 1556 730 1596 vitaque
747 1555 867 1587 Ostorii
888 1556 1034 1596 Scapulae
1050 1555 1060 1573 ⁵
1077 1555 1256 1596 composita
1284 1559 1395 1596 crant,

63 1603 177 1635 scribit
193 1604 232 1635 ad
247 1604 428 1644 Principem
449 1616 463 1629 κ
481 1612 598 1643 magna
616 1612 650 1634 se
664 1605 694 1634 et
709 1612 782 1643 quae
798 1602 1013 1634 incolumitati
1030 1602 1098 1642 ejus
1115 1603 1333 1635 conducerent
1348 1603 1396 1634 al-

67 1662 82 1676 «
101 1649 241 1682 laturum
256 1676 265 1691 ,
284 1651 311 1682 si
327 1650 459 1682 brevem
476 1650 580 1682 exsilii
597 1649 725 1682 veniam
742 1650 753 1667 ⁶
780 1649 1044 1691 impetravisset3
1063 1649 1182 1691 quippe
1199 1650 1350 1681 Anteium
1364 1651 1397 1683 et

67 1708 82 1723 «
100 1698 263 1730 Ostorium
276 1698 446 1729 imminere
463 1697 558 1729 rebus
582 1698 614 1729 et
632 1705 689 1728 sua
704 1696 902 1737 Caesarisque
916 1696 981 1727 sata
997 1696 1144 1728 scrutari.
1162 1709 1177 1724 »
1193 1696 1266 1728 exin
1290 1697 1396 1728 missae

63 1743 232 1777 liburnicae
245 1770 253 1785 ‚
280 1744 515 1785 advehiturque
535 1753 670 1785 propere
682 1744 845 1776 Sosianus.
863 1752 900 1774 ac
921 1742 1050 1783 vulgato
1078 1743 1147 1783 ejus
1168 1743 1288 1775 indicio
1313 1744 1397 1775 inter

66 1790 235 1824 damnatos
255 1794 356 1832 magis
375 1801 472 1833 quam
493 1793 576 1823 inter
597 1800 668 1823 reos
685 1792 820 1823 Anteius
842 1790 1054 1831 Ostoriusque
1078 1790 1290 1830 habebantur,
1314 1790 1395 1821 adeo

33 1867 37 1870 .
68 1838 104 1869 ut
117 1839 348 1870 testamentum
362 1839 469 1871 Anteii
486 1848 582 1871 nemo
595 1839 790 1878 obsignaret‚
801 1838 862 1869 nisi
873 1837 1048 1877 Tigellinus
1064 1840 1176 1869 auctor
1188 1837 1395 1876 exstitisset⁷‚

31 1875 38 1887 ²
66 1885 191 1917 monito
204 1886 292 1927 prius
307 1886 420 1917 Anteio
443 1894 484 1917 ne
505 1893 686 1925 supremas
701 1884 841 1916 tabulas
851 1887 1062 1915 moraretur.
1079 1886 1177 1924 atque
1190 1885 1261 1923 ille,
1278 1885 1394 1915 hausto

36 1943 38 1948 ¹
67 1940 211 1973 veneno,
238 1933 423 1964 tarditatem
441 1931 509 1971 eJus
534 1940 670 1972 perosus
691 1930 849 1962 intercisis
872 1930 964 1961 venis
988 1933 1126 1962 mortem
1140 1930 1378 1971 approperavit.

109 1984 176 2013 XV.
202 1981 348 2012 Ostorius
368 1979 551 2020 longinquis
568 1978 601 2010 in
620 1978 703 2018 agris
721 1977 807 2018 apud
820 1977 916 2008 finem
933 1977 1084 2017 Ligurum
1098 1977 1131 2009 id
1144 1977 1300 2017 temporis
1315 1979 1396 2009 erat.

36 2017 41 2051 ·'
64 2036 106 2060 eo
123 2028 240 2059 missus
260 2028 423 2066 centurio,
444 2027 499 2067 qui
521 2025 644 2058 caedem
663 2026 732 2065 ejus
752 2026 940 2057 maturaret.
964 2033 1062 2056 causa
1090 2023 1265 2055 festinandi
1288 2032 1326 2055 ex
1356 2033 1394 2055 eo

32 2067 39 2086 '¹
65 2075 245 2115 oriebatur,
260 2076 346 2116 quod
364 2075 512 2107 Ostorius
540 2073 642 2105 multa
667 2072 799 2104 militari
826 2072 911 2104 fama
927 2072 960 2104 et
983 2072 1119 2103 civicam
1137 2079 1291 2103 coronam
1307 2070 1395 2111 apud

70 2165 211 2192 Claudius
231 2167 324 2192 Coesar
342 2168 489 2197 Anqustus
508 2165 705 2191 Germanicus.
718 2177 744 2182 -
756 2170 777 2189 e.
792 2164 866 2188 Junii
886 2163 971 2188 Silani
984 2163 1114 2193 Torquati
1124 2181 1130 2192 ,
1145 2161 1178 2187 de
1195 2160 1292 2192 quibus
1303 2160 1394 2191 paullo

67 2203 134 2227 ante
147 2204 174 2227 et
188 2199 244 2231 XV,
261 2208 297 2227 ss.
314 2203 525 2227 Transmissum
551 2203 689 2229 omissum.
703 2201 731 2224 in
741 2200 818 2224 tastis
835 2200 1013 2229 praeteritum.

98 2239 170 2264 Xltl.
182 2244 205 2264 ι.
220 2240 341 2270 Lugduni
351 2240 385 2269 (h.
401 2241 489 2270 Lyon)
505 2240 609 2264 fundati
620 2246 635 2263 a
649 2238 769 2263 Munatio
794 2237 892 2262 Planco
905 2244 931 2261 a.
946 2238 977 2263 U.
999 2242 1053 2267 711,
1070 2235 1219 2261 centesimo
1239 2240 1319 2262 anno¹
1341 2239 1393 2261 an,

69 2274 154 2299 deleti
166 2275 291 2300 incendio
304 2275 372 2305 dire,
393 2276 466 2306 quod
487 2277 583 2300 narrat
598 2277 627 2299 et
648 2274 772 2304 deplorat
796 2274 899 2298 Seneca
920 2272 1051 2303 Epistola
1073 2277 1112 2297 ai.
1131 2270 1263 2297 solatium
1282 2269 1396 2294 Neronis

71 2311 132 2339 post
147 2310 291 2340 septimum
305 2311 412 2334 demum
427 2317 527 2335 annum
542 2310 707 2334 calamitatis
719 2307 878 2335 adhibitum,
892 2308 1042 2338 ⁷³s‚2·iosr.

101 2345 169 2369 xlv.
184 2350 204 2369 ¹.
219 2346 249 2369 A.
266 2346 296 2370 U.
310 2351 360 2376 ωε),
375 2352 402 2376 p.
414 2347 474 2371 Chr.
492 2350 587 2370 ec.—2.
604 2346 670 2375 X1V,
684 2348 777 2368 air—2.
790 2344 906 2367 Tantum
918 2343 1030 2368 honoris
1043 2347 1167 2367 essm—⁴.
1189 2342 1232 2366 Sc.
1251 2340 1322 2369 apud
1332 2345 1394 2364 eum

71 2380 194 2404 fieri—a.
206 2381 245 2405 Dc
259 2386 312 2410 quo
328 2381 388 2410 ΧΠ,
400 2387 443 2410 ru,-
459 2382 526 2412 XIV,
542 2386 636 2408 ias-e,
654 2379 916 2408 &missionem-⁷.
929 2380 971 2406 Sc.
985 2377 1147 2410 obsignandi
1160 2376 1276 2404 testibus
1290 2376 1394 2406 septem

74 2415 108 2442 ad
120 2421 181 2443 eam
193 2421 253 2442 rem
266 2417 439 2444 necessarus.
