1539 2668
160 176 228 228 Ι222
548 195 676 225 rACI'rl
699 177 908 223 ANNALIUM
931 193 1003 222 LIB.
1028 192 1107 221 XIV.

162 284 180 301 «
197 280 293 303 cusso
309 270 606 309 senatusconsulto,
633 268 720 309 quod
738 267 933 309 supplicium
947 266 1007 298 toti
1031 265 1163 297 familiae
1188 264 1409 296 minitabatur.
1430 266 1483 297 de—

162 331 179 347 «
196 318 317 350 cernite
333 318 460 349 hercule
484 317 712 357 impunitatem
725 340 734 355 ‚
757 318 793 346 ut
806 324 902 355 quem
926 313 1064 353 dignitas
1084 321 1142 344 sua
1161 311 1312 344 defendat
1324 311 1335 329 ²
1350 336 1359 352 ,
1383 321 1484 353 quum

162 377 178 393 α
196 365 390 406 praefectura
412 365 508 396 Urbis
536 373 599 394 non
626 363 801 404 profuerit!
828 371 924 402 quem
947 368 1101 392 numerus
1136 368 1305 390 servorum
1329 359 1483 400 tuebitur,

162 424 178 441 «ι
198 421 299 452 quum
317 412 492 443 Pedanium
509 411 693 442 Secundum
709 409 933 450 quadringenti
950 417 1013 439 non
1025 407 1246 447 protexerint?
1266 408 1317 437 cui
1336 407 1458 439 familia
1472 406 1485 425 ³

161 472 178 488 «
194 468 292 499 opem
313 459 393 490 seret
405 482 413 496 ‚
430 467 502 498 quae
526 467 565 488 ne
589 458 622 488 in
648 459 737 489 metu
754 456 883 497 quidem
899 455 1039 495 pericula
1063 457 1173 485 nostra
1190 454 1352 485 advertit?
1365 462 1426 493 an,
1452 453 1488 486 ut

162 518 178 532 «ι
197 506 330 545 quidam
349 506 466 544 fingere
484 514 546 535 non
561 505 773 544 erubescunt,
790 503 924 544 injurias
939 511 1014 533 suas
1029 502 1116 532 ultus
1128 503 1174 532 est
1191 501 1393 532 Interfector?
1408 501 1489 542 ‘quia

163 564 179 579 «ι
198 553 236 583 de
255 555 388 592 paterna
404 553 540 592 pecunia
556 553 776 592 transegerat,
791 553 848 582 aut
861 551 982 581 avitum
999 549 1199 588 mancipium
1215 546 1459 580 detrahebatur⁴
1475 549 1489 578 Ξ)

162 611 178 626 «
197 599 447 639 pronuntiemus
465 600 548 630 ultro
566 599 732 630 dominum
748 599 820 638 jure
834 606 955 628 caesum
971 596 1084 627 videri.

202 649 306 677 XLIV.
328 659 343 673 «
359 646 450 677 Libet
466 649 655 686 argumenta
671 646 862 685 conquirere
878 644 911 675 in
929 653 967 675 eo
981 668 989 682 ‚
1015 643 1101 682 quod
1125 641 1390 682 sapientioribus¹
1412 641 1490 674 deli-

162 704 178 719 «
196 691 344 723 beratum
363 696 432 725 est?
449 694 502 724 sed
521 695 552 725 et
567 694 592 724 si
610 703 697 724 nunc
710 693 850 733 primum
868 690 1077 722 statuendum
1094 689 1305 728 haberemus,
1320 689 1490 721 creditisne

163 749 180 766 ι
198 747 328 770 servum
347 740 559 772 interficiendi
580 740 702 771 domini
720 739 865 770 animum
880 736 1090 776 insumpsisse
1105 735 1131 775 2,
1158 738 1193 766 ut
1213 745 1276 766 non
1292 744 1357 766 vox
1379 736 1490 767 minax

164 797 180 813 «
197 787 380 819 excideret?
408 788 486 818 nihil
510 797 565 828 per
580 787 799 819 temeritatem
823 785 1089 826 proloqueretur?
1106 792 1183 814 sane
1199 783 1371 814 consilium
1397 791 1491 814 oceu-

164 844 180 859 «
198 832 279 872 luit,
306 834 406 865 telum
432 834 514 866 inter
545 835 672 873 ignaros
689 833 814 874 paravit
832 842 839 862 :
865 840 945 862 num
969 830 1139 862 excubias³
1161 829 1491 861 transirem-cubiculi

166 890 183 906 κ
202 879 287 911 fores
300 882 489 920 recluderet,
509 882 617 912 lumen
629 881 772 918 inferret,
785 878 905 910 caedem
923 880 1064 918 patraret
1077 877 1226 908 omnibus
1239 876 1376 908 nesciis?
1389 876 1492 908 multa

163 937 180 954 «ι
198 928 328 958 sceleris
343 928 462 958 indicia
476 928 680 968 praeveniunt
697 936 704 957 ε
726 926 813 958 servi
825 926 851 957 si
868 925 1024 966 prodant,
1050 933 1221 964 possumus
1245 924 1362 964 singuli
1377 924 1387 942 ⁴
1407 924 1491 954 inter

163 985 178 1000 «
197 973 305 1013 plures
317 998 325 1013 ‚
344 974 407 1005 tuti
421 975 506 1005 inter
519 974 633 1005 anxios
645 974 670 1014 ⁵,
688 976 864 1013 postremo,
888 972 913 1003 si
928 972 1127 1012 pereundum
1147 971 1201 1009 sit,
1214 980 1277 1001 non
1292 971 1387 1002 inulti
1408 971 1492 1001 iuter

163 1031 180 1047 κ
197 1024 350 1052 nocentes
378 1031 481 1061 agere.
504 1023 659 1061 Suspecta
677 1020 854 1060 majoribus
878 1019 997 1050 nostris
1031 1019 1120 1050 tuere
1143 1018 1269 1057 ingenia
1285 1018 1491 1057 servorum‘ff,

164 1077 180 1093 «
198 1067 294 1098 etiam
310 1077 412 1108 quum
437 1069 469 1099 in
496 1068 578 1108 agris
595 1070 651 1098 aut
667 1067 819 1098 domibus
841 1066 955 1097 iisdem
972 1067 1179 1096 nascerentur
1193 1066 1427 1105 caritatemque
1441 1065 1493 1095 do-

163 1125 179 1140 «
199 1114 361 1145 minorum
389 1115 498 1145 statim
518 1115 710 1154 acciperent.
736 1116 907 1153 postquam
945 1121 1022 1143 vero
1040 1112 1206 1143 nationes⁷
1227 1112 1260 1142 in
1287 1112 1417 1143 familiis
1439 1113 1492 1143 lia-

162 1171 179 1187 «ι
197 1160 310 1191 bemus
324 1184 332 1199 ‚
359 1162 477 1199 quibus
495 1161 613 1192 diversi
638 1161 736 1199 ritus,
755 1161 890 1191 externa
914 1168 1006 1190 sacra
1029 1162 1084 1189 aut
1104 1159 1192 1190 nulla
1211 1162 1298 1199 sunt,
1322 1159 1493 1190 colluviem

162 1217 179 1233 «
197 1207 291 1237 istam
310 1217 373 1238 non
391 1209 451 1239 nisi
468 1212 553 1239 metu
572 1207 761 1239 coercueris.
790 1209 831 1239 At
847 1207 978 1247 quidam
993 1207 1135 1237 insontes
1152 1207 1315 1247 peribunt.
1335 1215 1410 1237 nam
1428 1206 1438 1224 ⁸
1462 1209 1494 1238 et

163 1264 179 1280 α
197 1263 235 1284 ex
254 1254 325 1285 fuso
341 1256 499 1293 exercitu,
510 1265 610 1295 quum
625 1255 771 1286 decimus
787 1255 925 1295 quisque
941 1254 1019 1285 susti
1036 1254 1164 1293 feritur,
1178 1255 1275 1285 etiam
1293 1254 1415 1285 strenui
1428 1263 1494 1285 sor-

163 1311 179 1326 «
196 1300 331 1332 tiuntur.
352 1302 446 1333 habet
464 1302 586 1342 aliquid
602 1312 639 1333 ex
659 1302 771 1342 iniquo
791 1311 886 1333 omne
903 1310 1056 1341 magnum
1072 1301 1364 1342 exemplum,quod
1381 1304 1493 1332 contra

163 1359 179 1374 «
197 1348 343 1387 singulos
357 1350 495 1380 utilitate
511 1349 638 1389 publica
654 1349 851 1389 rependitur.
872 1362 887 1376 n

202 1398 291 1425 XLV.
317 1396 489 1426 Senti—miae
509 1396 628 1435 cassii,
656 1399 691 1427 ut
708 1405 803 1427 nemo
818 1405 901 1427 unus
923 1398 1036 1426 contra
1052 1395 1098 1426 ire
1118 1403 1215 1426 ausus
1232 1395 1282 1425 est
1294 1418 1303 1434 ‚
1320 1394 1366 1426 ita
1389 1394 1491 1426 disso-

162 1449 212 1471 nae
227 1450 323 1472 voces
341 1442 579 1482 respondebant
595 1451 779 1474 numerum
796 1445 861 1474 ατιιῖ
879 1445 1019 1474 (etalem
1036 1444 1100 1473 auc
1124 1450 1246 1473 sewum
1265 1450 1305 1472 ac
1320 1442 1492 1482 plurimo·
1537 1462 1539 1466 -

161 1495 243 1518 rum
272 1489 451 1520 indubiam
484 1492 712 1521 tmzoce‘uliam
737 1490 971 1520 miserantium.
1002 1489 1177 1529 praevaluit
1198 1491 1307 1519 tamen
1325 1497 1397 1528 pars
1418 1497 1492 1528 quae
1538 1498 1539 1522 ῐ

162 1535 356 1574 supplicium
372 1536 574 1567 decernebat.
595 1536 651 1568 sed
668 1537 885 1576 obtemperari
904 1537 910 1554 ¹
934 1546 997 1567 non
1015 1538 1161 1577 poterat,
1179 1535 1371 1575 conglobata
1387 1535 1493 1567 multi·
1534 1538 1539 1556 ’ἓ

162 1582 273 1612 tudine
288 1585 319 1612 et
333 1591 422 1614 saxa
442 1583 591 1622 [cesares
605 1583 786 1615 minitante.
805 1586 875 1616 tum
896 1588 1001 1615 Caesar
1023 1583 1177 1623 populum
1202 1584 1309 1614 edicto
1332 1583 1493 1622 increpuit

162 1629 259 1667 atque
276 1638 370 1659 omne
385 1631 455 1669 iter,
465 1639 531 1669 quo
546 1630 689 1661 damnati
702 1630 741 1660 ad
760 1639 885 1669 poenam
900 1630 1112 1669 ducebantur,
1127 1629 1318 1660 militaribus
1332 1629 1492 1669 praesidiis

161 1675 272 1714 sepsit.
296 1679 472 1707 censuerat
485 1677 659 1716 Cingonius
677 1681 779 1707 Varro
797 1679 832 1707 ut
849 1677 955 1708 liberti
970 1686 1118 1716 quoque,
1133 1676 1188 1716 qni
1202 1676 1263 1707 sub
1279 1677 1393 1707 eodem
1404 1677 1491 1708 tecto

162 1721 317 1759 fuissent,
333 1723 425 1753 Italia
441 1723 697 1763 deportarentur.
717 1723 748 1754 id
768 1732 786 1754 a
801 1724 946 1763 Principe
962 1723 1158 1763 prohibitum
1173 1727 1241 1762 est,
1261 1732 1303 1754 ne
1319 1732 1390 1754 mos
1403 1724 1492 1755 anti-

162 1776 264 1810 quus,
278 1778 378 1810 quem
391 1770 629 1801 misericordia
643 1779 707 1801 non
725 1773 914 1809 minuerat,
928 1779 993 1810 per
1009 1772 1179 1801 scenitiam
1198 1770 1448 1802 intenderetur.

204 1819 308 1847 XLVI.
335 1819 514 1848 Damnatus
539 1816 652 1848 iisdem
672 1817 860 1848 consulibus
879 1817 1065 1856 Tarquitius
1088 1816 1217 1849 Priscus
1238 1817 1491 1858 repetundarum

161 1861 309 1903 Bithynis
325 1863 597 1903 interrogantibus
612 1863 637 1904 ¹,
663 1872 778 1903 magno
800 1865 932 1895 patrum
955 1864 1091 1904 gaudio,
1109 1865 1164 1904 qui
1190 1866 1376 1896 accusatum
1393 1864 1433 1897 ab
1453 1873 1492 1897 eo

169 1954 214 1973 -2.
227 1950 333 1974 Ironiee
349 1956 355 1973 ε
368 1956 445 1979 pour
455 1957 508 1980 que
522 1951 582 1975 l'on
594 1952 651 1976 soit
667 1950 784 1981 prote'qe'
793 1957 860 1981 par,
876 1953 928 1976 etc.
945 1951 1014 1975 Nam
1030 1952 1139 1976 decreta
1154 1952 1315 1982 impunitate
1340 1955 1368 1978 et
1381 1954 1491 1984 dempto
1529 1980 1530 1983 ,

164 1985 250 2009 servis
263 1986 346 2013 metu,
359 1986 413 2013 jain
428 1992 484 2009 non
499 1988 586 2011 restat
606 1987 657 2010 nisi
671 1988 800 2017 dignitas
811 1988 943 2016 cuiusque
953 1993 1013 2017 quae
1026 1989 1114 2012 tutum
1133 1990 1261 2017 praestare
1272 1989 1359 2018 possit
1371 1995 1378 2012 :
1395 1995 1427 2014 ea
1443 1996 1492 2014 au-

164 2022 219 2045 tem
235 2021 298 2049 quid
321 2021 420 2048 valeat,
441 2022 584 2050 praefectus
601 2023 681 2046 Urbis
697 2023 808 2046 fortuna
827 2022 931 2047 docuit.
949 2036 975 2040 -
988 2028 1009 2046 ³.
1024 2024 1109 2047 Servi.
1123 2029 1182 2048 —⁴.
1196 2024 1244 2048 Hic
1258 2025 1350 2048 omnia
1363 2025 1465 2048 ironica
1483 2032 1490 2050 ι

160 2056 287 2085 paterna
301 2056 433 2084 pecunia,
448 2057 559 2080 avitam
577 2058 754 2087 mancipium
766 2062 819 2081 non
830 2059 940 2086 poterat
954 2063 1012 2082 esse
1026 2064 1105 2082 servo
1117 2059 1161 2082 cui
1171 2059 1216 2088 Jus
1231 2058 1309 2082 civile
1326 2064 1378 2083 nec
1385 2061 1490 2089 patrem
1529 2068 1530 2071 ¹

165 2095 218 2113 nec
230 2090 357 2113 familiam
373 2097 462 2120 neque
475 2093 518 2121 jus
531 2092 640 2116 heredis
665 2092 850 2121 concedebat;
873 2098 925 2118 nec
951 2093 1168 2123 traausiyebacur
1188 2094 1239 2117 nisi
1259 2094 1330 2117 inter
1348 2093 1449 2119 liberos
1463 2098 1491 2121 et
1528 2110 1529 2113 =

166 2125 286 2155 eiusdem
301 2127 386 2149 status
398 2127 530 2151 homines.

194 2160 284 2183 Xle.
298 2166 317 2183 i.
334 2162 353 2184 A
373 2162 521 2189 majoribus
537 2162 705 2186 nostris—2:
719 2163 749 2186 ln
765 2168 795 2187 se
820 2163 975 2192 sumpsisse,
995 2163 1240 2193 assumpsisse—3.
1254 2165 1351 2188 Servos
1365 2164 1400 2189 acl
1414 2165 1490 2191 fores
1532 2159 1533 2166 ¹

167 2195 269 2220 domini
282 2196 458 2220 excubantes*
476 2209 502 2213 —
516 2203 538 2220 4.
551 2198 718 2227 Quamquam
729 2198 828 2227 singuii
841 2203 941 2221 sumus.
956 2209 984 2214 —
997 2203 1020 2221 5.
1038 2199 1081 2222 sc.
1096 2204 1131 2222 ne
1142 2199 1206 2228 quid
1229 2199 1339 2223 domino
1351 2200 1489 2231 obtingat5
1531 2207 1533 2214 ’

166 2235 247 2259 quum
263 2231 430 2258 pereundum
445 2232 509 2261 ipsis
521 2234 564 2259 Sit,
576 2233 597 2255 si
608 2233 696 2256 scelus
712 2232 745 2256 ab
763 2239 818 2256 uno
832 2233 858 2256 'm
875 2232 1012 2256 dominum
1024 2234 1275 2258 commutatur.-c.
1287 2234 1363 2259 Unde
1378 2240 1489 2264 prover-

165 2263 258 2288 bium:
275 2267 436 2295 quotserm',
450 2270 491 2291 tot
507 2268 661 2291 nostes—7.
676 2268 752 2291 Conf.
769 2268 814 2292 ΙΙΙ.
836 2271 877 2292 sa
885 2268 919 2292 Et
935 2273 985 2297 per
1003 2269 1135 2297 nationes,
1149 2270 1221 2293 unde
1234 2270 1342 2294 oriundi
1357 2272 1442 2300 erant,
1460 2271 1488 2295 in

167 2298 291 2323 domibus
303 2302 605 2331 congregabantur.—-a.
623 2303 672 2327 Per
683 2308 751 2327 nam
764 2302 924 2333 intelligitur
934 2312 949 2323 κ
959 2304 1081 2328 concedo
1093 2305 1164 2333 quod
1179 2305 1247 2328 dicis
1260 2315 1274 2326 a
1285 2324 1292 2334 ‚
1304 2305 1429 2330 addendo
1449 2312 1487 2331 ra·
1530 2325 1531 2330 ,

166 2334 335 2359 ῐίοηεωουι·
352 2342 405 2360 non
416 2338 450 2361 sit
467 2343 510 2361 res
526 2338 643 2367 indigna.
658 2339 800 2364 Exercitus
809 2339 944 2364 decimati
958 2339 1110 2369 exemplum
1134 2340 1237 2370 primus
1247 2341 1487 2371 Appius-claudius
1528 2334 1531 2368 :³

169 2370 251 2399 dedit,
267 2371 336 2400 apud
353 2372 463 2402 Livium,
480 2374 509 2402 ii,
521 2379 555 2397 139.

198 2406 276 2429 XLV.
294 2412 313 2430 i.
330 2407 418 2430 vai-eri
433 2407 495 2431 nuic
510 2409 637 2437 decreto;
652 2409 794 2434 deci-etum
811 2411 922 2440 exsequi
936 2416 992 2434 non
1003 2411 1299 2441 poterantcarnifices.

185 2442 274 2466 XLVi.
289 2447 308 2465 i.
324 2442 619 2472 Adinterrogationeni
640 2445 666 2468 in
681 2445 742 2474 jure
754 2445 934 2476 adigentibus,
948 2447 1149 2472 accusantibus
