1539 2668
595 157 643 183 DE
666 155 928 184 ORATORIBUS.
1360 157 1422 188 487

105 230 298 263 contrariam
322 228 526 268 experimur,
543 227 618 267 quia
635 236 720 268 516116
735 227 911 267 interrogat
924 228 1023 267 judex
1049 236 1178 259 causam
1197 229 1328 268 quando
1342 230 1423 262 inci-

105 279 186 318 pias,
202 280 232 308 et
247 286 286 309 ex
303 276 553 315 interrogatione
567 274 654 313 ejus³
674 274 894 314 incipiendum
908 276 965 306 est.
984 274 1166 314 frequenter
1179 275 1423 315 probationibus

103 327 135 356 et
157 324 295 355 testibus
312 322 476 354 silentium
495 323 649 361 patronus
665 321 779 352 indicit
791 321 816 352 ὓ.
835 330 921 352 1111115
939 321 1023 352 inter
1044 322 1112 352 haec
1128 321 1246 352 dicenti
1263 324 1319 354 aut
1341 324 1423 356 alter

105 371 242 410 assistit,
261 371 294 401 et
308 378 356 400 res
370 369 458 400 velut
472 368 502 398 in
520 368 692 399 solitudine
708 368 823 407 agitur.
839 368 958 399 oratori
970 370 1078 399 autem
1091 369 1228 399 clamore
1243 370 1423 410 plausuque

104 427 186 458 opus
199 419 248 449 est
262 417 350 447 velut
364 415 505 455 quodam
529 415 678 453 theam-03
697 415 805 455 qualia
824 415 970 455 qnotidie
990 415 1130 455 antiquis
1149 417 1333 448 oratoribus
1348 426 1423 448 6011·

104 465 289 505 tingebant,
315 471 414 502 quum
432 464 481 493 tot
503 463 620 502 pariter
646 471 683 492 ac
701 464 768 493 tam
795 462 920 493 nobiles
948 462 1052 492 forum
1079 465 1300 503 coarctarent,
1321 473 1423 504 quum

104 511 259 542 clientelae
272 518 401 550 quoque
415 518 452 540 ac
466 509 568 540 tribus
582 512 613 539 et
628 509 880 549 municipiorum
893 509 988 540 etiam
1001 509 1174 548 legationes
1189 518 1223 539 ac
1237 519 1310 549 pars
1322 512 1425 543 Italiae

106 557 360 597 periclitantibus
383 557 567 595 assisteret,
594 565 695 595 quum
717 556 749 587 in
777 556 938 596 plerisque
963 555 1094 594 judiciis
1118 555 1262 587 crederet
1287 559 1424 597 populus

105 609 268 636 Romanus
283 612 341 634 sua
364 604 517 634 interesse
537 603 615 643 quid
635 603 847 642 judicaretur.
867 603 944 634 satis
966 605 1094 633 constat
1110 604 1221 633 Caium
1239 604 1424 636 Cornelium

106 651 138 682 et
153 655 295 682 Marcum
319 654 475 681 Scaurum
493 652 525 681 et
550 651 658 681 Titum
682 650 833 680 Milonem
856 651 887 681 et
905 649 1036 680 Lucium
1059 650 1200 680 Bestiam
1223 652 1256 681 et
1275 644 1423 682 Publium

104 698 268 730 Vatinium
287 706 444 728 concursu
464 697 563 728 totius
581 697 723 727 civitatis
740 698 771 727 et
792 698 958 727 accusatos
976 698 1008 727 et
1024 696 1173 727 defensos
1189 696 1216 735 ⁷,
1233 699 1270 727 ut
1287 697 1426 736 frigidis-

104 745 203 778 simos
219 753 347 785 quoque
372 745 515 775 oratores
538 744 607 784 ipsa
623 744 776 774 certantis
792 743 902 784 populi
917 743 1023 774 studia
1043 743 1184 773 excitare
1204 747 1235 774 et
1254 743 1426 776 incendere

108 792 283 832 potuerint.
304 792 348 822 ita
366 791 473 822 hercle
489 791 647 831 ejusmodi
665 791 737 821 libri
756 792 908 830 exstant,
926 791 963 820 ut
984 790 1047 829 ipsi
1069 798 1198 829 quoque
1220 791 1274 829 qui
1291 794 1426 830 egerunt

107 848 173 870 11011
189 838 258 869 aliis
276 839 376 877 magis
392 837 591 869 orationibus
609 838 804 868 censeantur
818 836 843 868 ⁸.

149 889 231 916 XL.«
242 888 310 916 Jam
329 893 404 915 vero
420 885 588 914 conciones
605 883 742 914 assidufe
759 885 790 913 et
800 883 911 913 datum
923 882 974 921 jus
988 882 1249 922 potentissimum
1267 892 1428 924 quemque

107 931 243 962 vexandi
257 956 266 966 ,
283 933 380 970 atque
396 931 464 970 ipsa
489 930 735 961 inimicitiarum
758 930 880 968 gloria,
902 938 1002 969 quum
1028 938 1061 960 se
1084 929 1213 969 plurimi
1231 931 1427 961 disertorum

107 987 148 1009 ne
170 987 187 1009 a
211 978 323 1009 Publio
345 978 474 1017 quidem
499 977 645 1017 Scipione
664 980 720 1007 ant
740 976 825 1006 Sulla
849 979 904 1006 aut
924 976 1020 1007 cneio
1038 977 1188 1016 Pompeio
1207 977 1426 1017 abstinerent,

108 1027 140 1056 et
160 1025 198 1056 ad
223 1025 427 1056 incessendos
447 1025 607 1064 principes
623 1024 725 1061 viros,
744 1026 778 1053 nt
800 1025 847 1054 est
862 1026 977 1054 natura
992 1023 1122 1054 invidia:
1139 1024 1162 1061 ¹,
1178 1025 1285 1064 1101111Ιί
1299 1034 1428 1064 quoque

107 1071 334 1102 arrectioribns
351 1071 500 1101 auribns²
522 1074 702 1107 uterentur,
717 1072 872 1109 quantum
894 1070 1039 1100 ardorem
1057 1070 1190 1109 ingeniis
1202 1095 1209 1109 ,
1227 1080 1305 1110 quas
1321 1076 1430 1102 orato-

108 1118 197 1148 ribus
212 1118 297 1149 faces
313 1118 542 1149 admovebant!
562 1127 624 1147 non
643 1117 683 1147 de
696 1117 800 1147 otiosa
815 1119 845 1147 et
862 1117 971 1156 quieta
989 1126 1022 1147 re
1035 1117 1208 1156 loquimur,
1225 1122 1255 1148 et
1272 1127 1345 1157 quae
1359 1127 1431 1158 pro·

109 1165 207 1197 bitate
229 1168 261 1196 et
285 1165 441 1197 modestia
464 1165 600 1204 gaudeat
617 1174 624 1194 z
644 1164 699 1195 sed
725 1166 772 1195 est
798 1173 912 1203 magna
939 1164 993 1194 illa
1020 1167 1051 1194 et
1075 1164 1225 1195 notabilis
1246 1165 1432 1204 eloquentia

108 1212 238 1243 alumna
258 1212 419 1250 licentiae,
439 1221 535 1252 quam
558 1211 649 1242 stulti
674 1211 854 1242 libertatem
872 1210 1051 1249 vocabant,
1078 1219 1185 1242 comes
1210 1211 1403 1242 seditionum
1419 1235 1432 1252 ‚

108 1259 257 1290 effrenati
273 1260 384 1299 populi
402 1259 667 1297 incitamentum,
687 1259 753 1289 sine
770 1257 923 1297 obsequio
938 1280 946 1295 ‚
965 1258 1034 1288 sine
1060 1258 1216 1288 servitute
1233 1261 1405 1289 contumax
1417 1281 1430 1295 ‚

107 1306 298 1345 temeraria,
326 1315 501 1346 arrogans,
529 1314 602 1345 quae
628 1305 660 1335 in
686 1305 768 1336 bene
801 1305 986 1335 constitutis
1014 1304 1198 1335 civitatibus
1224 1313 1287 1334 non
1312 1305 1430 1337 oritur.

107 1362 204 1393 quem
223 1354 310 1384 enim
326 1355 486 1384 oratorem
504 1351 782 1383 Lacedaemonium
796 1376 804 1391 ‚
821 1360 918 1392 quem
935 1353 1118 1382 Cretensem
1136 1352 1317 1390 accepimns
1328 1354 1341 1382 Ρ
1354 1361 1433 1392 qua-

109 1410 182 1431 rum
204 1401 371 1432 civitatum
392 1401 594 1432 severissima
614 1399 781 1439 disciplina
802 1402 833 1430 et
849 1399 1062 1429 severissimae
1077 1398 1160 1438 leges
1174 1398 1355 1430 traduntur.
1373 1408 1433 1430 1166

110 1447 320 1479 Macedonum
336 1448 463 1487 quidem
488 1456 525 1478 ac
548 1451 716 1478 Persarum
731 1470 739 1485 ‚
763 1447 818 1477 aut
834 1445 931 1476 ullius
947 1445 1050 1485 gentis
1062 1468 1071 1484 ,
1089 1454 1161 1485 quae
1185 1446 1274 1476 certo
1296 1445 1432 1486 1111116110

110 1497 259 1526 contenta
287 1495 403 1533 suerit,
429 1494 646 1534 eloquentiam
670 1493 830 1524 novimus.
854 1493 972 1524 Rhodii
997 1493 1128 1532 quidam
1145 1516 1153 1531 ‚
1181 1493 1311 1532 plurimi
1336 1493 1431 1524 Athe-

108 1541 235 1573 nienses
254 1543 396 1573 oratores
413 1542 624 1580 exstiterunt,
644 1539 729 1580 apud
746 1549 829 1580 quos
843 1540 953 1570 omnia
972 1540 1108 1579 populus
1120 1563 1128 1577 ‚
1147 1540 1255 1570 omnia
1270 1539 1433 1579 imperiti,

110 1588 222 1620 omnia
235 1588 282 1627 (ut
298 1588 344 1619 sic
363 1588 513 1627 dixerim)
532 1596 647 1618 omnes
665 1588 824 1627 poterant.
840 1589 957 1618 Nostra
974 1595 1101 1626 quoque
1119 1586 1251 1625 civitas,
1268 1586 1370 1617 donec
1384 1595 1431 1617 er-

110 1635 215 1673 ravit,
240 1635 343 1666 (101166
363 1643 396 1665 56
419 1634 567 1674 partibus
588 1635 620 1665 et
636 1633 892 1665 dissensionibus
914 1635 946 1664 et
968 1633 1133 1664 discordiis
1153 1633 1314 1671 confecit,
1331 1633 1433 1664 donec

110 1682 197 1712 nulla
220 1681 280 1712 fuit
305 1683 339 1712 in
357 1682 426 1712 soro
446 1690 530 1720 pax,
554 1681 644 1711 nulla
668 1681 700 1711 in
724 1683 836 1712 senatu
857 1680 1029 1711 concordia
1042 1704 1050 1718 ,
1068 1680 1157 1710 nulla
1173 1679 1204 1709 in
1221 1679 1349 1718 judiciis
1366 1689 1426 1710 mo-

109 1727 236 1759 deratio
249 1751 257 1765 ‚
271 1728 359 1758 nulla
377 1728 579 1767 superiorum
594 1729 775 1759 ‘reverentia
789 1752 797 1767 ‚
816 1728 925 1758 nullus
942 1727 1190 1766 magistratuum
1206 1727 1320 1756 modus
1332 1750 1341 1764 ‚
1359 1726 1433 1758 tulit

110 1774 180 1806 sine
195 1774 291 1806 dubio
306 1775 516 1805 valentiorem
534 1775 769 1814 eloquentiam,
785 1775 868 1805 sicut
885 1774 1063 1804 indomitus
1077 1783 1150 1813 ager
1164 1773 1260 1804 babet
1274 1772 1431 1812 quasdam

111 1821 228 1852 herbas
246 1821 397 1852 laetiores.
417 1821 473 1852 sed
490 1829 551 1852 1166
578 1820 661 1852 tanti
678 1820 866 1860 reipublicae
883 1820 1099 1852 Gracchorum
1117 1820 1301 1859 eloquentia
1319 1819 1379 1850 snit
1395 1820 1432 1850 ut

111 1869 274 1908 pateretur
299 1869 331 1899 et
355 1868 461 1907 leges,
484 1877 544 1899 nec
566 1868 649 1899 bene
665 1867 784 1898 famam
809 1867 1005 1907 eloquentiae
1025 1867 1137 1898 Cicero
1158 1867 1214 1897 tali
1242 1866 1331 1897 exitu
1356 1875 1433 1905 pen·

111 1915 195 1947 savit
210 1915 234 1946 ³.

152 1965 229 1994 XLI.
249 1974 263 1988 «
273 1961 324 1992 Sic
339 1970 468 2001 quoque
482 1961 508 2001 ¹,
519 1961 606 2001 quod
615 1961 761 2002 superest
776 1960 901 2001 antiqui
919 1960 1114 1999 oratoribus,
1126 1960 1231 1991 forum
1247 1968 1311 1990 non
1326 1968 1433 1991 emen—

111 2055 171 2079 cula
191 2055 317 2084 spatiosa.
329 2067 356 2071 —
368 2060 390 2077 5.
408 2055 468 2078 Non
489 2060 520 2078 ex
540 2054 649 2078 exordio
664 2054 736 2084 quod
754 2053 955 2084 praemeditatus
974 2054 1073 2078 fueras.
1085 2059 1144 2077 -6.
1164 2053 1226 2077 scil.
1241 2053 1433 2076 audientibus:

111 2093 195 2116 testes
214 2091 243 2114 ut
258 2090 446 2120 probationem
467 2090 583 2113 afferant
598 2090 738 2119 postulans
756 2091 888 2119 patronus
907 2089 1043 2113 silentium
1064 2089 1180 2118 imponit
1202 2089 1324 2112 clamori
1346 2088 1434 2117 plau-

111 2126 211 2156 suique
231 2126 398 2149 audientium
410 2144 416 2153 ‚
434 2125 479 2154 qui
498 2125 554 2154 J‘am
574 2125 640 2148 nibil
655 2125 757 2149 liabent
770 2125 841 2154 quod
856 2131 902 2148 eos
921 2124 1038 2148 delectet
1051 2126 1078 2148 et
1099 2124 1249 2148 discedunt.
1268 2123 1319 2146 Alii
1339 2123 1434 2151 legunt

110 2163 234 2190 patrono
248 2160 292 2184 vel
308 2160 452 2189 patronis,
467 2159 510 2183 alii
529 2160 621 2184 delent
631 2162 788 2189 patronus,
803 2160 837 2183 ad
854 2160 973 2189 judicem
991 2159 1142 2183 referentes
1155 2159 1267 2182 verbum
1283 2158 1393 2181 indicit.
1405 2171 1433 2174 —

109 2201 136 2219 7.
154 2195 252 2220 Omnes
269 2202 283 2219 a
299 2196 438 2220 Cicerone.
458 2196 586 2225 Superest
607 2196 694 2219 oratio
707 2200 764 2224 pro
776 2195 898 2224 Milone,
913 2196 940 2219 et
952 2201 1014 2225 pars
1028 2194 1158 2219 orationis
1170 2199 1224 2223 pro
1237 2193 1355 2217 Scauro.
1367 2205 1397 2210 -
1407 2199 1431 2216 11.

113 2231 299 2258 aestimentur,
310 2230 478 2260 judicentur.

141 2265 194 2289 XL.
209 2271 227 2289 1.
242 2267 322 2295 Nam,
340 2267 370 2290 ut
388 2267 483 2295 poeta,
502 2271 614 2289 summa
626 2266 697 2295 petit
713 2265 796 2290 livor.
806 2271 867 2290 —2.
883 2265 987 2294 Majore
1000 2265 1152 2288 attentione
1167 2264 1258 2287 animi.
1280 2263 1433 2292 Depravate

114 2305 262 2323 manuscrr.
282 2306 391 2330 quoque
406 2303 433 2325 et
451 2300 603 2324 histriones
616 2300 746 2324 auribus.
764 2301 793 2323 ln
812 2300 988 2330 sequentibus
1006 2305 1040 2322 ne
1054 2300 1082 2322 te
1101 2299 1187 2328 fngiat
1206 2298 1291 2322 ironia
1311 2303 1363 2326 qua
1378 2298 1435 2320 Ma—

113 2335 207 2358 ternus
224 2336 345 2359 utitnr.—
355 2342 376 2360 5.
391 2337 441 2365 Qui
457 2337 589 2360 funestam
603 2341 697 2359 necem
714 2336 865 2365 Philippicis
879 2336 932 2359 suis
947 2335 1077 2358 adversus
1091 2334 1236 2358 Antonium
1249 2332 1374 2356 debebat.

145 2369 209 2394 XLI.
224 2375 242 2393 ¹-
258 2372 316 2400 Pro,
330 2371 370 2395 sic
383 2372 409 2395 id
423 2378 532 2401 quoque
544 2372 657 2400 forum,
672 2371 746 2400 quod
761 2372 819 2399 etc-A
