1539 2668
485 197 522 227 A-
544 197 583 226 u.
608 196 643 226 c.
669 196 740 225 773.
765 196 801 226 A.
825 197 860 235 c.
885 196 936 226 20.
1334 199 1374 231 7⁵

48 276 156 310 Numa
170 272 378 313 religionibus
393 273 426 303 et
441 270 550 302 divino
564 271 638 310 jure
660 270 814 310 populum
837 269 1003 309 devinxit,
1020 271 1210 311 repertaque
1224 272 1373 312 quaedam

48 320 174 354 a'rullo
196 323 229 351 et
253 324 364 352 Anco:
383 318 441 350 sed
468 317 650 358 praecipuus
677 320 742 348 Ser.
762 317 884 349 Tullius
908 318 1037 350 sanctor
1059 317 1169 357 legum
1193 318 1276 360 fuit,
1300 320 1375 360 quis

47 368 146 402 etiam
162 376 251 408 reges
267 366 535 406 obtemperarent.

89 418 211 446 XXVII.
236 413 330 445 Pulso
354 412 530 452 Tarquinio
558 411 727 442 adversum
753 411 906 451 patrum¹
934 411 1092 444 factiones
1107 411 1213 443 multa
1236 413 1376 454 populus

46 462 194 502 paravit,
219 459 348 492 tuendae
363 458 519 490 libertatis
536 460 568 490 et
588 458 752 489 firmandae
778 459 976 498 concordiae;
998 459 1161 499 creatique
1179 459 1375 500 decemviri,

45 510 80 541 et
92 508 202 540 accitis
215 516 288 548 quae
305 515 443 547 usquam
461 505 606 546 egregia,
623 505 812 546 compositae
827 505 999 538 duodecim
1014 507 1131 538 tabulae
1143 531 1152 547 ,
1171 506 1243 538 finis
1257 507 1345 547 aequi
1360 505 1372 524 ²

42 557 135 597 iuris.
156 565 231 588 nam
248 558 368 588 secutae
385 557 490 595 leges,
512 556 571 587 etsi
598 555 772 595 aliquando
794 555 826 586 in
853 555 1017 588 maleficos
1037 565 1078 588 ex
1104 557 1240 597 delicto,
1256 558 1375 598 saepius

44 605 155 636 tamen
171 603 373 635 dissensione
390 603 541 634 ordinum
558 605 591 634 et
607 603 770 643 apiscendi
786 603 917 634 illicitos
931 604 1071 636 honores
1087 606 1144 636 aut
1158 604 1296 644 pellendi
1309 605 1375 636 cla-

44 659 98 682 ros
114 650 202 682 viros
214 650 224 668 ²
243 651 369 690 aliaque
382 651 424 682 ob
442 659 543 691 prava
565 659 621 690 per
635 649 701 680 vim
719 650 792 681 latae
816 654 899 682 sunt.
918 651 993 682 hinc
1016 651 1150 684 Gracchi
1163 653 1196 683 et
1211 651 1375 684 Saturnini

42 697 227 730 turbatores
244 699 362 739 plebis,
382 707 440 729 nec
457 698 562 729 minor
580 698 710 737 largitor
734 699 863 729 nomine
879 704 1009 731 senatus
1034 698 1179 731 Drusus⁴
1194 711 1203 739 3
1230 699 1376 740 corrupti

44 754 101 786 spe
115 747 173 778 aut
189 746 276 777 illusi
293 755 350 786 per
364 746 630 778 intercessionem
646 745 656 762 ⁵
675 745 769 776 socii.
785 755 822 777 ac
838 755 877 777 ne
892 746 977 777 bello
998 746 1131 786 quidem
1148 747 1279 786 Italico,
1297 755 1375 778 mox

44 792 130 825 civili
144 794 156 811 ὃ
171 818 180 833 ,
195 794 350 825 omissum
373 793 452 833 quin
474 793 576 824 multa
595 795 627 824 et
643 792 771 824 diversa
797 794 1024 832 sciscerentur,
1043 793 1144 825 donec
1166 798 1199 825 L.
1221 794 1306 826 Sulla
1330 794 1376 825 di·

45 841 146 870 ctator
161 841 290 871 abolitis
306 840 356 871 vel
370 840 535 871 conversis
552 839 729 879 prioribus,
746 850 847 880 quum
864 841 957 881 plura
974 840 1169 879 addidisset,
1187 841 1288 872 otium
1306 842 1375 881 eJus

43 887 89 918 rei
106 887 115 904 ⁷
133 887 218 918 haud
235 888 267 918 in
286 888 418 927 longum
435 887 578 927 paravit,
592 887 702 918 statim
716 887 853 918 turbidis
870 888 980 928 Lepidi
994 888 1216 927 rogationibus
1230 888 1257 928 ³,
1270 896 1376 927 neque

42 933 148 965 multo
165 937 238 974 post
252 934 391 966 tribunis
406 934 533 966 reddita
543 934 673 965 licentia
685 958 694 974 ,
712 943 844 974 quoquo
858 935 995 974 vellent,
1014 934 1170 975 populum
1190 935 1330 975 agitandi
1347 936 1372 963 ⁹.

40 980 171 1021 jamque
183 990 247 1013 non
260 982 358 1013 modo
372 982 403 1012 in
416 990 602 1020 commune,
615 980 715 1012 sedin
726 981 869 1021 singulos
884 981 1032 1013 homines
1044 981 1118 1013 latae
1126 982 1372 1023 quaestiones¹03

43 1028 75 1058 et
91 1029 336 1069 corruptissima
353 1028 518 1068 republica
536 1028 688 1068 plurimae
705 1028 803 1068 leges.

83 1078 221 1107 XXVIII.
251 1080 335 1108 Tum
360 1079 418 1108 Cn.
447 1076 619 1115 Pompeius
640 1075 771 1106 tertium
801 1076 913 1107 consul
934 1075 1134 1115 corrigendis
1157 1076 1303 1107 moribus
1319 1077 1373 1108 de·

42 1121 144 1154 lectus
162 1124 186 1162 ¹,
214 1126 246 1155 et
268 1123 396 1164 gravior
421 1123 576 1154 remediis
591 1122 603 1140 ²
631 1132 729 1163 quam
757 1123 874 1154 delicta
902 1126 992 1155 erant
1008 1148 1016 1163 ,
1046 1133 1243 1164 suarumque
1268 1125 1374 1164 legum

43 1170 156 1200 auctor
174 1169 258 1201 idern
277 1179 314 1201 ac
329 1170 501 1201 subversor
517 1169 544 1209 ³,
562 1179 635 1209 qua:
652 1170 752 1200 armis
768 1170 932 1208 tuebatur,
948 1170 1046 1201 armis
1066 1171 1186 1203 amisit.
1204 1171 1278 1203 exin
1300 1180 1373 1203 con-

42 1215 133 1247 tinua
150 1226 206 1257 per
218 1217 331 1256 viginti
346 1225 447 1248 annos
458 1216 469 1234 ⁴
495 1216 678 1247 discordia:
699 1225 763 1247 non
780 1225 850 1248 mos
862 1241 871 1256 ‚
885 1226 951 1248 non
965 1218 1019 1257 jus
1031 1228 1040 1257 ;
1054 1217 1226 1250 deterrima
1236 1227 1374 1259 quaeque

41 1262 194 1304 impunc,
218 1273 254 1295 ac
270 1264 373 1294 multa
393 1265 529 1295 honesta
546 1264 646 1294 exitio
670 1264 768 1294 suere.
790 1266 882 1294 sexto
899 1264 1031 1295 demum
1051 1265 1220 1296 consulatu
1234 1265 1244 1283 ⁵
1268 1269 1374 1298 Caesar

41 1313 204 1350 Augustus
221 1311 373 1351 potentiae
390 1319 540 1349 securuS,
565 1320 638 1350 quae
652 1310 858 1341 triumviratu
873 1311 1035 1350 jusserat,
1054 1312 1207 1351 abolevit,
1221 1312 1374 1352 deditque

39 1359 113 1397 jura
129 1359 202 1397 quis
215 1366 293 1397 pace
310 1359 341 1388 et
360 1357 506 1396 Principe
518 1358 529 1374 ⁰
550 1360 725 1388 uteremur.
746 1358 870 1388 acriora
885 1366 925 1388 ex
939 1367 977 1388 eo
990 1358 1095 1389 vincla
1106 1382 1115 1397 ,
1132 1359 1226 1389 inditi
1238 1358 1247 1376 ⁷
1266 1360 1372 1390 custo·

42 1404 117 1443 des,
135 1408 167 1435 et
181 1405 248 1444 lege
264 1404 360 1444 Papia
376 1408 514 1443 Poppaea
533 1403 675 1443 praemiis
690 1403 839 1443 inducti,
859 1406 914 1443 ut,
932 1404 991 1435 sia
1007 1404 1185 1444 privilegiis
1203 1408 1373 1445 parentum

41 1452 235 1491 cessaretur,
251 1451 343 1483 velut
365 1460 482 1491 parens
506 1452 654 1482 omnium
673 1451 814 1491 populus
832 1451 984 1482 vacantia
1009 1453 1144 1484 teneret.
1161 1452 1172 1469 ⁵
1196 1453 1252 1484 sed
1277 1452 1372 1484 altius

40 1498 251 1540 penetrabant
270 1498 297 1538 ⁹,
317 1498 501 1538 Urbemque
537 1500 569 1529 et
593 1498 738 1538 ltaliam,
765 1500 798 1530 et
825 1497 912 1537 quod
939 1507 1074 1538 usquam
1106 1499 1249 1540 civium,
1273 1499 1370 1531 corri-

40 1547 197 1586 puerant,
214 1545 459 1585 multorumque
476 1545 574 1577 excisi
597 1546 701 1577 status
720 1544 746 1563 ¹⁰
767 1555 776 1576 2
797 1547 829 1576 et
846 1547 949 1576 terror
964 1546 1117 1577 omnibus
1136 1546 1370 1588 intentabatur,

40 1592 75 1624 ni
95 1593 241 1625 Tiberius
265 1592 436 1624 statuendo
459 1592 599 1625 remedio
625 1593 768 1632 quinque
790 1592 1028 1633 consularium,
1059 1593 1202 1633 quinque
1218 1602 1236 1625 e
1254 1598 1370 1634 praeto-

40 1639 116 1680 riis,
134 1641 272 1672 totidem
289 1649 306 1672 e
321 1641 429 1671 cetero
445 1641 558 1671 senatu
575 1640 664 1671 sorte
682 1639 848 1678 duxisset,
866 1639 953 1679 apud
969 1648 1050 1679 quos
1064 1641 1205 1673 exsoluti
1219 1640 1368 1682 plerique

40 1687 120 1728 legis
137 1696 239 1719 nexus
254 1687 278 1704 ¹¹
297 1687 461 1718 modicum
478 1688 510 1718 in
527 1695 667 1727 praesens
684 1687 903 1718 levamentum
919 1687 1019 1718 suere.

69 1792 176 1818 xxvii.
190 1797 211 1816 i.
229 1792 414 1816 patriciorum.
428 1805 457 1810 —
467 1798 490 1816 α.
500 1793 543 1816 Sc.
558 1792 695 1816 omnibus
709 1793 766 1816 iioc
782 1792 845 1816 dicit
860 1799 866 1815 :
881 1794 908 1816 in
920 1792 1019 1822 quibus
1036 1794 1078 1817 cst
1093 1795 1292 1818 consummatio
1300 1795 1371 1824 juris

42 1827 182 1857 acqualiter
202 1833 252 1856 pro
271 1827 396 1851 omnibus
422 1827 562 1852 ordinibus
583 1827 702 1851 civitatls
725 1828 869 1851 constituti
891 1829 919 1851 et
944 1834 1038 1851 corum
1061 1833 1197 1852 consensu
1213 1831 1370 1858 accepti.—

6 1880 7 1883 .
42 1869 64 1886 5.
78 1864 120 1886 Sc.
138 1868 226 1889 causa,
240 1863 270 1885 ut
284 1863 374 1889 modo,
389 1863 501 1887 tuenda?
514 1863 666 1886 libertatis.
680 1875 710 1879 —
722 1867 744 1885 ⁴.
760 1863 797 1885 M.
817 1863 905 1886 Livius
921 1863 1021 1886 Drusus
1036 1863 1161 1887 tribunus
1178 1864 1271 1893 plebis,
1286 1865 1331 1893 qui
1345 1872 1369 1888 a.

43 1899 72 1922 U.
89 1903 141 1926 cos,
152 1898 183 1921 ut
195 1897 301 1920 senatui
315 1897 416 1926 judicia
431 1904 443 1920 a
456 1898 584 1921 Gracchis
599 1898 690 1925 erepta
710 1896 845 1924 redderet,
858 1897 996 1921 civitatem
1010 1899 1118 1927 Latinis,
1129 1899 1202 1928 plebi
1215 1905 1294 1928 agros
1306 1906 1370 1928 pro·

42 1932 186 1956 mittebat:
200 1931 301 1954 semina
316 1932 423 1955 exitiosi
433 1932 498 1956 belli
509 1931 618 1955 socialis
627 1932 685 1955 sive
698 1931 795 1956 Italici.
806 1945 835 1948 —
845 1938 869 1955 5.
881 1935 923 1956 sc.
939 1933 1109 1957 tribunorum
1122 1934 1215 1962 plebis.
1225 1939 1284 1958 -c.
1296 1935 1370 1959 luter

40 1968 155 1993 Marium
174 1968 202 1990 et
222 1965 331 1990 Sullam.
352 1979 380 1982 —
393 1972 415 1990 7.
430 1968 529 1996 Legum
543 1967 728 1991 ferendarum.
741 1979 767 1983 »-
783 1972 806 1990 3.
829 1967 932 1996 Quiaus
956 1968 1090 1997 abrogare
1106 1968 1246 1993 Cornelias
1270 1969 1368 1999 (sunae)

41 2003 116 2033 leges
127 2004 156 2027 et
167 2003 228 2026 aeta
241 2001 319 2025 Sullae
333 2002 488 2025 rescindere
500 2002 634 2030 tentabat,
646 2002 781 2026 Marianas
798 2004 890 2031 partes
910 2003 1100 2026 suscitaturus.
1113 2015 1142 2020 -—
1152 2009 1174 2027 9.
1198 2004 1269 2034 Lege
1282 2004 1369 2028 tribu-

40 2039 113 2062 nicia
126 2044 141 2061 a
155 2037 283 2066 Pompeio
299 2037 396 2066 Magno
414 2043 438 2061 a.
452 2038 482 2062 U.
494 2043 537 2061 684
549 2037 617 2062 lata.
629 2050 658 2055 —-
677 2043 714 2062 io.
729 2037 891 2067 Privileqia
905 2037 986 2066 dicta,
998 2038 1025 2062 in
1040 2038 1091 2063 xil
1104 2039 1216 2063 Tabulis
1228 2039 1330 2064 vetita:
1343 2045 1368 2062 v.

42 2073 137 2098 Cicero
153 2073 217 2102 Leg.
231 2071 277 2100 111,
295 2077 328 2100 is,
344 2072 419 2096 Orat.
434 2077 483 2102 pro
495 2073 575 2096 domo
591 2077 664 2096 c.17.

71 2108 189 2131 xxvui.
209 2113 226 2131 i.
243 2109 320 2131 Anno
334 2108 362 2131 U.
377 2113 429 2135 702,
444 2114 492 2137 per
505 2110 608 2137 septem
623 2113 729 2131 menses
741 2109 798 2131 sine
812 2107 926 2137 collega.
939 2120 966 2124 —
979 2113 1002 2132 2.
1016 2109 1097 2138 Cujus
1108 2108 1228 2133 remedia
1242 2109 1369 2138 graviora

43 2144 122 2167 erant
133 2143 281 2172 (civitatem
296 2144 379 2172 inagis
394 2143 562 2172 premebant)
575 2149 654 2173 quam
671 2144 727 2172 ipsa
742 2144 848 2167 delicta.
864 2156 893 2160 —
906 2148 930 2166 5.
946 2143 976 2166 ln
989 2143 1071 2172 leges,
1089 2149 1154 2174 quas
1166 2145 1199 2167 de
1216 2144 1367 2173 adipiscen-

44 2176 85 2201 dis
95 2179 123 2202 et
135 2178 260 2208 gerendis.
271 2178 472 2207 magistratibus
481 2178 588 2207 tulerat,
597 2179 654 2207 ipse
668 2178 802 2202 violenter
815 2179 947 2208 peccavit.
955 2183 1012 2202 --4.
1022 2180 1090 2203 Hinc
1103 2185 1188 2209 usque
1202 2180 1236 2203 ad
1249 2185 1367 2209 pugnarn

43 2213 185 2242 Actiacam
198 2220 222 2237 a.
235 2215 267 2238 U.
281 2220 334 2237 72⁵.
355 2227 382 2230 —
392 2219 416 2237 ις.
429 2215 458 2238 A.
478 2219 509 2238 u.
523 2219 576 2238 726.
589 2226 619 2231 —
631 2219 653 2238 6.
672 2213 732 2237 Non
755 2214 812 2237 sine
834 2214 929 2238 aculeo
952 2215 1053 2238 dictum
1065 2220 1071 2237 :
1085 2215 1233 2238 secundum
1260 2220 1318 2243 quae
1340 2216 1368 2238 in

42 2253 120 2279 pace,
135 2248 183 2272 sed
197 2249 246 2273 sub
263 2249 384 2278 Principe
398 2254 552 2278 ageremus.
563 2261 591 2265 —-
604 2253 625 2272 7.
640 2248 730 2272 Additl
744 2249 771 2272 in
789 2248 904 2278 legibus.
925 2248 1067 2278 Custodes,
1081 2249 1146 2274 alibi
1163 2249 1366 2278 observatores,

43 2283 160 2307 honeste
176 2283 303 2307 dicuntur
316 2286 491 2308 accusatores
507 2286 535 2308 et
543 2284 742 2310 delatores—8.
756 2284 910 2308 Sententia:
925 2284 975 2308 hoc
989 2285 1070 2308 modo
1084 2290 1116 2308 ex
1130 2285 1256 2308 universo
1265 2284 1366 2314 populo

45 2318 234 2344 excitabantur
247 2320 428 2347 accusatores
443 2321 480 2348 ut,
495 2320 518 2343 si
531 2319 655 2343 nomines
677 2320 874 2343 cunctarentur
887 2319 1012 2343 ineundis
1026 2320 1205 2344 matrimoniis
1223 2325 1366 2349 capessere

43 2353 228 2378 emolumenta
242 2354 374 2379 destinata
387 2355 428 2383 iis,
440 2355 486 2384 qui
502 2354 604 2378 liberos
617 2355 807 2384 suscepissent,
820 2354 933 2384 populus
944 2356 1070 2384 tanquam
1088 2361 1186 2385 parens
1200 2355 1320 2379 omnium
1338 2355 1366 2378 in

43 2387 180 2416 honorum
194 2394 340 2413 vacuorum
352 2391 550 2418 possessionem
564 2391 731 2419 perveniret.
744 2402 772 2406 —
784 2394 807 2413 9.
819 2390 864 2414 Sc.
881 2396 961 2419 quam
979 2390 1039 2421 lege
1049 2391 1117 2420 Jussi
1134 2391 1224 2414 crant.
1235 2403 1263 2407 —
1276 2395 1310 2413 io.
1322 2390 1363 2412 Sc.

11 2438 16 2444 -
45 2423 139 2448 civiles
150 2429 158 2454 3
171 2429 265 2448 eorum
278 2429 373 2448 secura
387 2426 414 2448 et
430 2425 534 2454 legibus
547 2425 604 2448 tuta
617 2425 788 2449 conditio—i
797 2430 817 2448 ι.
831 2425 867 2449 Ex
882 2431 996 2452 auorum
1014 2425 1128 2450 arbitrio
1140 2431 1220 2454 quum
1232 2423 1364 2454 permulta

45 2457 158 2484 vincula
169 2464 271 2484 severae
286 2458 356 2484 illius
367 2459 434 2489 legis
447 2460 504 2484 sive
517 2459 673 2484 laxarentur
686 2460 742 2484 sive
758 2460 836 2490 piane
847 2460 1024 2490 solverentur,
1036 2461 1188 2489 modicum,
1199 2461 1250 2484 etc.
