1539 2668
491 174 526 203 A.
550 174 589 203 U.
612 174 647 203 C.
667 174 739 204 817.
763 175 800 204 Α.
824 176 858 205 C.
884 173 936 205 64.
1315 176 1381 208 245

53 249 218 291 gignendis
241 246 336 289 aquis
360 246 500 279 occurrit
519 256 617 287 quam
636 248 816 288 Pomptinae
846 248 1006 289 paludes:
1033 249 1138 281 cetera
1163 248 1300 291 abrupta
1321 250 1379 283 aut

53 298 196 336 arentia;
211 305 248 328 ac
261 296 289 328 si
304 295 465 336 perrumpi
479 296 622 336 possent,
639 295 861 328 intolerandus
875 296 978 337 labor,
995 305 1055 328 nec
1070 296 1145 329 satis
1159 306 1277 329 causae.
1293 302 1377 329 Nero

16 366 25 375 γ.
51 348 178 382 tamen,
214 346 249 375 ut
275 345 343 375 erat
377 342 612 374 incredibilium
635 343 773 382 cupitor,
805 344 946 376 effodere
972 344 1119 385 proxima
1147 348 1273 376 Averno
1300 347 1378 385 juga

16 377 27 437 ξ
51 392 210 423 connixus
226 393 291 430 est;
311 392 504 430 manentque
518 389 652 429 vestigia
669 389 770 422 irritae
787 391 866 431 spei.

19 439 25 485 l
92 441 203 471 XLIII.
234 441 382 470 Ceterum
409 437 503 469 Urbis
526 446 599 477 quae
622 437 759 469 domui¹
787 440 990 479 supererant,
1015 447 1080 470 non
1108 440 1144 470 ut
1161 442 1232 480 post
1260 438 1378 470 Gallica

18 487 23 528 ξ
51 485 212 524 incendia,
227 485 315 517 nulla
327 484 534 516 distinctione
548 493 607 516 nec
619 485 735 525 passim
754 488 859 517 erecta
871 511 879 525 ‚
895 486 950 517 sed
965 485 1119 517 dimensis
1133 487 1278 518 vicorum
1292 485 1379 517 ordi-

51 534 147 565 nibus
168 537 199 565 et
222 534 294 565 latis
310 533 436 563 viarum
455 532 576 573 spatiis,
592 532 798 573 cohibitaque
816 534 1023 565 aedificiorum
1042 534 1211 566 altitudine
1231 543 1268 565 ac
1290 534 1375 574 pate·

17 602 20 617 2
49 583 142 616 sactis
167 582 248 613 areis
272 580 453 620 additisque
477 579 678 620 porticibus,
703 589 776 620 quae
803 581 941 612 frontem
962 580 1141 612 insularum
1160 583 1374 622 protegerent.

15 649 18 653 >
48 639 108 663 eas
130 630 284 670 porticus
320 631 402 658 Nero
431 636 495 658 saa
519 629 666 667 pecunia
695 629 978 668 exstructio-unz,
1003 631 1244 669 purqatasque
1273 637 1377 659 areas

15 697 19 707 ,-
48 677 193 710 dominis
213 674 429 707 traditurum
447 673 458 691 ²
481 674 644 714 pollicitus
658 676 715 706 est.
734 674 856 706 addidit
871 676 1004 715 praemia
1019 684 1076 716 pro
1092 675 1248 716 cujusque
1264 675 1376 706 ordine

16 717 18 724 ¹
47 726 80 757 et
95 723 141 755 rei
158 722 323 754 familiaris
342 722 457 761 copiis,
476 721 645 761 linivitque
662 724 790 762 tempus
808 723 893 754 intra
910 723 993 763 qnod
1012 723 1135 754 effectis
1153 722 1302 754 domibus
1318 723 1375 752 aut

47 771 162 803 insulis
177 770 443 810 adipiscerentur.
470 767 589 799 ruderi
614 769 806 809 accipiendo
828 772 994 801 Ostienses
1014 769 1163 810 paludes
1181 769 1375 807 destinabat,

47 819 168 859 utique
184 816 195 835 ³
214 825 329 854 nam,
348 815 656 856 quoefrumeymcm
676 816 786 847 Tiberi
808 817 1076 856 subvectassent,
1094 818 1227 849 onustce
1251 816 1378 847 rudere

46 864 291 902 decurrerent;
320 863 535 903 aedificiaque
556 864 630 902 ipsa
653 865 748 893 certa
775 865 827 893 sni
851 865 956 902 parte
983 866 1054 894 sine
1085 864 1257 901 trabibus,
1289 871 1375 894 saxo

50 912 182 945 Gabino
199 911 371 943 Albanove
386 910 635 948 solidarentur,
650 909 737 949 'quod
754 909 780 940 is
795 909 876 950 lapis
893 910 1020 949 ignibus
1032 910 1209 949 impervius
1224 912 1284 941 cst.
1297 911 1375 950 jani

47 967 141 1000 aqua
157 960 375 999 privatorum
394 956 533 988 licentia
550 958 739 997 intercepta
765 966 830 997 quo
857 957 987 997 larqz‘or
1005 959 1038 988 et
1053 958 1214 997 pluribus
1238 958 1317 988 locis
1339 958 1375 988 in

43 1005 378 1045 publicumflueret,
397 1003 553 1035 custodes
572 1004 596 1043 ⁶,
613 1006 647 1035 et
666 1004 822 1036 subsidia
841 1004 1066 1044 reprimendis
1083 1004 1219 1044 tqnibus
1243 1006 1277 1035 in
1299 1012 1377 1044 pro-

42 1053 169 1093 patulo
194 1054 335 1094 quisque
357 1051 518 1089 haberet‚·
551 1059 611 1082 nec
637 1053 872 1082 communione
897 1051 1113 1091 parietum-⁴²,
1141 1051 1200 1082 sed
1221 1052 1377 1091 propriis

45 1106 189 1140 quoeque
204 1101 312 1130 muris
325 1098 552 1129 ambirentur.
569 1107 605 1129 ea
621 1106 659 1129 ex
678 1098 815 1129 utilitate
831 1099 963 1138 accepta
979 1098 1125 1129 decorem
1140 1107 1268 1138 quoque
1282 1107 1376 1129 novae

45 1146 119 1177 urbi
135 1146 280 1177 attulere.
295 1147 383 1176 erant
396 1148 500 1176 tamen
515 1145 569 1184 qui
583 1144 750 1176 crederent
762 1145 773 1163 ⁶
790 1145 1211 1184 veteremillamsormam
1226 1145 1380 1176 salubri-

46 1194 112 1226 tat-et
134 1193 244 1232 mayis
265 1191 476 1229 conduxisse,
499 1192 662 1231 quoniam
680 1193 852 1231 anqustiae
870 1193 1034 1223 itinerum.
1056 1194 1089 1224 et
1103 1192 1254 1224 altitudo
1275 1194 1374 1223 tecto-

45 1248 125 1272 rmn
152 1247 216 1270 non
238 1237 385 1279 perinde
410 1238 490 1269 solis
519 1246 643 1277 vapore
668 1239 1006 1278 perrumperentw·.·
1036 1240 1075 1270 at
1093 1247 1184 1270 nunc
1209 1238 1376 1278 patulam

48 1285 272 1320 latitudinem
287 1287 319 1316 et
333 1284 435 1316 nulla
450 1284 574 1316 umbra
589 1284 763 1324 defensam
781 1286 942 1324 qraciore
955 1287 1042 1317 cestu
1059 1285 1248 1317 ardescere.

53 1342 58 1351 ·
87 1337 193 1365 XLIV.
217 1334 253 1364 Et
269 1333 336 1363 lunc
352 1332 481 1372 quidem
502 1331 651 1363 humanis
670 1332 811 1363 consiliis
837 1332 1104 1372 providebantur.
1135 1342 1209 1364 mox
1237 1332 1337 1372 petita
1356 1342 1375 1364 a

45 1381 108 1414 diis
123 1380 247 1421 piacula
262 1380 286 1418 ¹,
304 1379 446 1418 aditique
463 1378 592 1418 Sibyllae
617 1379 708 1418 libri,
732 1388 771 1410 ex
794 1379 912 1419 quibus
936 1380 1152 1420 supplicatum
1170 1380 1313 1410 Vulcano
1341 1380 1374 1410 et

44 1429 150 1461 Cereri
168 1427 440 1466 Proserpinaeque,
461 1435 497 1457 ac
515 1426 687 1466 propitiata
704 1430 789 1457 Juno
806 1436 862 1467 per
878 1430 1054 1467 matronas,
1072 1428 1212 1467 primum
1231 1428 1260 1458 in
1277 1427 1372 1467 Capi-

43 1475 136 1514 tolio,
150 1474 266 1506 deinde
282 1473 365 1514 apud
384 1472 567 1512 proximum
592 1482 692 1512 mare,
712 1474 795 1505 unde
813 1474 927 1505 hausta
943 1484 1027 1514 aqua
1044 1474 1202 1514 templum
1220 1476 1250 1505 et
1269 1474 1373 1505 simu-

43 1521 168 1553 lacrum
192 1521 260 1552 deae
284 1529 488 1561 prospersum
517 1521 583 1559 est;
608 1522 639 1552 et
668 1520 887 1552 sellisternia²
915 1530 952 1552 ac
977 1522 1142 1562 pervigilia
1171 1521 1374 1553 celebravere

44 1569 189 1608 feminae,
208 1567 326 1608 quibus
352 1567 458 1598 mariti
485 1569 587 1599 erant.
613 1567 671 1599 Sed
692 1577 755 1599 non
780 1577 840 1608 ope
862 1569 1025 1608 humana,
1052 1578 1116 1600 non
1145 1568 1372 1607 largitionibus

44 1615 199 1656 Principis
212 1617 268 1646 aut
282 1615 378 1646 deum
394 1614 601 1654 placamentis
612 1614 786 1647 decedebat
799 1616 942 1654 infamia,
956 1616 1033 1657 quin
1045 1617 1171 1656 Jussum
1186 1615 1371 1647 incendium

45 1662 240 1695 crederetur.
272 1670 346 1702 ergo
365 1660 522 1693 abolendo
542 1662 664 1692 rumori
687 1665 769 1693 Nero
799 1662 942 1696 subdidit
968 1672 1056 1702 reos,
1081 1666 1112 1694 et
1135 1662 1370 1702 quaesitissimis

41 1710 145 1751 poenis
169 1709 295 1749 affecit,
318 1717 397 1749 quos
420 1717 475 1748 per
501 1708 618 1748 flagitia
635 1708 646 1726 ³
664 1709 786 1740 invisos
802 1710 923 1750 vulgus·
941 1709 1153 1742 Christianos
1176 1709 1369 1749 appellabat.

40 1758 153 1788 auctor
172 1755 310 1787 nominis
326 1756 393 1795 ejus
410 1755 554 1787 Christus
569 1756 697 1787 Tiberio
721 1756 929 1796 imperitante
953 1766 1008 1797 per
1031 1758 1272 1798 procuratorem
1291 1760 1369 1789 Pon·

41 1803 124 1834 tium
142 1803 279 1834 Pilatum
302 1803 458 1843 supplicio
480 1803 618 1834 affectus
636 1805 715 1835 erat.
745 1812 956 1844 repressaque
973 1804 1005 1835 in
1027 1812 1168 1844 praesens
1195 1803 1370 1836 exitiabilis

41 1849 250 1890 superstitio⁴
277 1858 387 1880 rursus
413 1849 602 1889 erumpebat
630 1858 695 1880 non
723 1850 822 1881 modo
847 1859 903 1890 per
926 1850 1092 1890 Judaeam,
1117 1851 1274 1890 originem
1299 1850 1370 1890 ejus

41 1896 136 1935 mali,
151 1895 205 1928 sed
225 1905 280 1936 per
293 1895 411 1927 Urbem
427 1896 538 1935 etiam,
551 1904 616 1935 quo
633 1898 750 1926 cuncta
767 1897 908 1936 undiquc
920 1898 1040 1928 atrocia
1057 1899 1113 1928 aut
1129 1897 1278 1937 pudenda
1295 1905 1373 1928 conr

43 1944 148 1976 fluunt
167 1943 442 1982 celebranturque.
458 1943 557 1981 igitur
572 1942 675 1982 primo
690 1943 826 1983 correpti
841 1943 897 1982 qui
913 1943 1106 1983 fatebantur,
1119 1943 1234 1975 deinde
1248 1943 1368 1974 iudicio

42 1998 155 2022 eorum
172 1989 346 2021 multitudo
363 1989 485 2029 ingens,
510 1988 595 2020 baud
615 1989 747 2029 perinde
772 1990 805 2019 in
822 1990 955 2021 crimine
970 1991 981 2007 ⁵
1009 1990 1146 2021 incendii
1167 1999 1268 2030 quam
1294 1989 1370 2022 odio

43 2036 175 2070 humani
191 2036 315 2076 generis
330 2036 341 2054 ⁶
359 2036 498 2067 convicti
513 2038 599 2067 suut.
614 2037 647 2067 et
660 2036 869 2076 pereuntibus
886 2035 994 2068 addita
1007 2036 1157 2077 ludibria,
1176 2039 1211 2068 ut
1226 2037 1366 2068 serarum

72 2113 162 2137 xun.
177 2118 197 2137 i.
211 2112 391 2136 Neronis—2.
404 2113 471 2136 Nam
483 2121 496 2132 <e
507 2111 646 2141 pollicitus
657 2112 823 2136 cadaverum
846 2113 875 2135 et
887 2112 1017 2136 ruderum
1032 2113 1176 2142 gratuitam
1189 2113 1365 2142 egestionem,

45 2147 149 2172 nemini
161 2148 196 2171 ad
209 2147 337 2177 reliquias
352 2153 442 2171 rerum
457 2153 564 2171 suarum
587 2147 662 2171 adire
680 2147 810 2177 permisit,
829 2156 843 2167 ι»
856 2147 967 2171 Sueton.
982 2152 1005 2171 c.
1020 2152 1056 2171 ⁵8.
1071 2160 1098 2164 —
1114 2153 1136 2171 5.
1150 2148 1182 2171 Et
1200 2149 1235 2170 ut.
1247 2160 1274 2163 ——
1286 2153 1308 2171 4.
1322 2150 1366 2175 Sc.

44 2183 289 2210 constituerentur:
308 2183 353 2213 qui
368 2182 536 2206 vocabantur
549 2183 678 2212 aquarii,
697 2182 869 2207 castellar-ii.
883 2195 913 2199 —
923 2188 946 2207 s.
957 2182 1048 2212 Pergit
1061 2183 1136 2212 quasi
1148 2184 1279 2212 scriptum
1295 2186 1367 2208 esset

43 2217 239 2246 communibus
250 2217 480 2247 parietibus—⁶.
496 2219 578 2242 Recte
594 2219 622 2242 et
633 2224 706 2247 vere,
718 2219 748 2242 ut
761 2217 876 2241 decursu
889 2218 1050 2242 saeculorum
1064 2219 1245 2247 compertum.

70 2253 160 2277 XLIV·
175 2258 195 2276 ι.
207 2252 386 2282 Placamenta,
401 2253 578 2283 expiationes.
590 2267 618 2271 —
631 2259 653 2278 2.
664 2254 728 2283 Quae
743 2253 843 2277 deabus
867 2253 977 2283 fiebant,
998 2253 1176 2277 lectisternia
1189 2253 1239 2276 diis
1254 2260 1260 2276 :
1274 2254 1304 2277 ut
1314 2253 1365 2277 viri

42 2288 72 2312 in
86 2287 164 2312 lectis
186 2288 406 2318 discumbentes,
429 2289 534 2312 feminae
559 2288 634 2313 seilis
655 2289 806 2313 insidentes
826 2289 977 2319 coenabant,
1002 2290 1040 2313 sic
1060 2289 1171 2313 deorum
1199 2289 1364 2318 dearumque

42 2323 140 2347 statua:
151 2323 179 2346 in
193 2322 271 2347 lectis
283 2324 390 2348 sellisve
409 2324 442 2348 ad
456 2330 515 2348 aras
529 2324 681 2354 magnificis
703 2324 771 2348 cibis
788 2324 910 2354 oppletas
931 2324 1154 2349 admovebantur.
1164 2337 1191 2340 —
1205 2330 1228 2347 5.
1245 2324 1364 2353 Quorum

42 2357 272 2382 insimulabantur
282 2359 436 2383 rumoribus
452 2365 516 2383 vera
530 2360 754 2389 ignorantium.—
768 2364 789 2383 ⁴.
804 2360 863 2383 Non
878 2359 1051 2388 exitiabilem,
1064 2360 1110 2384 sed
1126 2359 1308 2383 immodicam
1321 2359 1364 2382 in-

44 2393 122 2418 venit
133 2392 233 2417 Plinius
246 2393 274 2417 in
288 2394 401 2423 epistola
418 2394 452 2418 de
463 2395 621 2419 Christianis
634 2395 668 2419 ad
681 2395 835 2424 Trajanum,
851 2395 884 2424 X,
899 2400 936 2419 9⁷.
950 2408 980 2412 —
994 2400 1017 2418 5.
1034 2396 1084 2419 Pro
1098 2395 1203 2424 vulgari
1220 2395 1361 2423 criminis,

42 2429 74 2452 ut
92 2428 163 2458 apud
178 2429 355 2453 Ciceronem:
373 2429 405 2453 In
429 2436 484 2459 quo
500 2436 543 2454 nze
561 2436 696 2459 accusas‚-
711 2430 783 2459 alibi,
799 2431 827 2454 in
841 2431 894 2455 Iioc
912 2431 1017 2455 scelere
1030 2430 1184 2454 com-ictus.
1202 2443 1230 2446 —
1243 2435 1267 2454 c.
1282 2430 1366 2459 Cujus
