1539 2668
149 145 206 175 144
528 144 660 175 TACITI
681 146 891 176 ANNALIUM
913 147 986 176 LIB.
1010 147 1065 176 VI.

146 221 285 261 primum
301 220 386 252 inter
399 223 531 261 nepotes
547 231 554 252 ;
576 230 716 262 quorum
734 223 840 254 Druso
858 223 984 263 genitus
999 223 1006 240 ¹
1028 221 1180 262 sanguine
1196 221 1229 254 et
1244 221 1374 254 caritate
1395 231 1470 264 pro·

145 269 227 308 pior,
243 267 300 299 sed
319 268 462 299 nondum
478 268 680 308 pubertatem
697 269 875 309 ingressus;
895 270 1071 302 Germanici
1090 269 1154 300 tilio
1170 267 1181 286 ²
1205 269 1303 300 robur
1317 269 1470 313 Juventae,

144 315 231 356 vulgi
245 315 362 353 studia,
379 323 479 355 eaque
496 315 578 356 apud
597 325 696 348 avum
711 316 777 348 odii
793 326 897 349 causa.
914 318 1009 349 etiam
1026 318 1065 348 de
1081 316 1215 348 Claudio
1231 316 1375 357 agitanti,
1386 317 1472 356 quod

143 365 172 396 is
185 363 361 402 composita
376 364 472 394 aetate
485 362 511 402 ³,
530 362 688 394 bonarum
703 364 821 395 artium
836 365 972 406 cupiens
988 367 1067 404 erat,
1086 364 1258 395 imminuta
1273 372 1364 395 mens
1374 363 1383 381 ⁴
1404 365 1472 404 ejus

142 410 280 442 obstitit.
299 409 349 440 sin
372 410 461 440 extra
477 409 609 441 domurn
623 419 789 442 successor
802 413 1013 452 quaereretur,
1036 420 1076 443 ne
1093 411 1249 442 memoria
1263 410 1415 450 Augusti,
1431 419 1473 442 ne

143 466 262 488 nomen
284 460 446 488 Caesarum
463 456 497 487 in
522 456 662 488 ludibria
675 459 708 489 et
723 459 932 490 contumelias
945 460 1124 497 verterent,
1152 458 1313 489 metuebat
1329 467 1336 488 :
1354 458 1474 498 quippe
1505 460 1508 468 ¹

142 504 189 535 illi
203 513 268 535 non
284 503 418 544 perinde
432 512 519 534 curae
536 504 637 543 gratia
652 506 861 545 praesentium
878 506 888 523 ⁵
908 515 1004 546 quam
1020 507 1052 536 in
1066 508 1212 545 posteros
1227 504 1370 536 ambitio.
1397 513 1473 536 mox
1506 545 1514 557 ‚—

141 552 283 583 incertus
300 551 419 589 animi,
438 551 522 582 sesso
543 560 696 592 corpore,
715 553 883 584 consilium
898 577 905 591 ‚
924 553 975 583 cui
1000 552 1104 592 impar
1120 553 1208 592 erat,
1226 553 1291 582 sato
1306 551 1473 592 permisit,

138 598 233 638 iactis
247 600 356 629 tamen
373 597 509 629 vocibus
525 607 581 638 per
598 608 678 638 quas
696 599 930 640 intelligeretur
947 599 1103 640 providus
1118 599 1314 630 futurorum.
1334 607 1475 638 namque

141 645 303 684 Macroni,
322 654 386 676 non
403 644 509 677 abdita
523 645 656 685 ambage
668 670 677 686 ,
702 647 911 679 occidentem
942 647 985 678 ab
1014 655 1050 678 eo
1068 647 1197 685 desert,
1215 648 1379 677 orientem
1407 653 1475 685 spe-

142 694 232 725 ctari
247 692 258 710 ‘³
286 691 509 732 exprobravit.
525 695 558 724 et
581 697 616 725 C.
633 698 748 733 Caesar,
766 695 848 725 sorte
864 697 935 725 orto
949 703 1098 725 sermone
1120 698 1152 725 L.
1169 694 1287 725 Sullam
1312 692 1474 731 irridenti,

141 741 256 771 omnia
275 740 384 771 Sullae
408 742 495 771 vitia
517 742 549 771 et
571 741 712 772 nullam
729 742 881 781 ejusdem
907 744 1072 773 virtulem
1088 741 1294 772 habiturum
1311 740 1474 780 praedixit.

140 786 238 817 simul
253 786 372 817 crebris
389 795 463 818 cum
489 787 629 818 lacrimis
644 788 801 819 minorem
821 798 859 819 ex
876 789 1048 829 nepotibus
1059 788 1069 806 ⁷
1099 788 1286 828 complexus
1298 811 1306 827 ,
1333 786 1417 818 truci
1433 786 1475 818 al-

143 834 244 865 terius
261 834 356 864 vultu
368 858 377 873 ,
398 834 535 865 Occides
549 834 641 866 hunc
660 836 711 874 tu,
732 836 855 875 inquit,
871 838 904 867 cc
920 838 951 866 te
969 837 1073 866 alius.
1090 835 1147 866 Sed
1174 836 1376 874 gravescente
1394 834 1477 866 vale-

140 881 251 912 tudine
279 881 357 911 nihil
387 890 404 911 e
430 881 618 912 libidinibus
645 883 833 922 omittebat,
858 883 888 913 in
911 883 1064 923 patientia
1080 882 1091 899 Β
1121 881 1351 913 firmitudinem
1379 881 1477 912 simu-

140 929 211 959 lans
227 953 235 966 ,
253 928 430 967 solitusque
444 929 571 960 eludere
584 929 784 960 medicorum
810 933 894 961 artes
908 933 1005 970 atque
1024 938 1078 961 eos
1093 954 1102 968 ,
1119 929 1174 968 qui
1190 931 1262 969 post
1279 928 1474 960 tricesimum

141 977 243 1006 :utatis
259 984 379 1006 annum
406 976 446 1006 ad
467 976 716 1007 internoscenda
731 978 858 1017 corpori
874 986 932 1008 suo
947 977 1040 1008 utilia
1061 977 1113 1008 vel
1127 977 1223 1007 noxia
1242 975 1337 1006 alieni
1352 970 1475 1006 consilii

145 1021 333 1061 indigerent.

182 1073 301 1100 XLVII.
328 1068 460 1100 Interim
489 1073 602 1101 Romae
629 1070 749 1101 futuris
777 1071 876 1102 etiam
896 1072 971 1110 post
999 1070 1163 1101 Tiberium
1190 1069 1331 1100 caedibus
1355 1069 1476 1100 semina

140 1116 354 1156 iaciebantur.
374 1115 488 1146 Laelius
508 1117 624 1147 Balbus
644 1118 814 1157 Acutiam,
843 1122 877 1148 P.
897 1117 1014 1148 Vitellii
1038 1118 1199 1156 quondam
1229 1125 1383 1155 uxorem,
1408 1125 1478 1147 ma·
1509 1118 1518 1147 ἓ

139 1163 266 1204 Jestatis
292 1163 533 1203 postulaverat3
562 1174 626 1204 qua
645 1164 798 1195 damnata
814 1174 915 1204 quum
932 1164 1104 1204 praemium
1131 1164 1306 1195 accusatori
1329 1163 1479 1194 decerne·
1504 1186 1513 1192 r

143 1212 244 1248 retur,
272 1210 385 1241 Junius
409 1210 511 1249 Otho,
536 1211 688 1243 tribunus
708 1211 832 1251 plebei,
858 1212 1049 1242 intercessit.
1078 1212 1164 1242 unde
1192 1211 1257 1242 illis
1281 1211 1373 1249 odia,
1401 1218 1478 1241 mox
1510 1222 1520 1235 s

143 1257 265 1289 Othoni
287 1257 446 1288 exsilium.
475 1257 550 1288 dein
568 1258 702 1298 perditis
724 1259 870 1289 moribus
894 1260 1014 1289 famosa
1036 1258 1210 1298 Albucilla,
1237 1259 1289 1289 cui
1316 1258 1480 1289 matrimo-

141 1305 233 1336 nium
251 1313 324 1335 cum
340 1305 443 1335 Satrio
459 1305 623 1345 Secundo,
641 1305 873 1345 conjurationis
894 1305 900 1323 ¹
920 1306 1024 1336 indice
1038 1331 1046 1345 ,
1061 1306 1183 1345 fuerat,
1202 1306 1345 1337 defertur
1364 1304 1477 1344 impie·
1503 1328 1511 1334 .

144 1353 217 1384 tatis
232 1352 264 1382 in
275 1352 472 1391 Principem3
485 1353 762 1384 connectebantur
774 1356 808 1383 ut
821 1353 941 1383 conscii
956 1354 987 1383 et
1001 1353 1135 1384 adulteri
1152 1354 1219 1391 eJus
1230 1357 1287 1384 Cn.
1303 1352 1477 1389 Domitius,
1503 1361 1516 1382 ..¹

143 1399 255 1429 Vibius
271 1403 398 1429 Marsus
411 1422 419 1435 ,
438 1403 470 1429 L.
494 1399 673 1430 Arruntius.
700 1399 738 1430 de
763 1399 953 1430 claritudine
975 1399 1107 1430 Domitii
1132 1407 1228 1438 supra
1248 1398 1423 1429 memoravi
1438 1397 1449 1413 ²
1467 1406 1475 1426 :

144 1450 267 1478 Marsus
285 1455 413 1485 quoque
441 1447 577 1477 vetustis
602 1447 780 1477 honoribus
804 1449 836 1477 et
862 1446 997 1477 illustris
1017 1445 1133 1476 studiis
1157 1448 1235 1475 erat.
1261 1445 1315 1473 sed
1336 1444 1474 1474 testatum

142 1495 427 1533 inter-roqatz‘om',
456 1496 636 1525 tormentis
657 1502 835 1525 servorum
860 1496 1055 1525 Macronem
1080 1490 1282 1530 proesedz'sse
1310 1499 1476 1522 commen-

144 1540 218 1570 tarii
238 1540 276 1571 ad
298 1543 445 1571 senatum
467 1541 557 1571 missi
579 1541 744 1580 serebant,
761 1540 922 1580 nullaeque
947 1540 977 1569 in
999 1548 1052 1570 eos
1072 1538 1276 1577 Imperatoris
1296 1537 1410 1568 litterae
1425 1546 1476 1570 su-

144 1587 322 1626 spicionem
342 1588 478 1626 dabant,
501 1588 645 1618 invalido
659 1597 696 1619 ac
711 1588 844 1618 sortasse
861 1587 970 1626 ignaro
985 1586 995 1603 ³
1019 1586 1093 1616 ficta
1110 1585 1262 1624 pleraque
1275 1584 1316 1615 ol)
1333 1584 1474 1616 inimici-

144 1634 204 1665 tias
219 1634 377 1665 Macronis
395 1637 486 1665 notas
503 1634 536 1665 in
552 1635 741 1666 Arruntium
757 1634 783 1665 ⁴.

185 1685 323 1712 XLVIII.
351 1681 454 1719 Igitur
470 1681 629 1712 Domitius
645 1681 864 1712 defensionem
891 1679 1051 1711 meditans
1063 1702 1072 1718 ‚
1090 1682 1214 1710 Marsus
1228 1703 1236 1717 ‚
1255 1681 1408 1718 tanquam
1425 1678 1475 1709 in-

145 1727 249 1759 ediam
267 1728 513 1767 destinavisset,
529 1728 711 1768 produxere
724 1729 826 1759 vitam
843 1737 850 1758 2
872 1727 1043 1758 Arruntius
1061 1726 1300 1757 cunctationem
1316 1729 1346 1756 et
1370 1734 1476 1756 moras
1501 1733 1514 1757 3.

144 1773 356 1806 suadentibus
371 1774 484 1804 amicis
496 1798 505 1812 ‚
521 1787 536 1800 α
552 1784 616 1805 non
633 1775 744 1805 eadem
760 1775 912 1805 omnibus
929 1775 1067 1805 deeora»
1086 1772 1253 1812 respondit
1273 1782 1279 1802 :
1293 1784 1309 1798 «ι
1322 1771 1381 1802 sibi
1399 1772 1476 1803 satis

147 1835 163 1849 «
184 1822 308 1860 aetatis,
327 1829 432 1860 neque
450 1820 538 1851 aliud
556 1821 779 1861 pmnitendum
803 1831 899 1860 quam
923 1821 1011 1860 quod
1034 1821 1118 1851 inter
1137 1819 1272 1850 ludibria
1285 1822 1317 1850 et
1333 1818 1476 1859 pericula

1502 1255 1511 1270 ι

1503 1293 1517 1322 J«

1502 1349 1509 1369 t

1502 1453 1518 1597 ”naq-w
1499 1405 1517 1428 ς.)

1502 1599 1512 1623 J

1501 1687 1512 1708 r

1500 1773 1514 1804 J

1500 1827 1510 1851 3

148 1883 162 1897 «
182 1869 309 1900 anxiam
325 1869 487 1899 senectam
504 1867 727 1907 toleravisset,
744 1868 799 1898 diu
814 1867 928 1906 sejano
939 1892 947 1906 ,
962 1876 1048 1897 nunc
1062 1867 1222 1905 Macroni,
1242 1875 1367 1906 semper
1384 1866 1477 1897 alicui
1500 1865 1510 1884 .:

144 1932 160 1946 a
180 1916 361 1956 potentium
395 1915 537 1954 invisus,
563 1924 629 1946 non
655 1915 772 1955 culpa,
804 1915 861 1945 sed
890 1918 924 1944 ut
952 1914 1145 1953 flagitiorum
1180 1914 1362 1953 impatiens.
1401 1920 1477 1944 sane

144 1979 158 1991 η
182 1972 302 2003 paucos
318 1964 349 1993 et
373 1970 543 2002 supremos
567 1961 724 2001 Principis
741 1961 809 1992 dies
825 1970 920 2001 posse
938 1961 1032 1991 vitari
1048 1969 1055 1990 ε
1077 1960 1350 2000 quemadmodum
1365 1967 1478 1991 evasu-

1499 1915 1513 1958 li

1498 1961 1511 1991 t

145 2024 157 2035 ιι
181 2018 254 2040 rum
270 2009 470 2041 imminentis
485 2008 673 2049 juventam?
690 2017 748 2047 an,
771 2017 871 2048 quum
885 2007 1031 2038 Tiberius
1047 2010 1118 2047 post
1141 2009 1264 2038 tantam
1291 2014 1398 2037 rerum
1423 2012 1512 2038 ex-1:·

146 2056 372 2095 pexientiam
390 2056 423 2086 vi
440 2055 670 2086 dominationis
686 2055 859 2086 convulsus
882 2056 914 2085 et
939 2055 1083 2085 mutatus
1100 2054 1160 2092 sit,
1191 2057 1225 2084 C:
1247 2056 1405 2084 Caesarem
1419 2051 1475 2081 vix

149 2115 165 2130 «ι
184 2102 273 2133 finita
305 2103 466 2144 pueritia,
497 2103 644 2143 ignarum
672 2102 819 2134 omnium
849 2105 905 2133 aut
931 2102 1078 2142 pessimis
1107 2101 1321 2138 innutritum,
1342 2099 1476 2130 meliora

178 2189 268 2214 XLVL
285 2196 305 2214 ι.
318 2190 450 2215 Tiberius
464 2195 527 2215 —2.
540 2191 618 2220 Caio,
631 2196 655 2215 s.
669 2190 805 2221 Caligulae.
818 2195 881 2214 -5,
888 2189 949 2213 Non
963 2187 1250 2218 ampliusjuvenllibus
1261 2187 1379 2211 motibus
1392 2186 1502 2211 obno-

149 2225 208 2253 xia,
230 2226 327 2248 Graecis
345 2222 554 2258 καθεστηκυῖα
567 2210 681 2259 ἡλικία.
696 2232 757 2251 -4,
781 2227 880 2251 Mentis
899 2226 1085 2254 imbecillium,
1104 2230 1157 2254 qua
1180 2225 1251 2248 inter
1270 2224 1385 2248 ludibria
1406 2219 1497 2248 aulae

1497 2089 1513 2131 Ᾱ.

1494 2159 1510 2178 χ.

149 2262 258 2285 erat.—
231 2266 292 2283 -5.
316 2260 420 2284 Neutro
440 2267 561 2291 genere.
576 2262 736 2291 approbatio
760 2267 852 2286 eorum
873 2267 932 2290 qua:
949 2262 1006 2284 tum
1026 2260 1168 2289 praesentia
1189 2260 1281 2288 crant,
1301 2259 1472 2288 praesentium
1495 2265 1497 2270 ¹

149 2298 366 2325 temporum—c.
379 2297 594 2326 comparandum
609 2298 727 2326 Pompeii
742 2298 788 2327 jiiv
793 2298 850 2321 culs
863 2297 895 2320 de
908 2295 979 2320 Sulla
994 2297 1114 2320 dictum·
1107 2313 1114 2319 ,
1125 2295 1229 2319 Plures
1240 2296 1377 2319 orientem
1388 2299 1474 2324 quam

150 2331 322 2356 occidentem
339 2331 425 2355 solem
442 2332 577 2356 adorant.
595 2338 656 2356 ——7.
673 2333 820 2362 Tiberium
840 2338 919 2362 quem
943 2338 1038 2357 revera
1059 2330 1180 2360 Caligula
1198 2331 1284 2360 primo
1304 2331 1381 2361 regul
1403 2334 1473 2354 anno

151 2365 260 2390 occidit.
271 2379 302 2383 —
311 2372 335 2389 a.
350 2367 380 2390 In
393 2367 565 2396 aegritudine,
581 2368 686 2392 morbo.

181 2401 283 2426 XLVII.
299 2407 319 2426 ι.
330 2402 428 2431 sejani.
441 2406 500 2426 -9,
518 2402 561 2432 IV,
572 2406 645 2426 ⁷5.-
657 2408 679 2427 ³.
692 2402 736 2428 Sc.
750 2404 927 2433 imperatore.
940 2415 968 2420 -
980 2407 1001 2427 ⁴.
1013 2403 1052 2426 De
1066 2408 1118 2432 quo
1133 2400 1356 2431 conf.1,=s;vt,
1371 2405 1396 2424 ⁷.
