1539 2668
153 166 214 199 wo
546 165 680 195 TACITI
701 165 912 196 ANNALIUM
933 167 1008 196 Lm:
1031 167 1095 198 XII.

150 242 220 274 filio
232 239 418 281 anteponit,
438 239 547 271 habita
562 240 649 281 apud
665 242 812 272 senatum
825 241 969 273 oratione
990 241 1022 273 in
1035 242 1172 273 eundem
1186 266 1195 282 ‚
1213 251 1310 283 quem
1326 252 1345 275 a
1360 244 1478 278 liberto
1486 252 1492 280 ,’
1538 245 1539 250 ’

150 290 340 328 acceperat,
355 287 499 319 modum.
518 287 717 319 annotabant
733 288 849 328 periti,
874 289 996 320 nullam
1014 290 1149 321 antehac
1165 289 1370 330 adoptionem
1391 292 1477 324 inter

151 335 305 378 patricios
317 334 327 352 ⁴
348 334 499 366 Claudios
514 335 655 374 reperiri,
671 344 788 375 eosque
804 335 845 366 ab
862 338 935 367 Atto
948 337 1063 368 Clauso
1079 336 1089 354 ⁵
1109 337 1282 369 continuos
1296 338 1474 370 duravisse.

192 386 301 416 XXVI.
325 384 473 413 Ceterum
495 384 576 413 artae
598 382 735 422 Principi
759 386 880 423 grates,
909 384 1093 423 quaesitiore
1115 383 1149 414 in
1171 384 1348 416 Domitium
1365 385 1475 417 adula-

151 430 259 469 tione3
280 431 456 469 rogataque
480 429 552 467 lex,
579 437 641 468 qua
667 431 703 460 in
719 429 903 468 familiam
932 430 1118 462 Claudiam
1139 433 1173 462 el
1190 440 1311 463 nomen
1331 434 1477 465 Neronis

152 478 332 509 transiret.
349 479 482 516 augetur
504 477 536 506 et
549 476 722 516 Agrippina
748 479 959 517 cognomento
976 480 1151 518 Aszcyusloe.
1177 478 1294 518 quibus
1320 479 1452 518 patratis
1466 504 1477 520 ‚

150 534 247 557 nemo
263 524 344 555 adeo
358 532 472 563 expers
492 523 720 555 misericordiae
733 524 805 564 suit,
823 534 919 565 quem
937 534 999 555 non
1015 526 1186 557 Britannici
1204 526 1342 557 fortunae
1359 534 1477 557 moeror

150 572 305 604 afficeret.
321 571 487 611 desolatus
501 570 668 610 paullatim
684 572 781 602 etiam
795 572 965 603 servilibus
982 572 1178 612 ministeriis,
1197 573 1480 613 perintempestiva

150 627 302 651 novercae
316 618 421 649 osticia
438 618 469 648 in
486 617 625 649 ludibria
639 619 805 658 vertebat,
820 619 1000 659 intelligens
1023 620 1105 651 salsi.
1121 629 1225 659 neque
1242 619 1329 651 enim
1346 628 1478 660 segnem

151 668 180 700 ei
199 667 295 698 fuisse
311 665 453 696 indolem
468 664 591 705 serunt,
606 665 672 696 sive
690 675 802 697 verum
820 666 826 684 ¹
843 691 853 706 ,
871 675 927 698 seu
945 666 1097 706 periculis
1111 667 1357 698 commendatus
1369 666 1381 684 ²
1400 666 1477 698 reti÷

151 715 226 746 nuit
243 715 360 745 samam
376 712 446 743 sine
459 713 692 752 experimento.

194 764 316 793 XXVII.
343 759 404 791 Sed
422 759 593 799 Agrippina
604 784 612 799 ‚
628 769 693 800 quo
709 760 776 791 vim
792 768 883 791 suam
900 760 997 791 sociis
1013 769 1142 800 quoque
1159 761 1346 792 nationibus
1361 761 1477 791 osten-

151 812 231 841 taret
244 834 252 848 ‚
268 808 301 838 in
314 807 470 847 oppidum
488 806 644 837 Ubiorum
657 831 665 844 ,
690 807 721 837 in
739 816 802 847 quo
819 807 924 846 genita
949 809 1037 846 erat,
1059 809 1228 839 veteranos
1253 807 1479 846 coloniamque

150 856 268 887 deduci
281 855 449 895 impetrat3
468 853 519 884 cui
541 863 659 885 nomen
679 854 816 885 inditum
834 863 873 885 ex
894 854 1053 885 vocabulo
1070 854 1172 894 ipsius
1190 854 1213 886 ¹.
1231 864 1269 886 ac
1298 855 1380 886 sorte
1395 853 1479 885 acci-

150 905 242 935 derat
256 903 291 933 ut
306 911 376 933 eam
391 902 537 941 gentem,
555 901 667 932 Rlieno
681 902 914 940 transgressam
928 900 938 917 ²
950 925 959 940 ,
977 910 1059 932 avus
1073 904 1212 942 Agrippa
1226 902 1257 933 in
1281 901 1377 932 fidem
1394 900 1479 932 acci-

151 952 252 991 peret.
283 949 401 981 Iisdem
427 947 627 987 temporibus
657 948 688 978 in
714 948 876 988 superiore
899 950 1067 979 Germania
1098 950 1295 990 trepidatum
1335 949 1479 980 adventu

150 999 341 1029 Chattorum
358 995 524 1026 latrocinia
537 995 739 1034 agitantium.
759 996 858 1026 mittit
874 995 885 1012 ³
905 1000 938 1026 L.
957 996 1152 1036 Pomponius
1172 997 1292 1037 legatus
1310 995 1481 1028 auxiliares

150 1044 330 1084 Vangionas
345 1052 382 1074 ac
398 1044 546 1074 Nemetas
561 1041 586 1081 ¹¹,
604 1042 713 1073 addito
726 1043 834 1082 equite
851 1042 964 1080 alai-io,
981 1044 1120 1074 monitos
1135 1046 1175 1075 ul
1189 1045 1360 1074 anteirent
1374 1051 1485 1082 popu-v

150 1093 297 1129 lalores,
313 1091 366 1122 vel
382 1090 526 1129 dilapsis
543 1091 717 1129 improvisi
735 1089 1114 1127 clrcumfzmclerentur.
1131 1093 1164 1121 et
1181 1093 1291 1121 secuta
1308 1090 1479 1121 consilium

150 1139 242 1171 ducis
259 1137 418 1169 industria
440 1136 598 1175 militum,
616 1137 778 1176 divisique
793 1136 824 1167 in
841 1136 906 1166 duo
926 1137 1052 1175 agmina
1064 1161 1072 1175 ‚
1088 1137 1143 1177 qui
1166 1138 1285 1168 laevum
1316 1137 1377 1168 iter
1398 1136 1479 1176 peti-

148 1187 286 1224 verant,
303 1193 413 1215 recens
435 1192 578 1214 reversos
596 1184 770 1223 praedaque
793 1192 849 1223 per
875 1184 987 1214 luxum
1006 1193 1082 1215 usos
1099 1186 1131 1215 et
1152 1193 1266 1215 somno
1281 1193 1395 1224 graves
1417 1183 1479 1214 cir-

149 1240 354 1265 cumvenere.
369 1231 463 1262 aucta
480 1230 609 1270 laetitia,
627 1230 714 1270 quod
728 1230 886 1271 quosdam
902 1239 920 1262 e
933 1231 1022 1262 clade
1035 1232 1174 1262 Variana
1188 1231 1478 1272 quadragesimum

150 1282 225 1323 post
239 1287 358 1310 annum
375 1278 510 1309 servitio
524 1280 723 1308 exemerant.

191 1330 331 1359 XXVIII.
356 1327 396 1357 At
412 1325 467 1365 qui
481 1324 605 1356 dextris
625 1326 657 1356 et
672 1324 876 1365 propioribus
891 1324 1090 1364 compendiis
1105 1325 1112 1343 ¹
1142 1325 1262 1366 ierant,
1278 1324 1375 1356 obvio
1393 1324 1481 1356 hosti

150 1376 183 1408 et
196 1374 296 1406 aciem
313 1381 393 1404 auso
411 1372 483 1412 plus
511 1372 610 1403 cladis
628 1372 768 1411 faciunt,
785 1374 817 1403 et
843 1372 950 1412 praeda
971 1372 1119 1412 famaque
1135 1373 1245 1403 onusti
1272 1372 1311 1403 ad
1337 1374 1481 1403 montem

150 1426 299 1454 Taunum
318 1420 525 1451 revertuntur
540 1442 549 1458 ‚
574 1419 630 1449 ubi
653 1419 850 1459 Pomponius
873 1428 948 1449 cuin
973 1418 1152 1457 legionibus
1177 1419 1406 1459 opperiebatur
1421 1442 1430 1457 ‚
1454 1417 1481 1449 si

151 1467 259 1500 chatti
276 1466 426 1507 cupidine
452 1466 630 1497 ulciscendi
648 1475 759 1496 casum
781 1475 896 1506 pugnae
925 1466 1117 1505 praeberent.
1147 1466 1193 1497 illi
1220 1469 1328 1505 metu,
1348 1474 1388 1496 ne
1404 1465 1480 1496 hinc

151 1521 329 1553 Romanus,
346 1513 420 1544 inde
435 1512 602 1552 Cherusci,
617 1522 692 1544 cuin
708 1515 779 1553 quis
796 1516 955 1544 aeternum
970 1513 1167 1552 discordant,
1186 1512 1480 1552 circumgrederen-

152 1565 219 1601 tur,
234 1562 355 1601 legatos
368 1561 400 1591 in
415 1560 532 1591 Urbem
545 1562 577 1591 et
590 1559 718 1591 obsides
733 1560 863 1598 miserm
881 1561 1093 1600 decretusque
1111 1560 1289 1598 Pomponio
1303 1560 1479 1599 triumplia-

152 1611 192 1641 lis
209 1610 320 1647 lionos,
341 1607 467 1639 modica
483 1616 558 1648 pars
574 1607 668 1638 famae
684 1607 753 1646 ejus
770 1608 854 1647 apud
871 1609 1031 1648 posteros,
1046 1608 1079 1638 in
1096 1609 1168 1648 quis
1185 1607 1366 1638 carminum
1381 1607 1481 1647 gloria

152 1656 309 1696 praecellit
323 1654 348 1685 ².

194 1707 299 1734 XXIX.
325 1705 385 1733 Per
401 1700 486 1732 idem
499 1701 625 1740 tempus
641 1700 796 1739 Vannius⁷
811 1701 925 1733 suevis
941 1700 949 1718 ¹
976 1710 994 1732 a
1013 1705 1118 1732 Druso
1143 1704 1268 1732 Caesare
1288 1700 1458 1740 impositus
1469 1724 1481 1740 ,

155 1750 284 1791 pellitur
297 1758 408 1788 regno,
426 1748 529 1788 prima
545 1748 671 1787 imperii
689 1750 785 1780 aetate
798 1749 905 1779 clarus
922 1750 1138 1788 acceptusque
1153 1748 1364 1788 popularibus
1376 1771 1384 1786 ‚
1405 1756 1481 1778 mox

154 1797 368 1829 diuturnitate
383 1796 417 1826 in
437 1795 623 1835 superbiam
641 1796 788 1835 mutans,
809 1798 841 1827 et
857 1795 931 1826 odio
953 1795 1154 1833 accolarum,
1178 1795 1274 1826 simul
1295 1792 1482 1825 domesticis

154 1843 325 1875 discordiis
340 1843 594 1873 circumventus.
618 1844 767 1873 auctores
785 1842 873 1874 sucre
895 1842 1046 1873 Vibillius
1061 1841 1361 1873 Hermundurorum
1378 1849 1434 1872 rex
1449 1842 1482 1872 et

154 1891 278 1931 Vangio
301 1899 338 1922 ac
360 1889 478 1929 Sido²,
505 1898 615 1920 sorore
640 1890 755 1920 Vannii
772 1890 883 1929 geniti.
907 1898 966 1920 nec
987 1889 1158 1929 Claudius,
1174 1898 1371 1929 quamquam
1397 1896 1483 1928 saepe

155 1942 285 1977 oratus,
302 1946 392 1968 arma
408 1936 609 1968 certantibus
623 1936 768 1968 barbaris
784 1937 998 1977 interposuit,
1015 1938 1131 1968 lulum
1147 1937 1270 1967 Vannio
1278 1935 1483 1977 peissfuqizmz

155 1986 349 2026 promittens
362 2009 372 2025 ,
385 1985 414 2015 εἰ
426 1984 623 2024 pelleretur
633 1996 645 2023 ;
662 1984 856 2024 scripsitque
871 1987 906 2015 P.
931 1983 1046 2015 Atellio
1061 1984 1170 2015 Histro
1181 2007 1190 2024 ‚
1208 1983 1264 2024 qui
1285 1981 1483 2014 Pannoniam

157 2068 229 2091 inter
240 2064 345 2088 natales
354 2063 471 2087 Neronis
482 2064 510 2086 et
519 2062 666 2087 Britannici
678 2062 733 2092 (qui
745 2063 852 2091 proprie
866 2063 1018 2086 vocabatur
1029 2062 1157 2086 Claudius
1167 2061 1290 2086 Tiberius
1297 2059 1483 2089 Germanicus)

156 2100 304 2126 triennium
327 2105 389 2123 cum
407 2099 511 2122 duobus
531 2098 668 2122 mensibus
691 2099 832 2122 intererat.
849 2099 958 2122 Tacitus
972 2098 1087 2122 fortasse
1100 2098 1247 2125 scripserat
1266 2096 1401 2125 triennio,
1419 2095 1482 2121 con.

157 2137 218 2161 Xlll
229 2154 235 2163 ,
249 2140 263 2157 6
280 2136 307 2157 ct
322 2140 357 2158 in.
368 2139 428 2158 --⁴.
443 2134 510 2157 Nam
532 2135 592 2157 erat
619 2134 700 2157 etiam
720 2133 825 2162 plebeia
848 2139 914 2162 gens
933 2133 1051 2156 Claudia.
1072 2133 1107 2156 Ex
1126 2132 1238 2161 patricia
1254 2131 1379 2155 Tiberius
1392 2132 1419 2155 in
1432 2132 1481 2155 Ju-

156 2173 220 2197 iiam
232 2168 411 2198 adoptabatur
423 2175 429 2192 z
440 2169 487 2192 sed
501 2169 554 2193 hoc
565 2169 633 2192 dicit
642 2169 762 2198 Tacitus,
775 2169 910 2192 neminem
922 2168 1068 2197 adoptione
1081 2168 1196 2191 intrasse
1206 2165 1234 2189 in
1245 2165 1384 2190 Claudiam
1396 2166 1483 2196 patri-

158 2206 238 2230 ciam.
252 2217 280 2221 -
294 2210 316 2228 3.
332 2205 360 2227 V.
374 2204 407 2228 ad
423 2205 466 2233 iv,
484 2210 506 2228 o.

188 2239 282 2264 XXVI.
296 2244 316 2262 ι.
329 2239 371 2262 Sc.
384 2239 482 2268 serunt,
498 2240 601 2263 dicunt.
613 2251 644 2256 —
661 2243 683 2262 2.
698 2239 828 2263 Favorem
842 2237 982 2262 hominum
995 2238 1117 2267 adeptus.

186 2274 294 2300 xxvu.
312 2279 333 2297 i.
352 2274 470 2298 Colonia
487 2275 723 2304 Aqrz‘ppinensis‚
743 2274 814 2298 unde
838 2274 998 2298 hodiernum
1022 2279 1120 2297 nomen
1143 2272 1271 2303 Coloqne.
1290 2284 1320 2289 -
1335 2276 1358 2295 2.
1372 2272 1432 2296 Ubii
1454 2272 1482 2296 in

158 2311 271 2336 Galliam
289 2315 320 2333 ex
335 2310 476 2334 Germania
494 2310 612 2334 traducti
623 2310 657 2334 ab
673 2311 798 2340 Agrippa,
812 2310 898 2333 amico
916 2309 1037 2338 Augusti,
1052 2314 1076 2332 a.
1091 2309 1118 2333 U.
1136 2313 1188 2332 τιὸ.
1211 2320 1239 2325 --
1255 2313 1276 2332 a.
1297 2308 1360 2332 Mss.
1377 2307 1445 2332 dein
1457 2313 1480 2333 s,

158 2345 269 2372 deinde.
284 2357 314 2362 —-
326 2350 348 2369 4.
363 2346 429 2369 ltcm
445 2346 593 2369 Germanos
614 2346 642 2369 in
662 2346 791 2369 Gallicam
809 2345 894 2374 ripam
907 2345 991 2369 Rheni
1009 2344 1158 2368 traductos.

190 2380 309 2405 XXVIII.
325 2385 344 2404 1.
356 2381 399 2404 Sc.
415 2381 526 2404 viarum.
545 2394 572 2398 —
586 2386 609 2404 9..
622 2381 696 2404 Confi
713 2381 745 2404 ad
758 2382 801 2408 XI,
820 2387 855 2404 iz-

187 2416 288 2442 XXIX.
299 2421 317 2440 ι.
333 2416 405 2440 Parti
418 2417 524 2441 tantum
534 2417 692 2446 suevorum,
706 2417 825 2450 Quadis.
837 2416 909 2441 conf.
918 2422 979 2440 cum
989 2415 1030 2440 his
1041 2415 1073 2445 11,
1084 2420 1122 2439 cs.
1132 2428 1158 2433 -
1168 2419 1190 2439 2.
1201 2414 1240 2440 De
1250 2419 1303 2446 quo
1316 2414 1392 2440 Hist.
1404 2414 1449 2445 111,
1457 2419 1480 2440 ε.
