1539 2668
524 145 558 175 A.
583 145 622 174 U.
645 146 680 175 C.
705 145 777 176 779.
801 146 837 176 A.
860 146 895 176 C.
921 146 972 176 26.
1347 141 1404 172 115

88 230 186 264 quam
203 221 333 253 secutus
349 220 504 261 plurimos
520 220 687 251 auctorum
700 219 740 251 ad
755 219 859 260 sejani
873 221 958 252 artes
975 219 1082 258 retuli,
1096 219 1170 259 quia
1182 221 1304 258 tamen,
1318 216 1408 250 caede

87 269 158 309 cJus
174 271 299 309 patrata
312 291 321 307 ,
343 277 400 299 sex
416 268 527 308 postea
543 275 643 298 annos
662 267 731 307 pari
755 269 877 300 secreto
897 267 1065 308 conjunxit
1083 265 1108 304 ²,
1125 267 1316 307 plerumque
1340 274 1409 306 per-

88 324 222 348 moveor
236 316 247 334 ³
263 325 341 347 num
357 315 397 346 ad
414 315 520 355 ipsum
534 314 642 345 referri
655 314 765 345 verius
790 315 850 355 sit,
871 315 1028 347 saevitiam
1047 323 1084 346 ac
1101 314 1285 353 libidinem,
1304 321 1408 354 quum

86 363 181 395 factis
196 364 374 404 promeret,
400 362 481 393 locis
494 362 722 393 occultantem.
739 364 830 394 erant
851 363 906 403 qui
921 363 1087 394 crederent
1101 361 1133 392 in
1159 362 1324 393 senectute
1340 369 1410 392 cor-

87 412 176 451 poris
204 419 331 451 quoque
354 409 500 441 habitum
524 408 640 449 pudori
666 409 766 440 fuisse
781 418 788 439 :
806 410 925 450 quippe
951 410 997 441 illi
1012 410 1205 450 praegracilis
1225 412 1258 441 et
1273 409 1409 439 incurva

86 458 264 498 proceritas
274 483 282 497 ,
299 457 405 488 nudus
418 456 533 497 capillo
546 460 675 496 vertex,
689 456 833 488 ulcerosa
847 457 942 488 facies
955 465 992 488 ac
1008 457 1199 498 plerumque
1219 455 1408 488 medicami-
1438 495 1443 497 ‚

84 505 178 537 nibus
194 505 397 536 interstincta
411 503 437 534 ⁴.
458 506 490 535 et
506 503 608 535 Rhodi
634 506 756 535 secreto
771 504 872 536 vitare
887 505 990 535 coetus
1000 527 1010 544 ,
1036 504 1209 536 recondere
1223 504 1408 544 voluptates

82 553 236 584 insuerat.
247 552 385 584 traditur
398 551 493 582 etiam
510 551 621 582 matris
636 551 847 591 impotentia⁵
862 555 1048 592 extrusum,
1067 561 1164 592 quam
1178 550 1409 582 dominationis

78 600 199 631 sociam
215 599 452 639 aspernabatur,
468 607 572 639 neque
585 598 742 639 depellere
759 600 904 639 poterat,
922 608 1022 639 quum
1037 599 1290 630 dominationem
1304 599 1408 639 ipsam

81 645 205 678 donum
221 647 290 687 ejus
302 647 489 687 accepisset.
506 655 581 677 nam
597 646 801 677 dubitaverat
815 646 826 665 ⁶
853 648 1014 686 Augustus
1028 646 1273 686 Germanicum,
1290 646 1408 678 sororis

80 695 231 735 nepotem
245 696 278 725 et
291 693 417 725 cunctis
433 694 599 725 laudatum
609 718 617 733 ,
633 693 678 724 rei
691 698 844 725 Romanae
856 694 1021 734 imponere
1038 703 1046 724 x
1061 693 1115 725 sed
1130 693 1280 734 precibus
1293 693 1413 725 uxoriss

79 741 207 772 evictus
221 741 351 773 Tiberio
368 741 610 780 Germanicum,
627 740 688 772 sibi
701 741 865 773 Tiberium
878 741 1005 774 ascivit.
1030 741 1126 781 idque
1139 743 1281 781 Augusta
1294 748 1394 780 expro
1412 748 1416 784 ξ

79 787 218 827 brabat,
243 789 440 829 reposcebat.
1413 785 1415 791 ¹

120 837 230 867 LVIII.
253 835 411 867 Profectio
437 836 506 867 arto
532 836 687 867 comitatu
709 835 796 866 suit:
819 844 904 866 unus
927 835 1058 866 senator
1076 835 1246 866 consulatu
1275 834 1407 867 functus

74 883 232 915 Cocceius
252 887 371 921 Nerva,
389 884 441 914 cui
464 883 569 923 legum
587 883 720 923 peritia;
747 886 848 923 Eques
866 886 1030 913 Romanus
1051 885 1168 922 praeter
1191 883 1340 921 sejanum
1365 891 1406 915 ex

76 929 259 961 illustribus
277 929 284 947 ¹
321 930 452 962 Curtius
478 931 619 969 Atticus3
644 930 741 961 ceteri
766 930 949 961 liberalibus
983 930 1100 960 studiis
1131 929 1278 969 praediti,
1306 930 1405 961 ferme

75 977 199 1017 Graeci,
219 986 358 1018 quorum
376 977 579 1009 sermonibus
598 977 769 1009 levaretur.
784 978 942 1009 Ferebant
959 977 1052 1017 periti
1068 976 1244 1008 caelestium
1255 1001 1263 1016 ‚
1278 978 1319 1007 iis
1333 986 1403 1008 mo-

75 1023 168 1055 tibus
181 1024 334 1056 siderum
357 1027 536 1057 esccessz‘sse
564 1028 669 1057 Roma
696 1025 889 1065 Tiberium,
910 1026 951 1056 ut
967 1024 1100 1056 reditus
1123 1024 1178 1055 illi
1204 1026 1402 1064 neqaretur.

77 1070 162 1102 unde
175 1071 267 1103 exitii
282 1081 379 1103 causa
395 1073 508 1104 multis
531 1072 591 1103 suit
609 1081 780 1112 properum
795 1072 893 1103 finem
910 1072 987 1103 vitae
1001 1071 1257 1111 conjectantibus
1271 1072 1406 1111 vulgan-

74 1118 236 1158 tibusque.
256 1128 360 1158 neque
380 1120 464 1150 enim
479 1122 545 1151 tam
568 1119 789 1150 incredibilem
809 1128 921 1150 casum
939 1118 1172 1158 providebant,
1193 1120 1229 1150 ut
1252 1118 1403 1150 undecim

74 1173 130 1204 per
143 1173 243 1197 annos
255 1166 356 1197 libens
372 1168 475 1206 patria
488 1169 622 1198 careret.
639 1175 712 1197 mox
733 1167 838 1206 patuit
856 1166 952 1197 breve
969 1166 1144 1197 confinium
1162 1166 1240 1197 artis
1263 1168 1296 1197 et
1315 1165 1401 1205 salsi,

73 1220 214 1252 veraque
229 1222 327 1253 quam
340 1213 483 1245 obscuris
497 1215 693 1253 tegerentur.
709 1222 782 1244 nam
795 1215 830 1244 in
851 1213 970 1245 Urbem
984 1222 1049 1244 non
1065 1222 1302 1253 reqressurum
1315 1212 1402 1244 haud

74 1257 171 1291 lorte²
187 1260 310 1291 dictum
322 1272 330 1299 ;
342 1263 486 1292 ceterum
501 1261 601 1292 nescii
618 1269 708 1300 egere
719 1260 745 1298 ³,
759 1269 861 1300 quum
878 1261 1061 1300 propinquo
1079 1270 1152 1291 rure
1168 1262 1224 1292 aut
1236 1260 1356 1300 littore,
1369 1262 1402 1292 et

72 1313 160 1346 saepe
182 1307 301 1338 moenia
320 1307 415 1338 Urbis
432 1308 596 1346 assidens,
615 1310 790 1339 extremam
808 1311 970 1338 senectam
991 1308 1210 1346 compleverit.

114 1356 191 1384 ΠΧ.
210 1358 255 1386 Ac
269 1355 350 1385 sorte
366 1355 432 1386 illis
446 1355 560 1386 diebus
582 1354 729 1386 oblatum
746 1355 864 1386 Caesari
879 1363 997 1394 anceps
1011 1355 1189 1395 periculum
1211 1355 1302 1385 auxit
1316 1364 1398 1386 vana

73 1401 234 1440 rumoris,
252 1401 455 1442 praebuitque
484 1402 543 1442 ipsi
571 1401 738 1433 materiem
764 1411 822 1433 cur
844 1402 997 1433 amicitiae
1025 1402 1279 1441 constantiaeque
1296 1402 1399 1440 Sejani

70 1448 172 1487 magis
188 1448 310 1479 fideret.
325 1449 538 1480 vescebantur
551 1449 584 1480 in
599 1449 691 1487 villa,
707 1450 759 1480 cui
775 1449 969 1481 vocabulum
983 1448 1191 1488 Speluncoe¹,
1206 1457 1292 1479 mare
1304 1452 1399 1480 Amu-

70 1495 201 1526 clanum
218 1495 302 1527 inter
316 1495 552 1536 Fundanosque
566 1498 706 1535 montes,
718 1496 830 1528 nativo
846 1497 878 1527 in
895 1504 1003 1536 specu.
1018 1496 1087 1536 ejus
1101 1505 1135 1526 os
1156 1496 1255 1536 lapsis
1269 1500 1399 1537 repente

70 1542 155 1573 saxis
168 1542 276 1574 obruit
296 1544 454 1583 quosdam
469 1544 654 1575 ministros:
677 1543 751 1575 hinc
765 1545 872 1574 metus
885 1543 916 1574 in
933 1552 1044 1574 omnes
1056 1566 1064 1581 ,
1082 1545 1114 1574 et
1130 1543 1203 1583 fuga
1216 1552 1328 1575 eorum
1342 1544 1399 1584 qui

69 1589 256 1620 convivium
283 1591 498 1622 celebrabant.
527 1591 658 1630 Sejanus
683 1600 765 1631 genu
783 1591 943 1631 vultuque
964 1592 997 1622 et
1021 1590 1170 1621 manibus
1186 1599 1282 1630 super
1295 1594 1398 1622 Caesa·

69 1643 136 1666 rem
154 1644 329 1677 suspensus
352 1638 501 1678 opposuit
515 1647 581 1670 sese
594 1638 813 1670 incidentibus
824 1638 850 1677 ²,
879 1640 976 1678 atque
990 1637 1102 1668 habitu
1119 1637 1173 1668 tali
1189 1638 1332 1676 repertus
1346 1639 1397 1670 est

66 1690 88 1713 a
104 1682 280 1723 militibus,
300 1684 356 1725 qui
374 1685 518 1716 subsidio
538 1687 702 1717 venerant.
720 1685 819 1725 Major
835 1694 872 1716 ex
891 1694 928 1716 eo
944 1684 975 1724 3;
993 1685 1025 1716 et
1040 1693 1236 1724 quamquam
1257 1685 1396 1717 e‘xitiosa

72 1729 241 1770 suaderet,
257 1734 292 1762 ut
306 1741 369 1762 non
387 1732 438 1763 sui
455 1733 570 1763 anxius
583 1757 591 1771 ,
609 1742 683 1763 cum
698 1732 760 1763 tide
774 1732 977 1763 audiebatur.
993 1732 1264 1771 assimulabatque
1279 1731 1395 1763 indicis

70 1778 177 1815 partes
190 1777 201 1795 ⁴
221 1777 377 1810 adversus
395 1780 573 1810 Germanici
590 1780 722 1819 stirpem
735 1803 744 1819 ‚
770 1779 907 1810 subditis
930 1779 985 1819 qui
1011 1783 1236 1810 accusatorum
1264 1779 1396 1810 nomina

69 1823 265 1855 sustinerent
282 1826 485 1865 maximeque
498 1827 732 1858 insectarentur
748 1828 905 1857 Neronem
917 1850 926 1864 ,
942 1826 1126 1866 proximum
1141 1826 1333 1857 successioni
1348 1828 1392 1865 et,

68 1877 268 1910 quamquam
299 1872 445 1903 modesta
467 1874 620 1912 juventa,
647 1873 837 1913 plerumque
853 1876 960 1904 tamen
971 1898 980 1912 ,
1006 1873 1084 1913 quid
1103 1873 1392 1913 impraesentiarum

69 1916 285 1957 conduceret,
310 1919 465 1959 oblitum,
488 1919 565 1951 dum
592 1928 610 1950 a
633 1919 757 1951 libertis
787 1922 818 1951 et
834 1920 1024 1959 clientibus,
1044 1919 1225 1960 apiscendae
1239 1921 1393 1960 potentiae

69 1964 463 2004 properis‚exstimulatur
477 1969 517 1998 ut
531 1968 681 1998 erectum
694 1968 728 1998 et
735 1965 904 2006 fidentem
917 1968 1025 1998 animi
1040 1966 1052 1984 ⁵
1070 1966 1263 1998 ostenderet
1274 1977 1286 1998 .-
1304 1969 1393 1999 velle

67 2009 106 2041 id
114 2012 287 2052 populum
304 2015 509 2052 Romanum,
533 2022 658 2054 cupere
672 2015 844 2045 exercitus
855 2034 865 2049 ‚
890 2022 997 2054 neque
1017 2022 1186 2045 ausurum
1201 2014 1322 2046 σοηίνὰ
1335 2017 1392 2048 Se-

61 2057 188 2098 ,fanum
198 2083 206 2098 ‚
221 2061 279 2100 qui
295 2068 387 2092 nunc
400 2062 609 2101 patientiam
626 2063 716 2092 senis
731 2062 764 2092 et
778 2062 959 2100 seqnitiam
969 2061 1220 2100 juvenisjuxta
1234 2062 1388 2095 insultet.

109 2108 169 2137 LX.
192 2110 269 2138 Haec
287 2109 383 2147 atque
407 2108 484 2139 talia
503 2108 646 2140 audjenti
675 2108 755 2139 niliil
783 2107 925 2148 quidem,
943 2117 1052 2149 pravae
1077 2109 1305 2149 cogitationis:
1329 2109 1387 2140 sed

66 2151 230 2185 interdum
255 2163 351 2186 voces
376 2155 592 2196 procedebant
617 2157 828 2188 contumaees
852 2157 886 2189 et
908 2155 1117 2196 inconsultae,
1140 2165 1220 2197 quas
1249 2155 1389 2197 appositi

66 2229 157 2254 *tinuos
175 2232 240 2261 egit.
254 2245 283 2250 —
293 2238 314 2257 5.
328 2233 370 2257 Sc.
388 2234 418 2257 ut
431 2234 548 2263 cogitem
557 2253 563 2263 ,
578 2233 706 2258 dubitem.
717 2245 747 2251 —
756 2237 779 2258 4,
799 2233 923 2259 Pluribus
941 2235 1070 2259 describit
1083 2235 1131 2258 sed
1144 2235 1259 2265 junioris
1271 2234 1388 2260 sormam

66 2266 211 2290 Suetonius
224 2273 246 2291 c.
260 2273 297 2291 cs.
308 2281 336 2285 —
350 2274 369 2292 5<
385 2269 463 2293 Liviae
480 2270 610 2299 regnandi
621 2269 755 2298 cupidine.
769 2269 844 2293 Cont.
860 2270 883 2299 l,
900 2275 922 2294 ⁴.
932 2282 960 2287 —
973 2275 995 2294 e.
1012 2270 1158 2300 Ambiguus
1174 2271 1354 2299 cogitaverat.

99 2300 187 2325 Lvm.
205 2308 225 2325 ι.
239 2303 270 2327 v.
283 2303 317 2326 ad
334 2304 371 2330 Π,
381 2308 420 2327 59.
433 2310 494 2328 —·2.
509 2305 570 2328 Non
586 2306 688 2329 temere
698 2323 704 2333 ,
718 2305 766 2328 sed
776 2310 850 2328 vere.
864 2311 922 2329 —·.¹..
939 2306 1082 2334 Vixerunt,
1099 2306 1217 2330 ruerunt.

96 2335 163 2359 ΠΧ.
177 2341 196 2360 ¹.
212 2337 296 2361 Hodie
309 2338 473 2369 Sperlonqa.
488 2352 516 2357 —
527 2345 547 2363 2.
562 2341 604 2364 Sc.
618 2340 698 2364 saxis.
710 2340 852 2369 cogitandi
866 2342 929 2365 sunt
942 2341 970 2365 in
985 2341 1057 2366 lecto
1074 2346 1172 2365 mensae
1185 2339 1383 2364 accumbentes.

67 2381 96 2386 -
110 2375 131 2393 5.
142 2371 183 2394 Sc.
197 2371 227 2395 fit
241 2373 311 2401 apud
333 2374 490 2404 Principem.
501 2387 528 2392 —
540 2380 560 2398 ⁴.
579 2375 682 2405 Quippe
698 2381 753 2399 non
766 2381 846 2401 verus
858 2377 954 2407 index,
967 2377 1080 2402 crimina
1093 2382 1147 2401 non
1161 2376 1315 2406 explorans,
1335 2376 1384 2400 sed

63 2403 169 2435 angens
182 2412 230 2436 per
243 2409 414 2433 accusatores
426 2410 597 2435 subornatos.
606 2416 670 2435 —u.
685 2412 726 2436 Se.
740 2416 779 2435 se.
