1539 2668
153 169 212 200 424
609 165 644 195 C.
667 165 854 194 CORNELII
878 163 1010 193 TACITI

153 251 284 276 cessum
302 244 448 273 Romano
465 248 505 272 ac
521 238 706 277 senatorffi,
721 238 888 278 hausisse,
902 239 937 269 ni
950 236 1143 278 prudencia
1157 237 1283 268 matris
1299 237 1475 267 incensum

153 290 424 330 acflaqrantem
448 290 605 319 animum
633 287 845 318 coercuisset.
864 285 986 316 scilicet
1012 284 1149 315 sublime
1170 284 1203 315 et
1225 284 1368 315 ereetum
1392 283 1477 322 inge-

152 337 243 368 nium
258 335 534 377 pulchritudinem
562 343 599 365 ac
615 333 753 373 speciem
773 341 896 372 maguae
913 332 1110 371 excelsaeque
1125 332 1232 370 gloriae
1254 330 1476 362 vehementius

154 392 252 423 quam
272 388 366 414 caute
379 382 390 400 ⁶
413 381 595 422 appetebat.
615 390 691 411 mox
707 379 869 418 mitigavit
885 380 966 410 ratio
983 381 1015 411 et
1033 382 1112 410 aetas
1128 388 1135 409 :
1154 378 1368 417 retinuitque,
1388 376 1474 416 quod

155 434 205 462 est
222 431 450 462 difficillimum
465 453 474 468 ‚
491 438 531 460 ex
547 428 706 468 sapientia
722 427 856 458 modum
868 426 893 458 ⁷.

194 482 232 509 V.
248 479 353 509 Prima
367 479 548 508 castrorum
563 475 748 506 rudimenta
763 475 795 505 in
808 474 970 506 Britannia
982 473 1134 506 Suetonio
1147 473 1281 504 Paulino
1293 472 1318 510 ¹,
1333 470 1477 511 diligenti

152 533 191 555 ac
209 525 376 555 moderato
393 524 469 555 duci
483 548 491 562 ‚
511 521 702 563 approbavit
714 521 740 561 ²,
759 523 897 561 electus,
913 530 1008 560 quem
1026 520 1238 552 contubernio
1255 519 1433 550 aestimaret
1449 519 1474 550 ³.

152 580 212 603 nec
228 572 371 611 Agricola
391 571 525 602 licenter
542 578 630 601 more
650 569 805 609 juvenum
818 592 827 607 ‚
849 568 906 608 qui
925 569 1072 599 militiam
1092 568 1124 599 in
1143 567 1307 599 lasciviam
1323 569 1477 607 vertunt,

153 627 257 658 neque
273 618 412 658 segniter
426 618 465 649 ad
480 617 665 657 voluptates
687 619 720 648 et
742 617 943 647 commeatus
956 615 966 633 ⁴
989 616 1121 646 titulum
1142 615 1325 646 tribunatus
1339 618 1370 645 et
1384 614 1477 645 insei-

152 666 232 697 tiam
250 665 260 682 ⁵
277 666 404 704 retulit,
420 665 475 696 sed
490 673 622 695 noscere
637 664 856 704 provinciam,
872 662 960 693 nosci
975 662 1148 701 exercitui,
1167 662 1288 693 discere
1307 671 1325 692 a
1343 662 1454 702 peritis
1468 685 1477 700 ,

152 712 243 752 sequi
260 713 421 752 optimos,
438 712 515 742 nihil
535 714 685 751 appetere
702 711 733 741 in
752 710 981 749 jactationem,
1003 710 1083 741 nibil
1104 709 1145 740 ob
1165 709 1370 739 formidinem
1391 717 1478 739 recu-
1523 722 1524 725 ¹

151 767 242 797 sare,
262 760 421 799 simulque
442 760 475 790 et
494 759 610 790 anxius
629 759 661 789 et
677 757 820 789 intentus
836 765 939 796 agere.
963 760 1033 787 Non
1055 765 1131 788 sane
1147 756 1222 787 alias
1243 755 1473 786 exercitatior-⁶
1523 761 1524 764 ’

152 807 318 846 magisque
332 807 365 837 in
383 806 534 846 ambiguo
547 805 710 836 Britannia
725 804 796 835 fuit.
816 803 967 835 trucidati
981 803 1137 842 veterani,
1151 804 1290 834 incensae
1303 802 1436 834 coloniae
1447 802 1473 840 ⁷,

153 854 324 893 intercepti
350 854 513 885 exercitus
540 862 547 883 :
571 854 642 884 tum
664 852 704 883 de
729 852 855 890 salute,
884 860 960 882 mox
981 851 1020 881 de
1042 851 1178 882 victoria
1204 852 1379 881 certavere.
1404 858 1477 890 quae

153 903 270 932 cuneta
283 926 291 940 ‚
305 901 363 932 etsi
382 900 519 931 consiliis
535 900 701 939 ductuque
716 899 847 930 alterius
860 898 1036 938 agebantur
1050 907 1087 929 ac
1107 907 1234 929 summa
1254 906 1362 928 rerum
1384 899 1416 929 et
1432 905 1477 928 re-

153 951 316 988 cuperatae
336 948 514 988 provinciae
533 947 632 986 gloria
654 947 687 977 in
712 946 827 977 ducem
849 946 962 984 cessit,
986 948 1085 976 artem
1106 947 1138 976 et
1161 954 1254 976 nsum
1272 946 1305 975 et
1327 945 1477 976 stimulos

152 994 303 1025 addidere
326 995 458 1033 juveni,
484 994 681 1033 intravitque
707 994 853 1024 animum
880 993 1030 1023 militaris
1054 993 1162 1031 gloriae
1188 991 1329 1032 cupido,
1355 991 1477 1031 ingrata

153 1042 354 1073 temporibus
370 1066 378 1079 ‚
400 1041 519 1081 quibus
538 1041 667 1071 sinistra
694 1049 767 1079 erga
785 1040 965 1071 eminentes
991 1039 1213 1079 interpretatio
1225 1062 1234 1078 ‚
1261 1047 1320 1070 nee
1339 1039 1447 1070 minus
1463 1039 1474 1057 ⁸

152 1088 329 1128 perieulum
348 1098 386 1120 ex
406 1097 524 1127 magna
541 1088 642 1125 sama,
660 1096 757 1126 quam
775 1095 814 1117 ex
830 1087 925 1117 mala.

194 1139 246 1166 VI.
272 1136 352 1167 Hinc
369 1135 409 1166 ad
427 1134 643 1174 capessendos
664 1133 872 1173 magistratus
892 1133 925 1164 in
949 1133 1069 1164 Urbem
1094 1132 1256 1172 digressus
1270 1155 1278 1170 ‚
1300 1133 1475 1165 Domitiam

151 1182 372 1221 Decidianam,
387 1181 566 1222 splendidis
583 1180 743 1211 natalibus
759 1184 863 1211 ortam
876 1204 884 1219 ,
900 1179 960 1210 sibi
976 1181 1084 1219 junxit
1098 1189 1105 1209 ε
1120 1179 1216 1219 idque
1234 1179 1475 1211 matrimonium

152 1229 191 1259 ad
212 1231 335 1269 maJora
351 1229 470 1260 nitenti
486 1228 584 1260 decus
601 1237 637 1259 ac
661 1227 760 1258 robur
784 1227 844 1258 fnit
866 1237 873 1257 :
891 1228 1109 1267 vixeruntque
1133 1227 1213 1258 mira
1236 1227 1405 1258 concordia
1420 1237 1476 1268 per

152 1277 299 1306 mutuam
314 1276 480 1306 caritatem
495 1278 527 1307 et
541 1276 677 1306 invicem
695 1284 730 1305 se
750 1274 975 1314 anteponendo
990 1275 997 1291 ¹
1015 1285 1022 1313 3
1043 1275 1102 1305 nisi
1120 1274 1205 1313 quod
1225 1274 1255 1304 in
1276 1274 1359 1305 bona
1375 1283 1476 1306 uxore

152 1324 243 1354 tanto
260 1324 363 1362 major
379 1323 449 1354 laus
462 1348 470 1362 ‚
488 1324 611 1363 quanto
626 1323 658 1353 in
676 1322 760 1353 mala
777 1322 849 1361 plus
864 1322 968 1361 eulpae
985 1323 1043 1353 est.
1062 1325 1134 1353 Sors
1151 1324 1326 1361 quaesturae
1345 1323 1476 1363 provin-

152 1370 234 1401 ciam
249 1371 355 1402 Asiam
368 1395 377 1410 ‚
395 1370 622 1410 proconsulem
638 1369 780 1400 Salvium
793 1369 958 1400 Titianum
969 1368 980 1385 ²
999 1368 1088 1399 dedit
1103 1379 1111 1400 ε
1128 1378 1266 1409 quorum
1281 1372 1395 1400 neutro
1409 1378 1476 1400 eor-

151 1419 267 1457 ruptus
281 1420 341 1455 est,
359 1426 556 1457 quamquam
574 1420 607 1448 et
624 1416 788 1457 provincia
803 1416 895 1447 dives
914 1425 952 1446 ae
968 1416 1094 1456 parata³
1114 1416 1333 1456 peccantibus,
1354 1418 1385 1448 et
1403 1425 1475 1456 pro·

152 1465 285 1504 consul,
304 1465 334 1495 iu
351 1474 482 1496 omnem
500 1464 690 1495 aviditatem
704 1473 825 1504 pronus
837 1487 845 1501 ,
863 1463 1062 1503 quantalibet
1079 1464 1229 1494 facilitate
1249 1463 1475 1503 redempturus

151 1514 237 1543 esset
259 1515 407 1542 mutuam
430 1511 723 1543 dissimulationem
748 1512 835 1542 mali.
864 1512 979 1541 auctus
1001 1513 1049 1541 est
1073 1511 1118 1541 ibi
1138 1510 1219 1549 filia,
1239 1511 1271 1541 in
1294 1510 1473 1542 subsidium

151 1559 246 1590 sinml
263 1562 293 1589 et
310 1560 479 1598 solatium3
495 1568 569 1589 nam
584 1559 685 1589 silium
701 1560 776 1589 ante
790 1558 953 1589 sublatum
969 1557 1058 1588 brevi
1074 1558 1191 1588 amisit.
1208 1562 1279 1588 Mox
1295 1557 1379 1588 inter
1392 1556 1475 1597 quae-

150 1608 271 1638 sturam
286 1615 322 1636 ac
337 1607 539 1637 tribunatum
555 1605 658 1645 plebis
672 1607 769 1644 atque
786 1605 889 1644 ipsum
910 1605 1008 1636 etiam
1024 1604 1211 1635 tribunatus
1228 1613 1348 1635 annum
1367 1604 1476 1644 quiete

151 1657 184 1686 et
199 1654 265 1684 otio
283 1653 430 1684 transiit⁴
447 1677 455 1691 ‚
475 1662 592 1692 gnarus
611 1653 671 1683 sub
694 1657 819 1683 Nerone
843 1656 1027 1691 temporum
1041 1675 1049 1689 ‚
1069 1652 1186 1691 quibus
1209 1652 1324 1682 inertia
1345 1661 1402 1691 pro
1423 1660 1474 1682 sa-

151 1700 271 1740 pientia
286 1700 346 1730 tuit
358 1700 381 1730 ⁵.
397 1699 483 1730 Idem
496 1702 648 1739 praeturae
660 1703 751 1730 tenor
764 1702 796 1730 et
809 1699 972 1730 silentium
989 1709 995 1728 :
1012 1708 1071 1729 nec
1084 1699 1169 1729 enim
1181 1698 1362 1737 jurisdictio
1375 1698 1475 1730 obve-

151 1748 251 1777 nerat.
275 1747 387 1777 ludosG
413 1750 445 1777 et
459 1747 567 1777 inania
587 1747 719 1777 honoris
740 1747 848 1777 medio
864 1746 997 1777 rationis
1018 1749 1113 1785 atque
1132 1745 1336 1777 abundantiae
1359 1746 1474 1786 duxit,

151 1794 198 1824 uti
218 1794 311 1834 longe
329 1803 347 1824 a
366 1794 494 1825 luxuria
506 1818 514 1833 ‚
537 1794 580 1825 ita
594 1794 689 1824 famae
703 1793 843 1834 propior,
859 1797 942 1824 Tum
962 1794 1084 1824 electus
1098 1802 1116 1824 a
1129 1792 1225 1825 Galba
1243 1793 1282 1824 ad
1296 1793 1379 1824 dona
1393 1796 1474 1826 tem-

149 1911 172 1930 5.
183 1906 272 1935 Quare
286 1905 381 1934 passim
402 1905 495 1929 Cicero
512 1910 559 1927 sua
572 1904 661 1928 studia
674 1903 856 1933 philosophica
871 1903 1025 1927 excusanda
1046 1903 1097 1926 sibi
1116 1908 1175 1926 esse
1187 1903 1380 1932 judicavit-e.
1398 1903 1474 1928 Cont.

150 1942 183 1964 ad
203 1942 277 1965 Ilist.
296 1942 314 1969 l,
329 1947 422 1965 usn—7.
441 1942 486 1964 His
501 1940 595 1964 confer
609 1941 636 1963 et
653 1940 790 1969 perpende
808 1940 879 1963 dieta
894 1940 964 1963 intra
981 1946 1004 1963 c.
1023 1944 1066 1967 ⁴2,
1081 1939 1187 1963 Annal.
1201 1939 1270 1964 XIV.
1284 1939 1379 1967 ¹2;1v,
1393 1944 1429 1963 20.

180 1978 208 2001 V.
226 1983 244 2000 ι.
260 1978 339 2006 Cujus
354 1983 396 2000 res
411 1978 492 2006 gestae
508 1977 534 1999 in
551 1977 686 2000 Britannia
701 1976 846 1999 narrantur
863 1976 971 1999 Amzal.
990 1976 1057 2002 xlv,
1071 1980 1211 1998 esban—2.
1228 1975 1334 1997 Dictum
1348 1977 1378 1998 ut
1392 1977 1470 1998 Ann.

148 2013 243 2039 XV‚55›
255 2020 261 2036 ι
275 2012 633 2041 preastititprobanda—5.
649 2012 792 2035 Probatum
801 2017 832 2034 ex
846 2011 904 2034 aliis
917 2011 1000 2040 elegit
1009 2010 1042 2033 ad
1056 2010 1307 2036 contuberniuin.et
1318 2015 1348 2032 ea
1363 2015 1475 2033 consue-

150 2049 243 2071 tudine
257 2048 445 2071 contubernali
458 2048 585 2071 virtutem
600 2048 657 2076 ejus
674 2047 757 2074 magis
773 2046 995 2075 explorabat—⁴.
1011 2045 1109 2074 Quales
1124 2044 1344 2068 concedebantur
1356 2045 1473 2073 tribuno,

149 2088 204 2106 nun
220 2084 358 2106 militi—5.
372 2083 489 2112 Simplex
505 2083 686 2106 tribunatum
700 2083 735 2105 ita
750 2081 925 2110 amplificavit
937 2082 1054 2108 Tacitus,
1068 2082 1130 2110 quia
1144 2081 1177 2104 de
1190 2079 1294 2108 vulgari
1307 2079 1473 2108 morejnve-

149 2126 219 2143 num
238 2119 372 2148 loquitur,
394 2119 558 2142 tribunatum
580 2118 666 2142 titulo
685 2119 764 2141 tenus
781 2117 930 2141 tenentium
949 2118 976 2140 et
995 2122 1134 2140 munerum
1153 2117 1209 2145 ejus
1231 2116 1395 2144 ignarorum.
1409 2128 1435 2131 —
1450 2120 1473 2138 c.

149 2155 233 2183 Magis
247 2156 350 2177 vexata.
370 2154 426 2176 viti.
446 2154 550 2178 Annal.
565 2154 635 2181 XlV,
650 2159 675 2176 51
693 2159 802 2182 seqq.——
815 2158 835 2176 ⁷.
850 2153 887 2176 De
902 2152 1087 2176 Camuloduno
1099 2171 1105 2181 ,
1119 2152 1182 2175 ibid.
1199 2155 1235 2174 52.
1254 2150 1421 2179 intercepti,
1439 2152 1474 2175 de

149 2190 237 2212 medio
255 2190 370 2216 sublati,
386 2191 415 2213 ut
429 2190 493 2213 alibi
506 2195 611 2213 veneno
628 2189 802 2217 interceptus
819 2193 883 2216 pro,
906 2189 1026 2211 necatus.
1038 2200 1064 2206 —·
1078 2194 1099 2211 a.
1117 2189 1208 2211 Graeco
1225 2192 1300 2209 more
1316 2186 1374 2215 plus
1387 2187 1473 2216 signi-

148 2227 230 2248 ficare
250 2225 357 2248 videtur
371 2228 397 2248 et
413 2230 445 2247 eo
460 2225 517 2248 tere
530 2224 618 2248 redire
630 2229 662 2247 ac
675 2224 696 2247 si
710 2224 828 2249 dixisset.
843 2225 871 2247 ct
883 2224 974 2246 multo
987 2223 1079 2252 majus
1089 2222 1263 2251 periculum.

180 2260 221 2282 vl.
237 2265 255 2282 i.
274 2260 391 2288 supple:
409 2261 439 2283 ut
452 2260 552 2283 virtute
566 2260 594 2282 et
606 2259 685 2282 laude
698 2264 778 2288 pares
792 2259 893 2287 essent,
907 2258 963 2281 nisi
977 2260 1059 2281 etc.—
1069 2263 1091 2281 2.
1106 2258 1227 2280 Fratrem
1239 2257 1422 2280 Othonis—³.
1435 2257 1472 2280 Se

148 2295 272 2324 praebens
290 2297 450 2324 promptam.
464 2307 491 2311 -—
502 2300 526 2318 4.
542 2296 591 2318 Pro
605 2294 725 2322 vulgari,
740 2294 870 2321 transcen
882 2292 1062 2322 (vitan.).—5.
1077 2293 1119 2315 Sic
1133 2293 1206 2316 Hist.
1223 2294 1246 2320 Ι,
1259 2298 1305 2316 49:
1323 2292 1405 2324 Quod
1427 2298 1470 2316 se-

148 2331 243 2360 gmina,
257 2332 335 2356 erat,
349 2332 492 2359 sapientia
505 2329 671 2353 vocabatur.
684 2342 711 2345 —
722 2334 744 2352 u.
762 2331 812 2358 Qui
827 2330 860 2352 ab
875 2328 1076 2358 magistratibus
1092 2327 1216 2351 solebant
1236 2328 1295 2351 edi:
1311 2334 1357 2351 eos
1372 2328 1468 2357 igitur,

148 2371 210 2390 cum
229 2366 289 2389 aliis
311 2367 390 2389 rebus
412 2372 469 2394 quse
491 2366 523 2388 ad
546 2366 646 2388 inania
660 2365 777 2388 horroris
795 2366 947 2394 pertinent,
972 2364 1058 2387 duxlt
1074 2363 1212 2387 habendos
1233 2365 1261 2387 et
1280 2363 1421 2392 ponendos
1439 2362 1467 2386 in

148 2401 241 2425 medio
256 2402 379 2426 rationis
398 2403 483 2431 alane
504 2401 705 2429 abundantiae,
723 2403 753 2424 ut
775 2401 845 2424 inter
864 2401 1019 2428 rationem,
1033 2405 1090 2428 quac
1111 2399 1192 2429 plane
1206 2399 1309 2428 spernit
1322 2398 1425 2426 inania,
1440 2398 1468 2421 et
