<?xml version="1.0" encoding="UTF-8"?>
<!DOCTYPE html PUBLIC "-//W3C//DTD XHTML 1.0 Transitional//EN"
    "http://www.w3.org/TR/xhtml1/DTD/xhtml1-transitional.dtd">
<html xmlns="http://www.w3.org/1999/xhtml" xml:lang="en" lang="en">
 <head>
  <title>
</title>
<meta http-equiv="Content-Type" content="text/html;charset=utf-8" />
  <meta name='ocr-system' content='tesseract 3.04.00' />
  <meta name='ocr-capabilities' content='ocr_page ocr_carea ocr_par ocr_line ocrx_word'/>
</head>
<body>
  <div class='ocr_page' id='page_1' title='image "./operaquaesupersu00taciuoft/operaquaesupersu00taciuoft_0205.png"; bbox 0 0 1539 2668; ppageno 0'>
   <div class='ocr_carea' id='block_1_1' title="bbox 497 136 1387 168">
    <p class='ocr_par' dir='ltr' id='par_1_1' title="bbox 497 136 1387 168">
     <span class='ocr_line' id='line_1_1' title="bbox 497 136 1387 168; baseline 0.002 -3"><span class='ocrx_word' id='word_1_1' title='bbox 497 138 532 166; x_wconf 81' lang='grc' dir='ltr'>Α.</span> <span class='ocrx_word' id='word_1_2' title='bbox 558 138 596 165; x_wconf 75' lang='lat' dir='ltr'>U.</span> <span class='ocrx_word' id='word_1_3' title='bbox 622 137 655 164; x_wconf 93' lang='lat' dir='ltr'>C.</span> <span class='ocrx_word' id='word_1_4' title='bbox 683 136 753 164; x_wconf 89' lang='grc'><strong>803.</strong></span> <span class='ocrx_word' id='word_1_5' title='bbox 778 137 813 164; x_wconf 84' lang='grc' dir='ltr'>Α.</span> <span class='ocrx_word' id='word_1_6' title='bbox 837 137 871 165; x_wconf 92' lang='lat' dir='ltr'>C.</span> <span class='ocrx_word' id='word_1_7' title='bbox 899 138 951 166; x_wconf 84' lang='lat'>50.</span> <span class='ocrx_word' id='word_1_8' title='bbox 1330 137 1387 168; x_wconf 84' lang='lat'>173</span> 
     </span>
    </p>
   </div>
   <div class='ocr_carea' id='block_1_2' title="bbox 59 210 1392 2364">
    <p class='ocr_par' dir='ltr' id='par_1_2' title="bbox 59 210 1390 674">
     <span class='ocr_line' id='line_1_2' title="bbox 64 210 1388 257; baseline -0.005 -10"><span class='ocrx_word' id='word_1_9' title='bbox 64 215 137 257; x_wconf 85' lang='lat' dir='ltr'>post</span> <span class='ocrx_word' id='word_1_10' title='bbox 149 222 233 246; x_wconf 88' lang='lat' dir='ltr'>anno</span> <span class='ocrx_word' id='word_1_11' title='bbox 249 222 346 254; x_wconf 86' lang='lat' dir='ltr'>quam</span> <span class='ocrx_word' id='word_1_12' title='bbox 363 212 482 244; x_wconf 88' lang='lat' dir='ltr'>bellum</span> <span class='ocrx_word' id='word_1_13' title='bbox 496 212 528 243; x_wconf 89' lang='lat' dir='ltr'>in</span> <span class='ocrx_word' id='word_1_14' title='bbox 545 210 707 242; x_wconf 76' lang='lat' dir='ltr'>Britannia</span> <span class='ocrx_word' id='word_1_15' title='bbox 723 213 874 251; x_wconf 86' lang='lat' dir='ltr'>coeptum.</span> <span class='ocrx_word' id='word_1_16' title='bbox 892 211 979 242; x_wconf 90' lang='lat' dir='ltr'>unde</span> <span class='ocrx_word' id='word_1_17' title='bbox 999 210 1084 241; x_wconf 86' lang='lat' dir='ltr'>sama</span> <span class='ocrx_word' id='word_1_18' title='bbox 1109 210 1179 250; x_wconf 89' lang='lat' dir='ltr'>ejus</span> <span class='ocrx_word' id='word_1_19' title='bbox 1196 211 1324 250; x_wconf 86' lang='lat' dir='ltr'>evecta,</span> <span class='ocrx_word' id='word_1_20' title='bbox 1340 210 1388 241; x_wconf 88' lang='lat' dir='ltr'>in-</span> 
     </span>
     <span class='ocr_line' id='line_1_3' title="bbox 63 257 1386 302; baseline -0.004 -9"><span class='ocrx_word' id='word_1_21' title='bbox 63 261 150 293; x_wconf 91' lang='lat' dir='ltr'>sulas</span> <span class='ocrx_word' id='word_1_22' title='bbox 166 262 198 293; x_wconf 92' lang='lat' dir='ltr'>et</span> <span class='ocrx_word' id='word_1_23' title='bbox 210 262 374 302; x_wconf 85' lang='lat' dir='ltr'>proximas</span> <span class='ocrx_word' id='word_1_24' title='bbox 387 259 571 301; x_wconf 81' lang='lat' dir='ltr'>provincias</span> <span class='ocrx_word' id='word_1_25' title='bbox 584 260 767 298; x_wconf 77' lang='lat' dir='ltr'>pervagata,</span> <span class='ocrx_word' id='word_1_26' title='bbox 786 267 842 298; x_wconf 88' lang='lat' dir='ltr'>per</span> <span class='ocrx_word' id='word_1_27' title='bbox 859 258 983 290; x_wconf 90' lang='lat' dir='ltr'>ltaliam</span> <span class='ocrx_word' id='word_1_28' title='bbox 997 266 1126 298; x_wconf 92' lang='lat' dir='ltr'>quoque</span> <span class='ocrx_word' id='word_1_29' title='bbox 1147 257 1386 297; x_wconf 76' lang='lat' dir='ltr'>celebrabatur-3</span> 
     </span>
     <span class='ocr_line' id='line_1_4' title="bbox 65 305 1389 349; baseline -0.004 -9"><span class='ocrx_word' id='word_1_30' title='bbox 65 309 268 349; x_wconf 81' lang='lat' dir='ltr'><strong>avebantque</strong></span> <span class='ocrx_word' id='word_1_31' title='bbox 286 309 391 340; x_wconf 82' lang='lat' dir='ltr'>visere</span> <span class='ocrx_word' id='word_1_32' title='bbox 417 307 490 347; x_wconf 89' lang='lat' dir='ltr'>quis</span> <span class='ocrx_word' id='word_1_33' title='bbox 511 306 563 337; x_wconf 77' lang='lat' dir='ltr'>illc</span> <span class='ocrx_word' id='word_1_34' title='bbox 579 305 590 323; x_wconf 77' lang='lat'>²</span> <span class='ocrx_word' id='word_1_35' title='bbox 615 308 663 336; x_wconf 84' lang='lat' dir='ltr'>tot</span> <span class='ocrx_word' id='word_1_36' title='bbox 686 314 742 344; x_wconf 88' lang='lat' dir='ltr'>per</span> <span class='ocrx_word' id='word_1_37' title='bbox 762 314 863 337; x_wconf 89' lang='lat' dir='ltr'>annos</span> <span class='ocrx_word' id='word_1_38' title='bbox 881 315 960 346; x_wconf 89' lang='lat' dir='ltr'>opes</span> <span class='ocrx_word' id='word_1_39' title='bbox 982 307 1109 337; x_wconf 83' lang='lat' dir='ltr'>nostras</span> <span class='ocrx_word' id='word_1_40' title='bbox 1134 305 1321 345; x_wconf 77' lang='lat' dir='ltr'>sprevisset.</span> <span class='ocrx_word' id='word_1_41' title='bbox 1342 309 1389 336; x_wconf 76' lang='lat' dir='ltr'>Ne</span> 
     </span>
     <span class='ocr_line' id='line_1_5' title="bbox 61 351 1388 396; baseline -0.004 -9"><span class='ocrx_word' id='word_1_42' title='bbox 61 358 177 388; x_wconf 76' lang='lat' dir='ltr'>Romae</span> <span class='ocrx_word' id='word_1_43' title='bbox 194 356 326 396; x_wconf 89' lang='lat' dir='ltr'>quidem</span> <span class='ocrx_word' id='word_1_44' title='bbox 340 354 481 394; x_wconf 85' lang='lat' dir='ltr'>ignobile</span> <span class='ocrx_word' id='word_1_45' title='bbox 498 352 661 384; x_wconf 76' lang='lat' dir='ltr'>Car-actaci</span> <span class='ocrx_word' id='word_1_46' title='bbox 680 361 797 383; x_wconf 89' lang='lat' dir='ltr'>nomen</span> <span class='ocrx_word' id='word_1_47' title='bbox 823 356 911 392; x_wconf 80' lang='lat' dir='ltr'>erat3</span> <span class='ocrx_word' id='word_1_48' title='bbox 931 355 962 384; x_wconf 85' lang='lat' dir='ltr'>et</span> <span class='ocrx_word' id='word_1_49' title='bbox 978 356 1102 391; x_wconf 77' lang='lat' dir='ltr'>Caesar,</span> <span class='ocrx_word' id='word_1_50' title='bbox 1123 351 1200 383; x_wconf 90' lang='lat' dir='ltr'>dum</span> <span class='ocrx_word' id='word_1_51' title='bbox 1214 360 1308 383; x_wconf 87' lang='lat' dir='ltr'>suum</span> <span class='ocrx_word' id='word_1_52' title='bbox 1333 351 1388 383; x_wconf 88' lang='lat' dir='ltr'>de-</span> 
     </span>
     <span class='ocr_line' id='line_1_6' title="bbox 61 399 1388 442; baseline -0.005 -7"><span class='ocrx_word' id='word_1_53' title='bbox 61 411 122 434; x_wconf 88' lang='lat' dir='ltr'>cus</span> <span class='ocrx_word' id='word_1_54' title='bbox 137 403 278 442; x_wconf 81' lang='lat' dir='ltr'>extollit,</span> <span class='ocrx_word' id='word_1_55' title='bbox 296 401 420 433; x_wconf 85' lang='lat' dir='ltr'>addidit</span> <span class='ocrx_word' id='word_1_56' title='bbox 444 401 579 441; x_wconf 78' lang='lat' dir='ltr'>gloriam</span> <span class='ocrx_word' id='word_1_57' title='bbox 595 400 695 431; x_wconf 54' lang='lat' dir='ltr'>x&#39;icto.</span> <span class='ocrx_word' id='word_1_58' title='bbox 717 403 852 431; x_wconf 68' lang='lat' dir='ltr'>vocatus</span> <span class='ocrx_word' id='word_1_59' title='bbox 868 400 987 440; x_wconf 80' lang='lat' dir='ltr'>quippe</span> <span class='ocrx_word' id='word_1_60' title='bbox 1004 402 1040 431; x_wconf 86' lang='lat' dir='ltr'>ut</span> <span class='ocrx_word' id='word_1_61' title='bbox 1059 399 1099 431; x_wconf 91' lang='lat' dir='ltr'>ad</span> <span class='ocrx_word' id='word_1_62' title='bbox 1116 399 1241 439; x_wconf 82' lang='lat' dir='ltr'>insigne</span> <span class='ocrx_word' id='word_1_63' title='bbox 1266 402 1388 438; x_wconf 85' lang='lat' dir='ltr'>specta-</span> 
     </span>
     <span class='ocr_line' id='line_1_7' title="bbox 61 445 1387 490; baseline -0.004 -9"><span class='ocrx_word' id='word_1_64' title='bbox 61 450 172 481; x_wconf 81' lang='lat' dir='ltr'>culum</span> <span class='ocrx_word' id='word_1_65' title='bbox 191 449 328 490; x_wconf 86' lang='lat' dir='ltr'>populus</span> <span class='ocrx_word' id='word_1_66' title='bbox 346 458 353 479; x_wconf 91' lang='lat'>:</span> <span class='ocrx_word' id='word_1_67' title='bbox 369 450 486 479; x_wconf 79' lang='lat' dir='ltr'>stetere</span> <span class='ocrx_word' id='word_1_68' title='bbox 504 448 536 478; x_wconf 89' lang='lat' dir='ltr'>in</span> <span class='ocrx_word' id='word_1_69' title='bbox 561 447 660 478; x_wconf 89' lang='lat' dir='ltr'>armis</span> <span class='ocrx_word' id='word_1_70' title='bbox 683 447 846 487; x_wconf 84' lang='lat' dir='ltr'>praetoriae</span> <span class='ocrx_word' id='word_1_71' title='bbox 868 447 1017 478; x_wconf 84' lang='lat' dir='ltr'>cobortes</span> <span class='ocrx_word' id='word_1_72' title='bbox 1044 455 1156 487; x_wconf 86' lang='lat' dir='ltr'>campo</span> <span class='ocrx_word' id='word_1_73' title='bbox 1182 446 1237 486; x_wconf 91' lang='lat' dir='ltr'>qui</span> <span class='ocrx_word' id='word_1_74' title='bbox 1254 448 1358 477; x_wconf 86' lang='lat' dir='ltr'>castra</span> <span class='ocrx_word' id='word_1_75' title='bbox 1375 445 1387 462; x_wconf 83' lang='lat'><strong>³</strong></span> 
     </span>
     <span class='ocr_line' id='line_1_8' title="bbox 59 494 1390 538; baseline -0.003 -10"><span class='ocrx_word' id='word_1_76' title='bbox 59 497 224 538; x_wconf 85' lang='lat' dir='ltr'>praejacet.</span> <span class='ocrx_word' id='word_1_77' title='bbox 242 498 320 527; x_wconf 90' lang='lat' dir='ltr'>tunc</span> <span class='ocrx_word' id='word_1_78' title='bbox 334 495 557 526; x_wconf 84' lang='lat' dir='ltr'>incedentibus</span> <span class='ocrx_word' id='word_1_79' title='bbox 572 494 666 533; x_wconf 76' lang='lat' dir='ltr'>regiis</span> <span class='ocrx_word' id='word_1_80' title='bbox 680 494 847 532; x_wconf 79' lang='lat' dir='ltr'>clientelis,</span> <span class='ocrx_word' id='word_1_81' title='bbox 868 495 1007 534; x_wconf 80' lang='lat' dir='ltr'>phalerae</span> <span class='ocrx_word' id='word_1_82' title='bbox 1022 497 1231 534; x_wconf 80' lang='lat' dir='ltr'>torquesque,</span> <span class='ocrx_word' id='word_1_83' title='bbox 1250 501 1390 533; x_wconf 84' lang='lat' dir='ltr'>quaeque</span> 
     </span>
     <span class='ocr_line' id='line_1_9' title="bbox 59 539 1389 582; baseline -0.005 -7"><span class='ocrx_word' id='word_1_84' title='bbox 59 543 203 576; x_wconf 83' lang='lat' dir='ltr'>externis</span> <span class='ocrx_word' id='word_1_85' title='bbox 227 543 320 574; x_wconf 90' lang='lat' dir='ltr'>bellis</span> <span class='ocrx_word' id='word_1_86' title='bbox 343 542 536 582; x_wconf 71' lang='lat' dir='ltr'>quaesiverat</span> <span class='ocrx_word' id='word_1_87' title='bbox 554 542 561 558; x_wconf 73' lang='lat'><strong>⁴</strong></span> <span class='ocrx_word' id='word_1_88' title='bbox 580 566 588 579; x_wconf 88' lang='lat'>,</span> <span class='ocrx_word' id='word_1_89' title='bbox 618 540 768 572; x_wconf 85' lang='lat' dir='ltr'>traducta</span> <span class='ocrx_word' id='word_1_90' title='bbox 791 550 799 571; x_wconf 80' lang='lat' dir='ltr'>z</span> <span class='ocrx_word' id='word_1_91' title='bbox 819 550 894 571; x_wconf 76' lang='lat' dir='ltr'>mox</span> <span class='ocrx_word' id='word_1_92' title='bbox 920 542 1033 572; x_wconf 80' lang='lat' dir='ltr'>fratres</span> <span class='ocrx_word' id='word_1_93' title='bbox 1060 544 1091 572; x_wconf 87' lang='lat' dir='ltr'>et</span> <span class='ocrx_word' id='word_1_94' title='bbox 1109 541 1227 580; x_wconf 80' lang='lat' dir='ltr'>conjux</span> <span class='ocrx_word' id='word_1_95' title='bbox 1247 542 1278 571; x_wconf 87' lang='lat' dir='ltr'>et</span> <span class='ocrx_word' id='word_1_96' title='bbox 1303 539 1389 578; x_wconf 85' lang='lat' dir='ltr'>tilia,</span> 
     </span>
     <span class='ocr_line' id='line_1_10' title="bbox 59 588 1390 630; baseline -0.004 -9"><span class='ocrx_word' id='word_1_97' title='bbox 59 593 222 630; x_wconf 80' lang='lat' dir='ltr'>postremo</span> <span class='ocrx_word' id='word_1_98' title='bbox 236 590 303 629; x_wconf 89' lang='lat' dir='ltr'>ipse</span> <span class='ocrx_word' id='word_1_99' title='bbox 318 590 511 620; x_wconf 84' lang='lat' dir='ltr'>ostentatus.</span> <span class='ocrx_word' id='word_1_100' title='bbox 529 590 710 620; x_wconf 88' lang='lat' dir='ltr'>ceterorum</span> <span class='ocrx_word' id='word_1_101' title='bbox 731 596 840 628; x_wconf 85' lang='lat' dir='ltr'>preces</span> <span class='ocrx_word' id='word_1_102' title='bbox 864 588 1035 627; x_wconf 75' lang='lat' dir='ltr'>degeneres</span> <span class='ocrx_word' id='word_1_103' title='bbox 1063 588 1151 619; x_wconf 84' lang='lat' dir='ltr'>suere</span> <span class='ocrx_word' id='word_1_104' title='bbox 1167 596 1207 618; x_wconf 82' lang='lat' dir='ltr'>ex</span> <span class='ocrx_word' id='word_1_105' title='bbox 1222 588 1311 618; x_wconf 88' lang='lat' dir='ltr'>metu</span> <span class='ocrx_word' id='word_1_106' title='bbox 1328 596 1335 617; x_wconf 71' lang='grc' dir='ltr'>ε</span> <span class='ocrx_word' id='word_1_107' title='bbox 1357 588 1390 617; x_wconf 88' lang='lat' dir='ltr'>at</span> 
     </span>
     <span class='ocr_line' id='line_1_11' title="bbox 59 634 1338 674; baseline -0.003 -6"><span class='ocrx_word' id='word_1_108' title='bbox 59 645 126 669; x_wconf 91' lang='lat' dir='ltr'>non</span> <span class='ocrx_word' id='word_1_109' title='bbox 143 639 337 668; x_wconf 85' lang='lat' dir='ltr'>Caractacus</span> <span class='ocrx_word' id='word_1_110' title='bbox 352 637 408 667; x_wconf 87' lang='lat' dir='ltr'>aut</span> <span class='ocrx_word' id='word_1_111' title='bbox 421 636 514 667; x_wconf 82' lang='lat' dir='ltr'>vultu</span> <span class='ocrx_word' id='word_1_112' title='bbox 533 635 671 666; x_wconf 85' lang='lat' dir='ltr'>demisso</span> <span class='ocrx_word' id='word_1_113' title='bbox 688 637 744 666; x_wconf 89' lang='lat' dir='ltr'>aut</span> <span class='ocrx_word' id='word_1_114' title='bbox 762 634 869 666; x_wconf 78' lang='lat' dir='ltr'>verbis</span> <span class='ocrx_word' id='word_1_115' title='bbox 886 634 1142 666; x_wconf 86' lang='lat' dir='ltr'>misericordiam</span> <span class='ocrx_word' id='word_1_116' title='bbox 1160 634 1338 674; x_wconf 87' lang='lat' dir='ltr'>requirens.</span> 
     </span>
    </p>

    <p class='ocr_par' dir='ltr' id='par_1_3' title="bbox 60 681 1392 1381">
     <span class='ocr_line' id='line_1_12' title="bbox 101 681 1390 721; baseline -0.004 -5"><span class='ocrx_word' id='word_1_117' title='bbox 101 687 249 716; x_wconf 84' lang='lat' dir='ltr'>XXXVII.</span> <span class='ocrx_word' id='word_1_118' title='bbox 265 682 326 715; x_wconf 87' lang='lat' dir='ltr'>Ubi</span> <span class='ocrx_word' id='word_1_119' title='bbox 342 682 496 714; x_wconf 87' lang='lat' dir='ltr'>tribunali</span> <span class='ocrx_word' id='word_1_120' title='bbox 514 682 633 720; x_wconf 83' lang='lat' dir='ltr'>astitit,</span> <span class='ocrx_word' id='word_1_121' title='bbox 649 682 682 713; x_wconf 94' lang='lat' dir='ltr'>in</span> <span class='ocrx_word' id='word_1_122' title='bbox 700 682 786 713; x_wconf 88' lang='lat' dir='ltr'>hunc</span> <span class='ocrx_word' id='word_1_123' title='bbox 801 682 935 713; x_wconf 91' lang='lat' dir='ltr'>modum</span> <span class='ocrx_word' id='word_1_124' title='bbox 949 682 1078 713; x_wconf 88' lang='lat' dir='ltr'>locutus</span> <span class='ocrx_word' id='word_1_125' title='bbox 1092 684 1141 713; x_wconf 90' lang='lat' dir='ltr'>est</span> <span class='ocrx_word' id='word_1_126' title='bbox 1158 691 1165 711; x_wconf 88' lang='lat'><strong>:</strong></span> <span class='ocrx_word' id='word_1_127' title='bbox 1185 694 1199 707; x_wconf 83' lang='lat'>«</span> <span class='ocrx_word' id='word_1_128' title='bbox 1211 681 1254 720; x_wconf 80' lang='lat' dir='ltr'>si,</span> <span class='ocrx_word' id='word_1_129' title='bbox 1270 683 1390 721; x_wconf 81' lang='lat' dir='ltr'>quanta</span> 
     </span>
     <span class='ocr_line' id='line_1_13' title="bbox 61 727 1390 769; baseline -0.003 -7"><span class='ocrx_word' id='word_1_130' title='bbox 61 743 79 758; x_wconf 72' lang='grc' dir='ltr'><strong><em>κ</em></strong></span> <span class='ocrx_word' id='word_1_131' title='bbox 95 730 245 762; x_wconf 83' lang='lat' dir='ltr'>nobilitas</span> <span class='ocrx_word' id='word_1_132' title='bbox 270 732 302 761; x_wconf 90' lang='lat' dir='ltr'>et</span> <span class='ocrx_word' id='word_1_133' title='bbox 331 730 460 760; x_wconf 78' lang='lat' dir='ltr'>fortuna</span> <span class='ocrx_word' id='word_1_134' title='bbox 480 729 557 760; x_wconf 83' lang='lat' dir='ltr'>milii</span> <span class='ocrx_word' id='word_1_135' title='bbox 592 729 651 760; x_wconf 87' lang='lat' dir='ltr'>suit</span> <span class='ocrx_word' id='word_1_136' title='bbox 662 753 670 767; x_wconf 92' lang='lat'><em>‚</em></span> <span class='ocrx_word' id='word_1_137' title='bbox 700 730 792 760; x_wconf 82' lang='lat' dir='ltr'>tanta</span> <span class='ocrx_word' id='word_1_138' title='bbox 824 738 932 760; x_wconf 90' lang='lat' dir='ltr'>rerum</span> <span class='ocrx_word' id='word_1_139' title='bbox 957 737 1185 769; x_wconf 84' lang='lat' dir='ltr'>prosperarum</span> <span class='ocrx_word' id='word_1_140' title='bbox 1212 727 1390 759; x_wconf 80' lang='lat' dir='ltr'>moderatio</span> 
     </span>
     <span class='ocr_line' id='line_1_14' title="bbox 62 775 1391 817; baseline -0.003 -8"><span class='ocrx_word' id='word_1_141' title='bbox 62 791 78 805; x_wconf 80' lang='grc' dir='ltr'>«ι</span> <span class='ocrx_word' id='word_1_142' title='bbox 92 778 220 817; x_wconf 85' lang='lat' dir='ltr'>suisset,</span> <span class='ocrx_word' id='word_1_143' title='bbox 238 778 360 808; x_wconf 87' lang='lat' dir='ltr'>amicus</span> <span class='ocrx_word' id='word_1_144' title='bbox 378 777 487 817; x_wconf 87' lang='lat' dir='ltr'>potius</span> <span class='ocrx_word' id='word_1_145' title='bbox 506 777 536 807; x_wconf 91' lang='lat' dir='ltr'>in</span> <span class='ocrx_word' id='word_1_146' title='bbox 554 777 634 807; x_wconf 73' lang='lat' dir='ltr'>lianc</span> <span class='ocrx_word' id='word_1_147' title='bbox 652 776 769 807; x_wconf 86' lang='lat' dir='ltr'>Urbem</span> <span class='ocrx_word' id='word_1_148' title='bbox 786 785 883 816; x_wconf 88' lang='lat' dir='ltr'>quam</span> <span class='ocrx_word' id='word_1_149' title='bbox 897 778 1010 816; x_wconf 81' lang='lat' dir='ltr'>captus</span> <span class='ocrx_word' id='word_1_150' title='bbox 1025 775 1200 813; x_wconf 71' lang='lat' dir='ltr'>venissem,</span> <span class='ocrx_word' id='word_1_151' title='bbox 1218 784 1322 814; x_wconf 90' lang='lat' dir='ltr'>neque</span> <span class='ocrx_word' id='word_1_152' title='bbox 1338 775 1391 806; x_wconf 89' lang='lat' dir='ltr'>de-</span> 
     </span>
     <span class='ocr_line' id='line_1_15' title="bbox 60 822 1389 864; baseline -0.001 -11"><span class='ocrx_word' id='word_1_153' title='bbox 60 838 77 853; x_wconf 87' lang='lat'>«</span> <span class='ocrx_word' id='word_1_154' title='bbox 93 825 243 864; x_wconf 81' lang='lat' dir='ltr'>dignatus</span> <span class='ocrx_word' id='word_1_155' title='bbox 259 833 345 855; x_wconf 85' lang='lat' dir='ltr'>esses</span> <span class='ocrx_word' id='word_1_156' title='bbox 361 825 456 855; x_wconf 81' lang='lat' dir='ltr'>claris</span> <span class='ocrx_word' id='word_1_157' title='bbox 474 824 650 863; x_wconf 82' lang='lat' dir='ltr'>majoribus</span> <span class='ocrx_word' id='word_1_158' title='bbox 667 826 774 854; x_wconf 85' lang='lat' dir='ltr'>ortum</span> <span class='ocrx_word' id='word_1_159' title='bbox 788 846 795 857; x_wconf 91' lang='lat'>,</span> <span class='ocrx_word' id='word_1_160' title='bbox 813 823 960 863; x_wconf 91' lang='lat' dir='ltr'>pluribus</span> <span class='ocrx_word' id='word_1_161' title='bbox 977 822 1125 862; x_wconf 77' lang='lat' dir='ltr'>gentibus</span> <span class='ocrx_word' id='word_1_162' title='bbox 1138 822 1389 862; x_wconf 82' lang='lat' dir='ltr'>imperitantem,</span> 
     </span>
     <span class='ocr_line' id='line_1_16' title="bbox 62 869 1389 911; baseline 0 -9"><span class='ocrx_word' id='word_1_163' title='bbox 62 883 77 898; x_wconf 72' lang='grc' dir='ltr'>α</span> <span class='ocrx_word' id='word_1_164' title='bbox 92 871 211 902; x_wconf 83' lang='lat' dir='ltr'>soedere</span> <span class='ocrx_word' id='word_1_165' title='bbox 228 872 316 911; x_wconf 82' lang='lat' dir='ltr'>pacis</span> <span class='ocrx_word' id='word_1_166' title='bbox 341 871 495 911; x_wconf 85' lang='lat' dir='ltr'>accipere.</span> <span class='ocrx_word' id='word_1_167' title='bbox 521 880 664 911; x_wconf 55' lang='lat' dir='ltr'>praesens</span> <span class='ocrx_word' id='word_1_168' title='bbox 686 880 757 901; x_wconf 85' lang='lat' dir='ltr'>sors</span> <span class='ocrx_word' id='word_1_169' title='bbox 782 879 874 910; x_wconf 87' lang='lat' dir='ltr'>mea,</span> <span class='ocrx_word' id='word_1_170' title='bbox 900 872 935 901; x_wconf 90' lang='lat' dir='ltr'>ut</span> <span class='ocrx_word' id='word_1_171' title='bbox 960 870 1038 900; x_wconf 83' lang='lat' dir='ltr'>milii</span> <span class='ocrx_word' id='word_1_172' title='bbox 1062 870 1210 900; x_wconf 79' lang='lat' dir='ltr'>informis</span> <span class='ocrx_word' id='word_1_173' title='bbox 1227 893 1235 908; x_wconf 92' lang='lat'>‚</span> <span class='ocrx_word' id='word_1_174' title='bbox 1259 869 1304 900; x_wconf 89' lang='lat' dir='ltr'>sic</span> <span class='ocrx_word' id='word_1_175' title='bbox 1330 869 1389 902; x_wconf 89' lang='lat' dir='ltr'>tibi</span> 
     </span>
     <span class='ocr_line' id='line_1_17' title="bbox 62 916 1391 958; baseline 0.001 -11"><span class='ocrx_word' id='word_1_176' title='bbox 62 930 79 946; x_wconf 68' lang='grc' dir='ltr'>ι(</span> <span class='ocrx_word' id='word_1_177' title='bbox 92 918 261 957; x_wconf 84' lang='lat' dir='ltr'>magnifica</span> <span class='ocrx_word' id='word_1_178' title='bbox 287 919 346 949; x_wconf 87' lang='lat' dir='ltr'>est.</span> <span class='ocrx_word' id='word_1_179' title='bbox 366 917 463 948; x_wconf 88' lang='lat' dir='ltr'>habui</span> <span class='ocrx_word' id='word_1_180' title='bbox 481 926 599 958; x_wconf 88' lang='lat' dir='ltr'>equos,</span> <span class='ocrx_word' id='word_1_181' title='bbox 634 917 719 948; x_wconf 82' lang='lat' dir='ltr'>viros</span> <span class='ocrx_word' id='word_1_182' title='bbox 734 940 742 955; x_wconf 87' lang='lat'>,</span> <span class='ocrx_word' id='word_1_183' title='bbox 769 926 856 948; x_wconf 87' lang='lat' dir='ltr'>arma</span> <span class='ocrx_word' id='word_1_184' title='bbox 869 941 877 956; x_wconf 93' lang='lat'>,</span> <span class='ocrx_word' id='word_1_185' title='bbox 901 926 987 956; x_wconf 88' lang='lat' dir='ltr'>opes.</span> <span class='ocrx_word' id='word_1_186' title='bbox 1015 916 1095 956; x_wconf 89' lang='lat' dir='ltr'>quid</span> <span class='ocrx_word' id='word_1_187' title='bbox 1114 916 1252 955; x_wconf 88' lang='lat' dir='ltr'>mirum,</span> <span class='ocrx_word' id='word_1_188' title='bbox 1277 916 1304 947; x_wconf 86' lang='lat' dir='ltr'>si</span> <span class='ocrx_word' id='word_1_189' title='bbox 1321 916 1391 948; x_wconf 79' lang='lat' dir='ltr'>haec</span> 
     </span>
     <span class='ocr_line' id='line_1_18' title="bbox 62 964 1392 1004; baseline -0.002 -8"><span class='ocrx_word' id='word_1_190' title='bbox 62 965 214 996; x_wconf 80' lang='lat' dir='ltr'>«invitus</span> <span class='ocrx_word' id='word_1_191' title='bbox 227 964 346 996; x_wconf 82' lang='lat' dir='ltr'>amisi?</span> <span class='ocrx_word' id='word_1_192' title='bbox 361 974 448 1003; x_wconf 85' lang='lat' dir='ltr'>nam,</span> <span class='ocrx_word' id='word_1_193' title='bbox 464 965 489 995; x_wconf 83' lang='lat' dir='ltr'>si</span> <span class='ocrx_word' id='word_1_194' title='bbox 502 973 560 995; x_wconf 67' lang='lat' dir='ltr'>vos</span> <span class='ocrx_word' id='word_1_195' title='bbox 578 964 729 995; x_wconf 85' lang='lat' dir='ltr'>omnibns</span> <span class='ocrx_word' id='word_1_196' title='bbox 744 964 929 1004; x_wconf 88' lang='lat' dir='ltr'>imperitare</span> <span class='ocrx_word' id='word_1_197' title='bbox 944 964 1057 1003; x_wconf 69' lang='lat' dir='ltr'>vultis,</span> <span class='ocrx_word' id='word_1_198' title='bbox 1072 964 1217 1003; x_wconf 87' lang='lat' dir='ltr'>sequitur</span> <span class='ocrx_word' id='word_1_199' title='bbox 1232 966 1267 994; x_wconf 86' lang='lat' dir='ltr'>ut</span> <span class='ocrx_word' id='word_1_200' title='bbox 1281 971 1392 994; x_wconf 85' lang='lat' dir='ltr'>omnes</span> 
     </span>
     <span class='ocr_line' id='line_1_19' title="bbox 62 1011 1391 1052; baseline -0.002 -9"><span class='ocrx_word' id='word_1_201' title='bbox 62 1024 78 1039; x_wconf 86' lang='grc' dir='ltr'><strong>α</strong></span> <span class='ocrx_word' id='word_1_202' title='bbox 93 1012 285 1043; x_wconf 87' lang='lat' dir='ltr'>servitutem</span> <span class='ocrx_word' id='word_1_203' title='bbox 303 1012 487 1052; x_wconf 81' lang='lat' dir='ltr'>accipiant?</span> <span class='ocrx_word' id='word_1_204' title='bbox 508 1013 513 1029; x_wconf 93' lang='lat'><strong>¹</strong></span> <span class='ocrx_word' id='word_1_205' title='bbox 536 1012 562 1043; x_wconf 89' lang='lat' dir='ltr'>si</span> <span class='ocrx_word' id='word_1_206' title='bbox 578 1012 689 1043; x_wconf 84' lang='lat' dir='ltr'>statim</span> <span class='ocrx_word' id='word_1_207' title='bbox 716 1011 847 1042; x_wconf 85' lang='lat' dir='ltr'>deditus</span> <span class='ocrx_word' id='word_1_208' title='bbox 865 1011 1025 1051; x_wconf 86' lang='lat' dir='ltr'>traderer,</span> <span class='ocrx_word' id='word_1_209' title='bbox 1044 1020 1149 1051; x_wconf 90' lang='lat' dir='ltr'>neque</span> <span class='ocrx_word' id='word_1_210' title='bbox 1173 1019 1245 1042; x_wconf 87' lang='lat' dir='ltr'>mea</span> <span class='ocrx_word' id='word_1_211' title='bbox 1262 1011 1391 1041; x_wconf 80' lang='lat' dir='ltr'>fortuna</span> 
     </span>
     <span class='ocr_line' id='line_1_20' title="bbox 64 1059 1392 1101; baseline -0.002 -11"><span class='ocrx_word' id='word_1_212' title='bbox 64 1073 79 1087; x_wconf 91' lang='lat'>«</span> <span class='ocrx_word' id='word_1_213' title='bbox 94 1067 200 1099; x_wconf 88' lang='lat' dir='ltr'>neque</span> <span class='ocrx_word' id='word_1_214' title='bbox 213 1061 270 1090; x_wconf 85' lang='lat' dir='ltr'>tua</span> <span class='ocrx_word' id='word_1_215' title='bbox 283 1060 383 1099; x_wconf 79' lang='lat' dir='ltr'>gloria</span> <span class='ocrx_word' id='word_1_216' title='bbox 396 1060 620 1098; x_wconf 85' lang='lat' dir='ltr'>inclaruisset;</span> <span class='ocrx_word' id='word_1_217' title='bbox 640 1061 671 1091; x_wconf 87' lang='lat' dir='ltr'>et</span> <span class='ocrx_word' id='word_1_218' title='bbox 689 1059 886 1101; x_wconf 88' lang='lat' dir='ltr'>supplicium</span> <span class='ocrx_word' id='word_1_219' title='bbox 905 1059 966 1090; x_wconf 89' lang='lat' dir='ltr'>mei</span> <span class='ocrx_word' id='word_1_220' title='bbox 984 1059 1105 1089; x_wconf 81' lang='lat' dir='ltr'>oblivio</span> <span class='ocrx_word' id='word_1_221' title='bbox 1125 1060 1314 1099; x_wconf 85' lang='lat' dir='ltr'>sequeretur</span> <span class='ocrx_word' id='word_1_222' title='bbox 1332 1068 1339 1088; x_wconf 89' lang='lat'>:</span> <span class='ocrx_word' id='word_1_223' title='bbox 1358 1061 1392 1089; x_wconf 85' lang='lat' dir='ltr'>at</span> 
     </span>
     <span class='ocr_line' id='line_1_21' title="bbox 64 1105 1392 1145; baseline 0 -9"><span class='ocrx_word' id='word_1_224' title='bbox 64 1118 80 1133; x_wconf 78' lang='grc' dir='ltr'>ιι</span> <span class='ocrx_word' id='word_1_225' title='bbox 94 1106 122 1137; x_wconf 88' lang='lat' dir='ltr'>si</span> <span class='ocrx_word' id='word_1_226' title='bbox 148 1105 345 1137; x_wconf 88' lang='lat' dir='ltr'>incolumem</span> <span class='ocrx_word' id='word_1_227' title='bbox 371 1106 572 1145; x_wconf 73' lang='lat' dir='ltr'>servaveris,</span> <span class='ocrx_word' id='word_1_228' title='bbox 597 1108 757 1138; x_wconf 64' lang='lat' dir='ltr'>{eternum</span> <span class='ocrx_word' id='word_1_229' title='bbox 780 1106 945 1145; x_wconf 83' lang='lat' dir='ltr'>exemplar</span> <span class='ocrx_word' id='word_1_230' title='bbox 968 1105 1147 1136; x_wconf 82' lang='lat' dir='ltr'>clementiae</span> <span class='ocrx_word' id='word_1_231' title='bbox 1170 1114 1235 1136; x_wconf 88' lang='lat' dir='ltr'>er0.</span> <span class='ocrx_word' id='word_1_232' title='bbox 1257 1118 1272 1132; x_wconf 70' lang='grc' dir='ltr'><strong>υ</strong></span> <span class='ocrx_word' id='word_1_233' title='bbox 1292 1105 1332 1136; x_wconf 86' lang='lat' dir='ltr'>ad</span> <span class='ocrx_word' id='word_1_234' title='bbox 1355 1113 1392 1136; x_wconf 86' lang='lat' dir='ltr'>ea</span> 
     </span>
     <span class='ocr_line' id='line_1_22' title="bbox 61 1152 1391 1193; baseline -0.002 -9"><span class='ocrx_word' id='word_1_235' title='bbox 61 1156 168 1184; x_wconf 79' lang='lat' dir='ltr'>Caesar</span> <span class='ocrx_word' id='word_1_236' title='bbox 184 1153 311 1184; x_wconf 75' lang='lat' dir='ltr'>veniam</span> <span class='ocrx_word' id='word_1_237' title='bbox 326 1153 451 1193; x_wconf 88' lang='lat' dir='ltr'>ipsique</span> <span class='ocrx_word' id='word_1_238' title='bbox 464 1155 496 1184; x_wconf 88' lang='lat' dir='ltr'>et</span> <span class='ocrx_word' id='word_1_239' title='bbox 509 1153 636 1192; x_wconf 71' lang='lat' dir='ltr'>conjugi</span> <span class='ocrx_word' id='word_1_240' title='bbox 655 1156 687 1183; x_wconf 92' lang='lat' dir='ltr'>et</span> <span class='ocrx_word' id='word_1_241' title='bbox 702 1153 853 1183; x_wconf 86' lang='lat' dir='ltr'>fratribus</span> <span class='ocrx_word' id='word_1_242' title='bbox 869 1153 994 1183; x_wconf 83' lang='lat' dir='ltr'>tribuit.</span> <span class='ocrx_word' id='word_1_243' title='bbox 1022 1156 1127 1192; x_wconf 86' lang='lat' dir='ltr'>Atque</span> <span class='ocrx_word' id='word_1_244' title='bbox 1143 1152 1188 1183; x_wconf 92' lang='lat' dir='ltr'>illi</span> <span class='ocrx_word' id='word_1_245' title='bbox 1205 1152 1319 1183; x_wconf 88' lang='lat' dir='ltr'>vinclis</span> <span class='ocrx_word' id='word_1_246' title='bbox 1334 1161 1391 1183; x_wconf 82' lang='lat' dir='ltr'>ex-</span> 
     </span>
     <span class='ocr_line' id='line_1_23' title="bbox 61 1199 1390 1240; baseline -0.001 -10"><span class='ocrx_word' id='word_1_247' title='bbox 61 1199 171 1239; x_wconf 86' lang='lat' dir='ltr'>soluti,</span> <span class='ocrx_word' id='word_1_248' title='bbox 187 1200 392 1240; x_wconf 83' lang='lat' dir='ltr'>Agrippinam</span> <span class='ocrx_word' id='word_1_249' title='bbox 406 1208 545 1240; x_wconf 89' lang='lat' dir='ltr'>quoque,</span> <span class='ocrx_word' id='word_1_250' title='bbox 565 1200 650 1230; x_wconf 85' lang='lat' dir='ltr'>haud</span> <span class='ocrx_word' id='word_1_251' title='bbox 667 1200 778 1239; x_wconf 88' lang='lat' dir='ltr'>procul</span> <span class='ocrx_word' id='word_1_252' title='bbox 794 1200 856 1230; x_wconf 89' lang='lat' dir='ltr'>alio</span> <span class='ocrx_word' id='word_1_253' title='bbox 869 1202 1022 1238; x_wconf 66' lang='lat' dir='ltr'>suggestu</span> <span class='ocrx_word' id='word_1_254' title='bbox 1039 1199 1258 1239; x_wconf 86' lang='lat' dir='ltr'>conspicuam,</span> <span class='ocrx_word' id='word_1_255' title='bbox 1277 1199 1390 1229; x_wconf 84' lang='lat' dir='ltr'>iisdem</span> 
     </span>
     <span class='ocr_line' id='line_1_24' title="bbox 61 1246 1392 1286; baseline -0.001 -10"><span class='ocrx_word' id='word_1_256' title='bbox 61 1246 180 1284; x_wconf 85' lang='lat' dir='ltr'>quibus</span> <span class='ocrx_word' id='word_1_257' title='bbox 197 1247 374 1286; x_wconf 73' lang='lat' dir='ltr'>Principem</span> <span class='ocrx_word' id='word_1_258' title='bbox 391 1246 541 1277; x_wconf 86' lang='lat' dir='ltr'>laudibus</span> <span class='ocrx_word' id='word_1_259' title='bbox 553 1246 762 1286; x_wconf 79' lang='lat' dir='ltr'>gratibusque</span> <span class='ocrx_word' id='word_1_260' title='bbox 779 1246 924 1277; x_wconf 78' lang='lat' dir='ltr'>venerati</span> <span class='ocrx_word' id='word_1_261' title='bbox 942 1248 1029 1276; x_wconf 91' lang='lat' dir='ltr'>sunt.</span> <span class='ocrx_word' id='word_1_262' title='bbox 1048 1254 1170 1276; x_wconf 81' lang='lat' dir='ltr'>novum</span> <span class='ocrx_word' id='word_1_263' title='bbox 1187 1254 1262 1276; x_wconf 91' lang='lat' dir='ltr'>sane</span> <span class='ocrx_word' id='word_1_264' title='bbox 1277 1248 1308 1276; x_wconf 93' lang='lat' dir='ltr'>et</span> <span class='ocrx_word' id='word_1_265' title='bbox 1325 1255 1392 1276; x_wconf 78' lang='lat' dir='ltr'>nio-</span> 
     </span>
     <span class='ocr_line' id='line_1_25' title="bbox 63 1292 1391 1333; baseline 0.001 -10"><span class='ocrx_word' id='word_1_266' title='bbox 63 1293 151 1324; x_wconf 85' lang='lat' dir='ltr'>ribns</span> <span class='ocrx_word' id='word_1_267' title='bbox 167 1296 312 1324; x_wconf 64' lang='lat' dir='ltr'>veterum</span> <span class='ocrx_word' id='word_1_268' title='bbox 331 1293 496 1324; x_wconf 89' lang='lat' dir='ltr'>insolitum</span> <span class='ocrx_word' id='word_1_269' title='bbox 510 1318 518 1332; x_wconf 96' lang='lat'>,</span> <span class='ocrx_word' id='word_1_270' title='bbox 537 1293 690 1324; x_wconf 85' lang='lat' dir='ltr'>feminam</span> <span class='ocrx_word' id='word_1_271' title='bbox 705 1293 804 1333; x_wconf 80' lang='lat' dir='ltr'>signis</span> <span class='ocrx_word' id='word_1_272' title='bbox 822 1292 975 1323; x_wconf 83' lang='lat' dir='ltr'>Romanis</span> <span class='ocrx_word' id='word_1_273' title='bbox 990 1293 1161 1332; x_wconf 83' lang='lat' dir='ltr'>praesidere</span> <span class='ocrx_word' id='word_1_274' title='bbox 1178 1303 1185 1323; x_wconf 93' lang='lat'>:</span> <span class='ocrx_word' id='word_1_275' title='bbox 1203 1292 1275 1332; x_wconf 90' lang='lat' dir='ltr'>ipsa</span> <span class='ocrx_word' id='word_1_276' title='bbox 1288 1295 1391 1324; x_wconf 87' lang='lat' dir='ltr'>semet</span> 
     </span>
     <span class='ocr_line' id='line_1_26' title="bbox 63 1340 891 1381; baseline -0.001 -10"><span class='ocrx_word' id='word_1_277' title='bbox 63 1341 146 1381; x_wconf 82' lang='lat' dir='ltr'>parti</span> <span class='ocrx_word' id='word_1_278' title='bbox 163 1350 181 1371; x_wconf 86' lang='lat' dir='ltr'>a</span> <span class='ocrx_word' id='word_1_279' title='bbox 199 1340 376 1378; x_wconf 83' lang='lat' dir='ltr'>majoribus</span> <span class='ocrx_word' id='word_1_280' title='bbox 393 1341 461 1371; x_wconf 86' lang='lat' dir='ltr'>suis</span> <span class='ocrx_word' id='word_1_281' title='bbox 476 1340 602 1380; x_wconf 87' lang='lat' dir='ltr'>imperii</span> <span class='ocrx_word' id='word_1_282' title='bbox 619 1340 742 1371; x_wconf 84' lang='lat' dir='ltr'>sociam</span> <span class='ocrx_word' id='word_1_283' title='bbox 759 1340 891 1372; x_wconf 83' lang='lat' dir='ltr'>ferebat.</span> 
     </span>
    </p>

    <p class='ocr_par' dir='ltr' id='par_1_4' title="bbox 59 1386 1392 1944">
     <span class='ocr_line' id='line_1_27' title="bbox 101 1386 1392 1427; baseline 0 -9"><span class='ocrx_word' id='word_1_284' title='bbox 101 1391 266 1418; x_wconf 83' lang='lat' dir='ltr'>XXXVIII.</span> <span class='ocrx_word' id='word_1_285' title='bbox 291 1388 404 1418; x_wconf 79' lang='lat' dir='ltr'>Vocati</span> <span class='ocrx_word' id='word_1_286' title='bbox 433 1388 567 1427; x_wconf 85' lang='lat' dir='ltr'>posthac</span> <span class='ocrx_word' id='word_1_287' title='bbox 592 1389 703 1418; x_wconf 87' lang='lat' dir='ltr'>Patres</span> <span class='ocrx_word' id='word_1_288' title='bbox 723 1387 826 1418; x_wconf 89' lang='lat' dir='ltr'>multa</span> <span class='ocrx_word' id='word_1_289' title='bbox 853 1389 885 1418; x_wconf 90' lang='lat' dir='ltr'>et</span> <span class='ocrx_word' id='word_1_290' title='bbox 900 1387 1070 1427; x_wconf 81' lang='lat' dir='ltr'>magnifica</span> <span class='ocrx_word' id='word_1_291' title='bbox 1093 1395 1188 1427; x_wconf 90' lang='lat' dir='ltr'>super</span> <span class='ocrx_word' id='word_1_292' title='bbox 1202 1386 1392 1426; x_wconf 77' lang='lat' dir='ltr'>captivitate</span> 
     </span>
     <span class='ocr_line' id='line_1_28' title="bbox 60 1433 1386 1475; baseline -0.001 -10"><span class='ocrx_word' id='word_1_293' title='bbox 60 1434 223 1465; x_wconf 79' lang='lat' dir='ltr'>caractaci</span> <span class='ocrx_word' id='word_1_294' title='bbox 241 1434 421 1465; x_wconf 83' lang='lat' dir='ltr'>disseruere</span> <span class='ocrx_word' id='word_1_295' title='bbox 433 1459 441 1473; x_wconf 92' lang='lat'>‚</span> <span class='ocrx_word' id='word_1_296' title='bbox 460 1443 567 1475; x_wconf 79' lang='lat' dir='ltr'>neque.</span> <span class='ocrx_word' id='word_1_297' title='bbox 586 1436 698 1465; x_wconf 67' lang='lat' dir='ltr'>mimas</span> <span class='ocrx_word' id='word_1_298' title='bbox 713 1433 749 1464; x_wconf 71' lang='lat' dir='ltr'>id</span> <span class='ocrx_word' id='word_1_299' title='bbox 770 1434 910 1465; x_wconf 82' lang='lat' dir='ltr'>clarum</span> <span class='ocrx_word' id='word_1_300' title='bbox 929 1442 1036 1474; x_wconf 77' lang='lat' dir='ltr'>quam</span> <span class='ocrx_word' id='word_1_301' title='bbox 1058 1433 1149 1474; x_wconf 80' lang='lat' dir='ltr'>quod</span> <span class='ocrx_word' id='word_1_302' title='bbox 1173 1433 1361 1473; x_wconf 78' lang='lat' dir='ltr'>Syphacem</span> <span class='ocrx_word' id='word_1_303' title='bbox 1380 1435 1386 1451; x_wconf 85' lang='lat'>¹</span> 
     </span>
     <span class='ocr_line' id='line_1_29' title="bbox 65 1481 1390 1522; baseline -0.001 -10"><span class='ocrx_word' id='word_1_304' title='bbox 65 1482 100 1512; x_wconf 90' lang='lat' dir='ltr'>P.</span> <span class='ocrx_word' id='word_1_305' title='bbox 119 1482 248 1521; x_wconf 73' lang='lat' dir='ltr'>Scipio,</span> <span class='ocrx_word' id='word_1_306' title='bbox 274 1484 399 1513; x_wconf 69' lang='lat' dir='ltr'>Persen</span> <span class='ocrx_word' id='word_1_307' title='bbox 416 1483 453 1513; x_wconf 90' lang='lat' dir='ltr'>L.</span> <span class='ocrx_word' id='word_1_308' title='bbox 471 1482 623 1513; x_wconf 75' lang='lat' dir='ltr'>Paullus</span> <span class='ocrx_word' id='word_1_309' title='bbox 636 1506 645 1521; x_wconf 84' lang='lat'>‚</span> <span class='ocrx_word' id='word_1_310' title='bbox 669 1483 702 1512; x_wconf 79' lang='lat' dir='ltr'>et</span> <span class='ocrx_word' id='word_1_311' title='bbox 719 1483 747 1512; x_wconf 67' lang='lat' dir='ltr'>si</span> <span class='ocrx_word' id='word_1_312' title='bbox 764 1483 823 1522; x_wconf 68' lang='grc' dir='ltr'>φη·</span> <span class='ocrx_word' id='word_1_313' title='bbox 837 1482 900 1512; x_wconf 75' lang='lat' dir='ltr'>alii</span> <span class='ocrx_word' id='word_1_314' title='bbox 918 1483 1048 1512; x_wconf 73' lang='lat' dir='ltr'>vinctos</span> <span class='ocrx_word' id='word_1_315' title='bbox 1064 1489 1159 1520; x_wconf 72' lang='lat' dir='ltr'>reyes</span> <span class='ocrx_word' id='word_1_316' title='bbox 1178 1481 1307 1520; x_wconf 79' lang='lat' dir='ltr'>populo</span> <span class='ocrx_word' id='word_1_317' title='bbox 1324 1484 1390 1512; x_wconf 76' lang='lat' dir='ltr'>Ro-</span> 
     </span>
     <span class='ocr_line' id='line_1_30' title="bbox 60 1528 1388 1568; baseline 0 -10"><span class='ocrx_word' id='word_1_318' title='bbox 60 1535 165 1559; x_wconf 79' lang='lat' dir='ltr'>mano</span> <span class='ocrx_word' id='word_1_319' title='bbox 187 1528 370 1560; x_wconf 77' lang='lat' dir='ltr'>ostendere.</span> <span class='ocrx_word' id='word_1_320' title='bbox 386 1531 559 1560; x_wconf 86' lang='lat' dir='ltr'>censentur</span> <span class='ocrx_word' id='word_1_321' title='bbox 574 1530 705 1560; x_wconf 73' lang='lat' dir='ltr'>Ostorio</span> <span class='ocrx_word' id='word_1_322' title='bbox 721 1528 887 1568; x_wconf 70' lang='lat' dir='ltr'>triumphi</span> <span class='ocrx_word' id='word_1_323' title='bbox 907 1530 1071 1568; x_wconf 74' lang='lat' dir='ltr'>insiynia,</span> <span class='ocrx_word' id='word_1_324' title='bbox 1089 1528 1251 1568; x_wconf 89' lang='lat' dir='ltr'>prosperis</span> <span class='ocrx_word' id='word_1_325' title='bbox 1271 1528 1309 1558; x_wconf 82' lang='lat' dir='ltr'>ad</span> <span class='ocrx_word' id='word_1_326' title='bbox 1331 1528 1362 1559; x_wconf 87' lang='lat' dir='ltr'>id</span> <span class='ocrx_word' id='word_1_327' title='bbox 1377 1528 1388 1546; x_wconf 83' lang='lat'><em>²</em></span> 
     </span>
     <span class='ocr_line' id='line_1_31' title="bbox 61 1573 1390 1616; baseline 0.002 -12"><span class='ocrx_word' id='word_1_328' title='bbox 61 1573 155 1606; x_wconf 89' lang='lat' dir='ltr'>rebus</span> <span class='ocrx_word' id='word_1_329' title='bbox 170 1575 239 1614; x_wconf 86' lang='lat' dir='ltr'>ejus</span> <span class='ocrx_word' id='word_1_330' title='bbox 250 1600 258 1615; x_wconf 90' lang='lat'>,</span> <span class='ocrx_word' id='word_1_331' title='bbox 273 1585 349 1606; x_wconf 67' lang='lat' dir='ltr'>mox</span> <span class='ocrx_word' id='word_1_332' title='bbox 367 1576 524 1615; x_wconf 84' lang='lat' dir='ltr'>ambiguis</span> <span class='ocrx_word' id='word_1_333' title='bbox 536 1600 544 1615; x_wconf 92' lang='lat'>,</span> <span class='ocrx_word' id='word_1_334' title='bbox 560 1576 627 1607; x_wconf 88' lang='lat' dir='ltr'>sive</span> <span class='ocrx_word' id='word_1_335' title='bbox 641 1575 728 1616; x_wconf 89' lang='lat' dir='ltr'>quod</span> <span class='ocrx_word' id='word_1_336' title='bbox 743 1578 852 1606; x_wconf 87' lang='lat' dir='ltr'>amoto</span> <span class='ocrx_word' id='word_1_337' title='bbox 871 1578 1044 1606; x_wconf 81' lang='lat' dir='ltr'>Caractaco</span> <span class='ocrx_word' id='word_1_338' title='bbox 1055 1599 1064 1615; x_wconf 87' lang='lat'>,</span> <span class='ocrx_word' id='word_1_339' title='bbox 1084 1576 1175 1614; x_wconf 82' lang='lat' dir='ltr'>quasi</span> <span class='ocrx_word' id='word_1_340' title='bbox 1194 1575 1390 1606; x_wconf 84' lang='lat' dir='ltr'>debellatum</span> 
     </span>
     <span class='ocr_line' id='line_1_32' title="bbox 60 1619 1389 1663; baseline 0.002 -12"><span class='ocrx_word' id='word_1_341' title='bbox 60 1619 143 1653; x_wconf 80' lang='lat' dir='ltr'>roret</span> <span class='ocrx_word' id='word_1_342' title='bbox 156 1646 165 1661; x_wconf 90' lang='lat'>,</span> <span class='ocrx_word' id='word_1_343' title='bbox 187 1622 295 1654; x_wconf 86' lang='lat' dir='ltr'>minus</span> <span class='ocrx_word' id='word_1_344' title='bbox 317 1623 440 1654; x_wconf 86' lang='lat' dir='ltr'>intenta</span> <span class='ocrx_word' id='word_1_345' title='bbox 455 1623 539 1663; x_wconf 89' lang='lat' dir='ltr'>apud</span> <span class='ocrx_word' id='word_1_346' title='bbox 569 1632 627 1654; x_wconf 91' lang='lat' dir='ltr'>nos</span> <span class='ocrx_word' id='word_1_347' title='bbox 646 1623 760 1654; x_wconf 88' lang='lat' dir='ltr'>militia</span> <span class='ocrx_word' id='word_1_348' title='bbox 775 1623 854 1661; x_wconf 82' lang='lat' dir='ltr'>suit,</span> <span class='ocrx_word' id='word_1_349' title='bbox 875 1623 943 1654; x_wconf 87' lang='lat' dir='ltr'>sive</span> <span class='ocrx_word' id='word_1_350' title='bbox 961 1623 1071 1653; x_wconf 91' lang='lat' dir='ltr'>hostes</span> <span class='ocrx_word' id='word_1_351' title='bbox 1084 1622 1289 1653; x_wconf 86' lang='lat' dir='ltr'>miseratione</span> <span class='ocrx_word' id='word_1_352' title='bbox 1305 1623 1389 1654; x_wconf 83' lang='lat' dir='ltr'>tanti</span> 
     </span>
     <span class='ocr_line' id='line_1_33' title="bbox 59 1669 1390 1709; baseline 0.002 -11"><span class='ocrx_word' id='word_1_353' title='bbox 59 1669 143 1708; x_wconf 74' lang='lat' dir='ltr'>regts</span> <span class='ocrx_word' id='word_1_354' title='bbox 157 1670 261 1701; x_wconf 89' lang='lat' dir='ltr'>acrius</span> <span class='ocrx_word' id='word_1_355' title='bbox 275 1670 314 1700; x_wconf 88' lang='lat' dir='ltr'>ad</span> <span class='ocrx_word' id='word_1_356' title='bbox 331 1671 485 1701; x_wconf 86' lang='lat' dir='ltr'>ultionem</span> <span class='ocrx_word' id='word_1_357' title='bbox 504 1679 665 1702; x_wconf 81' lang='lat' dir='ltr'>exarsere.</span> <span class='ocrx_word' id='word_1_358' title='bbox 686 1671 877 1702; x_wconf 82' lang='lat' dir='ltr'>Praefectum</span> <span class='ocrx_word' id='word_1_359' title='bbox 894 1673 1073 1701; x_wconf 88' lang='lat' dir='ltr'>castrorum</span> <span class='ocrx_word' id='word_1_360' title='bbox 1088 1672 1120 1705; x_wconf 73' lang='lat' dir='ltr'>et</span> <span class='ocrx_word' id='word_1_361' title='bbox 1134 1669 1322 1709; x_wconf 70' lang='lat' dir='ltr'>legionarias</span> <span class='ocrx_word' id='word_1_362' title='bbox 1338 1679 1390 1701; x_wconf 89' lang='lat' dir='ltr'>co-</span> 
     </span>
     <span class='ocr_line' id='line_1_34' title="bbox 59 1714 1388 1757; baseline 0.003 -12"><span class='ocrx_word' id='word_1_363' title='bbox 59 1714 181 1754; x_wconf 87' lang='lat' dir='ltr'>hortes,</span> <span class='ocrx_word' id='word_1_364' title='bbox 195 1717 398 1749; x_wconf 83' lang='lat' dir='ltr'>exstruendis</span> <span class='ocrx_word' id='word_1_365' title='bbox 414 1717 500 1757; x_wconf 91' lang='lat' dir='ltr'>apud</span> <span class='ocrx_word' id='word_1_366' title='bbox 516 1717 634 1749; x_wconf 84' lang='lat' dir='ltr'>Siluras</span> <span class='ocrx_word' id='word_1_367' title='bbox 653 1717 808 1757; x_wconf 78' lang='lat' dir='ltr'>praesidiis</span> <span class='ocrx_word' id='word_1_368' title='bbox 824 1717 951 1749; x_wconf 87' lang='lat' dir='ltr'>relictas</span> <span class='ocrx_word' id='word_1_369' title='bbox 965 1741 974 1756; x_wconf 90' lang='lat'>‚</span> <span class='ocrx_word' id='word_1_370' title='bbox 995 1716 1259 1748; x_wconf 80' lang='lat' dir='ltr'>circumfundunt</span> <span class='ocrx_word' id='word_1_371' title='bbox 1277 1726 1284 1747; x_wconf 74' lang='grc' dir='ltr'>ε</span> <span class='ocrx_word' id='word_1_372' title='bbox 1303 1725 1340 1748; x_wconf 90' lang='lat' dir='ltr'>ac</span> <span class='ocrx_word' id='word_1_373' title='bbox 1357 1719 1388 1749; x_wconf 88' lang='lat' dir='ltr'>ni</span> 
     </span>
     <span class='ocr_line' id='line_1_35' title="bbox 61 1761 1391 1804; baseline 0.002 -12"><span class='ocrx_word' id='word_1_374' title='bbox 61 1761 125 1792; x_wconf 86' lang='lat' dir='ltr'>cito</span> <span class='ocrx_word' id='word_1_375' title='bbox 142 1763 265 1795; x_wconf 89' lang='lat' dir='ltr'>nuntiis</span> <span class='ocrx_word' id='word_1_376' title='bbox 279 1768 310 1795; x_wconf 86' lang='lat' dir='ltr'>et</span> <span class='ocrx_word' id='word_1_377' title='bbox 327 1764 464 1795; x_wconf 83' lang='lat' dir='ltr'>castellis</span> <span class='ocrx_word' id='word_1_378' title='bbox 480 1764 638 1804; x_wconf 80' lang='lat' dir='ltr'>proximis</span> <span class='ocrx_word' id='word_1_379' title='bbox 655 1764 854 1796; x_wconf 87' lang='lat' dir='ltr'>subventum</span> <span class='ocrx_word' id='word_1_380' title='bbox 872 1764 954 1796; x_wconf 81' lang='lat' dir='ltr'>soret</span> <span class='ocrx_word' id='word_1_381' title='bbox 970 1788 979 1803; x_wconf 92' lang='lat'><strong><em>‚</em></strong></span> <span class='ocrx_word' id='word_1_382' title='bbox 1003 1764 1107 1804; x_wconf 88' lang='lat' dir='ltr'>copiae</span> <span class='ocrx_word' id='word_1_383' title='bbox 1124 1766 1195 1795; x_wconf 86' lang='lat' dir='ltr'>tum</span> <span class='ocrx_word' id='word_1_384' title='bbox 1221 1763 1391 1796; x_wconf 88' lang='lat' dir='ltr'>occidione</span> 
     </span>
     <span class='ocr_line' id='line_1_36' title="bbox 62 1809 1390 1851; baseline 0.002 -12"><span class='ocrx_word' id='word_1_385' title='bbox 62 1809 302 1842; x_wconf 83' lang='lat' dir='ltr'>occubuissent.</span> <span class='ocrx_word' id='word_1_386' title='bbox 327 1811 498 1851; x_wconf 79' lang='lat' dir='ltr'>praefectus</span> <span class='ocrx_word' id='word_1_387' title='bbox 524 1813 634 1842; x_wconf 85' lang='lat' dir='ltr'>tamen</span> <span class='ocrx_word' id='word_1_388' title='bbox 661 1815 693 1843; x_wconf 90' lang='lat' dir='ltr'>et</span> <span class='ocrx_word' id='word_1_389' title='bbox 726 1813 800 1842; x_wconf 85' lang='lat' dir='ltr'>octo</span> <span class='ocrx_word' id='word_1_390' title='bbox 833 1811 1039 1842; x_wconf 85' lang='lat' dir='ltr'>centuriones</span> <span class='ocrx_word' id='word_1_391' title='bbox 1068 1819 1106 1841; x_wconf 90' lang='lat' dir='ltr'>ac</span> <span class='ocrx_word' id='word_1_392' title='bbox 1129 1810 1390 1851; x_wconf 86' lang='lat' dir='ltr'>promptissimus</span> 
     </span>
     <span class='ocr_line' id='line_1_37' title="bbox 63 1854 1390 1898; baseline 0.003 -13"><span class='ocrx_word' id='word_1_393' title='bbox 63 1854 202 1895; x_wconf 91' lang='lat' dir='ltr'>quisque</span> <span class='ocrx_word' id='word_1_394' title='bbox 218 1856 404 1897; x_wconf 85' lang='lat' dir='ltr'>manipulus</span> <span class='ocrx_word' id='word_1_395' title='bbox 420 1857 575 1889; x_wconf 86' lang='lat' dir='ltr'>cecidere.</span> <span class='ocrx_word' id='word_1_396' title='bbox 594 1866 653 1889; x_wconf 89' lang='lat' dir='ltr'>nec</span> <span class='ocrx_word' id='word_1_397' title='bbox 675 1858 779 1890; x_wconf 90' lang='lat' dir='ltr'>multo</span> <span class='ocrx_word' id='word_1_398' title='bbox 796 1859 871 1897; x_wconf 89' lang='lat' dir='ltr'>post</span> <span class='ocrx_word' id='word_1_399' title='bbox 891 1857 1080 1898; x_wconf 87' lang='lat' dir='ltr'>pabulantes</span> <span class='ocrx_word' id='word_1_400' title='bbox 1094 1866 1153 1888; x_wconf 86' lang='lat' dir='ltr'>nos</span> <span class='ocrx_word' id='word_1_401' title='bbox 1172 1857 1262 1897; x_wconf 85' lang='lat' dir='ltr'>ipsos</span> <span class='ocrx_word' id='word_1_402' title='bbox 1274 1857 1285 1875; x_wconf 82' lang='lat'>³</span> <span class='ocrx_word' id='word_1_403' title='bbox 1309 1857 1390 1889; x_wconf 88' lang='lat' dir='ltr'>mis-</span> 
     </span>
     <span class='ocr_line' id='line_1_38' title="bbox 61 1902 767 1944; baseline 0.004 -12"><span class='ocrx_word' id='word_1_404' title='bbox 61 1909 178 1941; x_wconf 90' lang='lat' dir='ltr'>sasque</span> <span class='ocrx_word' id='word_1_405' title='bbox 195 1902 234 1934; x_wconf 88' lang='lat' dir='ltr'>ad</span> <span class='ocrx_word' id='word_1_406' title='bbox 250 1903 431 1935; x_wconf 84' lang='lat' dir='ltr'>subsidium</span> <span class='ocrx_word' id='word_1_407' title='bbox 448 1906 570 1935; x_wconf 81' lang='lat' dir='ltr'>turmas</span> <span class='ocrx_word' id='word_1_408' title='bbox 586 1904 767 1944; x_wconf 83' lang='lat' dir='ltr'>profligant.</span> 
     </span>
    </p>

    <p class='ocr_par' dir='ltr' id='par_1_5' title="bbox 60 1951 1389 2328">
     <span class='ocr_line' id='line_1_39' title="bbox 103 1951 1387 1992; baseline 0.002 -12"><span class='ocrx_word' id='word_1_409' title='bbox 103 1952 235 1982; x_wconf 82' lang='lat' dir='ltr'>XXXIX.</span> <span class='ocrx_word' id='word_1_410' title='bbox 267 1955 348 1982; x_wconf 87' lang='lat' dir='ltr'>Tum</span> <span class='ocrx_word' id='word_1_411' title='bbox 371 1953 521 1983; x_wconf 89' lang='lat' dir='ltr'>Ostorius</span> <span class='ocrx_word' id='word_1_412' title='bbox 548 1952 698 1984; x_wconf 87' lang='lat' dir='ltr'>cohortes</span> <span class='ocrx_word' id='word_1_413' title='bbox 715 1951 883 1992; x_wconf 85' lang='lat' dir='ltr'>expeditas</span> <span class='ocrx_word' id='word_1_414' title='bbox 902 1951 1075 1991; x_wconf 84' lang='lat' dir='ltr'>opposuit;</span> <span class='ocrx_word' id='word_1_415' title='bbox 1101 1959 1159 1982; x_wconf 88' lang='lat' dir='ltr'>nec</span> <span class='ocrx_word' id='word_1_416' title='bbox 1180 1951 1254 1982; x_wconf 91' lang='lat' dir='ltr'>ideo</span> <span class='ocrx_word' id='word_1_417' title='bbox 1279 1952 1387 1992; x_wconf 83' lang='lat' dir='ltr'>sugam</span> 
     </span>
     <span class='ocr_line' id='line_1_40' title="bbox 61 1994 1388 2042; baseline 0.003 -15"><span class='ocrx_word' id='word_1_418' title='bbox 61 1994 215 2037; x_wconf 87' lang='lat' dir='ltr'>sistebat,</span> <span class='ocrx_word' id='word_1_419' title='bbox 231 1998 264 2029; x_wconf 86' lang='lat' dir='ltr'>ni</span> <span class='ocrx_word' id='word_1_420' title='bbox 281 1998 422 2038; x_wconf 80' lang='lat' dir='ltr'>legiones</span> <span class='ocrx_word' id='word_1_421' title='bbox 440 1999 589 2039; x_wconf 72' lang='lat' dir='ltr'>proelium</span> <span class='ocrx_word' id='word_1_422' title='bbox 607 2000 823 2040; x_wconf 77' lang='lat' dir='ltr'>excepissent.</span> <span class='ocrx_word' id='word_1_423' title='bbox 844 2009 953 2031; x_wconf 86' lang='lat' dir='ltr'>earum</span> <span class='ocrx_word' id='word_1_424' title='bbox 976 1999 1092 2030; x_wconf 89' lang='lat' dir='ltr'>robore</span> <span class='ocrx_word' id='word_1_425' title='bbox 1109 2002 1238 2039; x_wconf 86' lang='lat' dir='ltr'>aequata</span> <span class='ocrx_word' id='word_1_426' title='bbox 1254 2010 1362 2041; x_wconf 84' lang='lat' dir='ltr'>pugna</span> <span class='ocrx_word' id='word_1_427' title='bbox 1378 2028 1388 2042; x_wconf 87' lang='lat'>‚</span> 
     </span>
     <span class='ocr_line' id='line_1_41' title="bbox 62 2041 1389 2087; baseline 0.005 -14"><span class='ocrx_word' id='word_1_428' title='bbox 62 2041 135 2073; x_wconf 89' lang='lat' dir='ltr'>dcin</span> <span class='ocrx_word' id='word_1_429' title='bbox 148 2043 241 2076; x_wconf 89' lang='lat' dir='ltr'>nobis</span> <span class='ocrx_word' id='word_1_430' title='bbox 258 2054 315 2085; x_wconf 90' lang='lat' dir='ltr'>pro</span> <span class='ocrx_word' id='word_1_431' title='bbox 332 2045 463 2077; x_wconf 89' lang='lat' dir='ltr'>meliore</span> <span class='ocrx_word' id='word_1_432' title='bbox 477 2046 548 2077; x_wconf 82' lang='lat' dir='ltr'>suit.</span> <span class='ocrx_word' id='word_1_433' title='bbox 565 2046 704 2086; x_wconf 78' lang='lat' dir='ltr'>effugere</span> <span class='ocrx_word' id='word_1_434' title='bbox 720 2046 829 2078; x_wconf 88' lang='lat' dir='ltr'>hostes</span> <span class='ocrx_word' id='word_1_435' title='bbox 843 2046 933 2077; x_wconf 91' lang='lat' dir='ltr'>tenui</span> <span class='ocrx_word' id='word_1_436' title='bbox 948 2046 1066 2077; x_wconf 91' lang='lat' dir='ltr'>damno</span> <span class='ocrx_word' id='word_1_437' title='bbox 1077 2071 1085 2086; x_wconf 93' lang='lat'>‚</span> <span class='ocrx_word' id='word_1_438' title='bbox 1109 2047 1186 2087; x_wconf 90' lang='lat' dir='ltr'>quia</span> <span class='ocrx_word' id='word_1_439' title='bbox 1209 2047 1389 2079; x_wconf 84' lang='lat' dir='ltr'>inclinabat</span> 
     </span>
     <span class='ocr_line' id='line_1_42' title="bbox 63 2088 1389 2136; baseline 0.006 -17"><span class='ocrx_word' id='word_1_440' title='bbox 63 2088 143 2121; x_wconf 87' lang='lat' dir='ltr'>dies.</span> <span class='ocrx_word' id='word_1_441' title='bbox 161 2091 280 2123; x_wconf 89' lang='lat' dir='ltr'>Crebra</span> <span class='ocrx_word' id='word_1_442' title='bbox 296 2092 371 2124; x_wconf 87' lang='lat' dir='ltr'>hinc</span> <span class='ocrx_word' id='word_1_443' title='bbox 384 2093 495 2133; x_wconf 86' lang='lat' dir='ltr'>proelia</span> <span class='ocrx_word' id='word_1_444' title='bbox 508 2096 540 2125; x_wconf 91' lang='lat' dir='ltr'>et</span> <span class='ocrx_word' id='word_1_445' title='bbox 554 2094 671 2133; x_wconf 83' lang='lat' dir='ltr'>saepius</span> <span class='ocrx_word' id='word_1_446' title='bbox 685 2094 715 2124; x_wconf 91' lang='lat' dir='ltr'>in</span> <span class='ocrx_word' id='word_1_447' title='bbox 734 2094 866 2124; x_wconf 91' lang='lat' dir='ltr'>modum</span> <span class='ocrx_word' id='word_1_448' title='bbox 882 2093 1041 2124; x_wconf 86' lang='lat' dir='ltr'>latrocinii</span> <span class='ocrx_word' id='word_1_449' title='bbox 1058 2103 1114 2134; x_wconf 87' lang='lat' dir='ltr'>per</span> <span class='ocrx_word' id='word_1_450' title='bbox 1129 2095 1229 2125; x_wconf 88' lang='lat' dir='ltr'>saltus</span> <span class='ocrx_word' id='word_1_451' title='bbox 1242 2119 1251 2134; x_wconf 92' lang='lat'>‚</span> <span class='ocrx_word' id='word_1_452' title='bbox 1266 2104 1322 2135; x_wconf 90' lang='lat' dir='ltr'>per</span> <span class='ocrx_word' id='word_1_453' title='bbox 1337 2105 1389 2136; x_wconf 83' lang='lat' dir='ltr'>pa-</span> 
     </span>
     <span class='ocr_line' id='line_1_43' title="bbox 62 2135 1386 2183; baseline 0.006 -17"><span class='ocrx_word' id='word_1_454' title='bbox 62 2135 154 2167; x_wconf 90' lang='lat' dir='ltr'>ludes</span> <span class='ocrx_word' id='word_1_455' title='bbox 167 2161 175 2177; x_wconf 93' lang='lat'><strong>,</strong></span> <span class='ocrx_word' id='word_1_456' title='bbox 190 2141 226 2169; x_wconf 92' lang='lat' dir='ltr'>ut</span> <span class='ocrx_word' id='word_1_457' title='bbox 238 2139 354 2179; x_wconf 87' lang='lat' dir='ltr'>cuique</span> <span class='ocrx_word' id='word_1_458' title='bbox 371 2148 440 2171; x_wconf 88' lang='lat' dir='ltr'>sors</span> <span class='ocrx_word' id='word_1_459' title='bbox 457 2142 513 2171; x_wconf 94' lang='lat' dir='ltr'>aut</span> <span class='ocrx_word' id='word_1_460' title='bbox 530 2141 633 2172; x_wconf 80' lang='lat' dir='ltr'>virtus</span> <span class='ocrx_word' id='word_1_461' title='bbox 647 2152 655 2180; x_wconf 92' lang='lat'>;</span> <span class='ocrx_word' id='word_1_462' title='bbox 670 2142 791 2172; x_wconf 89' lang='lat' dir='ltr'>temere</span> <span class='ocrx_word' id='word_1_463' title='bbox 802 2164 810 2179; x_wconf 91' lang='lat'>,</span> <span class='ocrx_word' id='word_1_464' title='bbox 831 2141 978 2180; x_wconf 89' lang='lat' dir='ltr'>proviso;</span> <span class='ocrx_word' id='word_1_465' title='bbox 993 2140 1035 2171; x_wconf 92' lang='lat' dir='ltr'>ob</span> <span class='ocrx_word' id='word_1_466' title='bbox 1052 2141 1147 2180; x_wconf 87' lang='lat' dir='ltr'>iram,</span> <span class='ocrx_word' id='word_1_467' title='bbox 1166 2141 1207 2172; x_wconf 94' lang='lat' dir='ltr'>ob</span> <span class='ocrx_word' id='word_1_468' title='bbox 1225 2142 1386 2183; x_wconf 80' lang='lat' dir='ltr'>praedam3</span> 
     </span>
     <span class='ocr_line' id='line_1_44' title="bbox 60 2183 1388 2229; baseline 0.006 -16"><span class='ocrx_word' id='word_1_469' title='bbox 60 2183 170 2222; x_wconf 83' lang='lat' dir='ltr'>jussu,</span> <span class='ocrx_word' id='word_1_470' title='bbox 187 2187 218 2216; x_wconf 89' lang='lat' dir='ltr'>et</span> <span class='ocrx_word' id='word_1_471' title='bbox 232 2185 404 2226; x_wconf 88' lang='lat' dir='ltr'>aliquando</span> <span class='ocrx_word' id='word_1_472' title='bbox 421 2187 537 2226; x_wconf 83' lang='lat' dir='ltr'>ignaris</span> <span class='ocrx_word' id='word_1_473' title='bbox 552 2187 700 2219; x_wconf 85' lang='lat' dir='ltr'>ducibus.</span> <span class='ocrx_word' id='word_1_474' title='bbox 716 2196 753 2219; x_wconf 88' lang='lat' dir='ltr'>ac</span> <span class='ocrx_word' id='word_1_475' title='bbox 767 2188 930 2227; x_wconf 81' lang='lat' dir='ltr'>praecipua</span> <span class='ocrx_word' id='word_1_476' title='bbox 944 2187 1083 2219; x_wconf 87' lang='lat' dir='ltr'>Silurum</span> <span class='ocrx_word' id='word_1_477' title='bbox 1097 2188 1291 2227; x_wconf 85' lang='lat' dir='ltr'>pervicacia,</span> <span class='ocrx_word' id='word_1_478' title='bbox 1307 2198 1388 2229; x_wconf 90' lang='lat' dir='ltr'>quos</span> 
     </span>
     <span class='ocr_line' id='line_1_45' title="bbox 63 2230 1386 2276; baseline 0.007 -17"><span class='ocrx_word' id='word_1_479' title='bbox 63 2230 257 2263; x_wconf 85' lang='lat' dir='ltr'>accendebat</span> <span class='ocrx_word' id='word_1_480' title='bbox 277 2233 407 2273; x_wconf 84' lang='lat' dir='ltr'>vulgata</span> <span class='ocrx_word' id='word_1_481' title='bbox 437 2234 639 2274; x_wconf 88' lang='lat' dir='ltr'>imperatoris</span> <span class='ocrx_word' id='word_1_482' title='bbox 662 2235 797 2267; x_wconf 86' lang='lat' dir='ltr'>Romani</span> <span class='ocrx_word' id='word_1_483' title='bbox 822 2243 908 2274; x_wconf 81' lang='lat' dir='ltr'>vox,</span> <span class='ocrx_word' id='word_1_484' title='bbox 931 2236 971 2266; x_wconf 83' lang='lat' dir='ltr'>ut</span> <span class='ocrx_word' id='word_1_485' title='bbox 993 2235 1172 2276; x_wconf 79' lang='lat' dir='ltr'>quondam</span> <span class='ocrx_word' id='word_1_486' title='bbox 1201 2236 1386 2276; x_wconf 71' lang='lat' dir='ltr'>Suqambri</span> 
     </span>
     <span class='ocr_line' id='line_1_46' title="bbox 65 2293 1288 2328; baseline 0.006 -11"><span class='ocrx_word' id='word_1_487' title='bbox 65 2293 124 2323; x_wconf 65' lang='grc' dir='ltr'>ὧνῑ</span> <span class='ocrx_word' id='word_1_488' title='bbox 138 2295 197 2324; x_wconf 85' lang='lat' dir='ltr'>quis</span> <span class='ocrx_word' id='word_1_489' title='bbox 211 2298 284 2320; x_wconf 84' lang='lat' dir='ltr'>esset</span> <span class='ocrx_word' id='word_1_490' title='bbox 298 2297 342 2321; x_wconf 90' lang='lat' dir='ltr'>ille</span> <span class='ocrx_word' id='word_1_491' title='bbox 352 2298 439 2328; x_wconf 88' lang='lat' dir='ltr'>qui....</span> <span class='ocrx_word' id='word_1_492' title='bbox 453 2311 478 2315; x_wconf 84' lang='lat'>—</span> <span class='ocrx_word' id='word_1_493' title='bbox 494 2304 515 2322; x_wconf 74' lang='grc' dir='ltr'>τ..</span> <span class='ocrx_word' id='word_1_494' title='bbox 527 2301 568 2323; x_wconf 87' lang='lat' dir='ltr'>Sc.</span> <span class='ocrx_word' id='word_1_495' title='bbox 581 2300 715 2328; x_wconf 72' lang='lat' dir='ltr'>praetoria,</span> <span class='ocrx_word' id='word_1_496' title='bbox 728 2299 760 2323; x_wconf 86' lang='lat' dir='ltr'>de</span> <span class='ocrx_word' id='word_1_497' title='bbox 774 2298 871 2328; x_wconf 79' lang='lat' dir='ltr'>quibus</span> <span class='ocrx_word' id='word_1_498' title='bbox 883 2305 908 2322; x_wconf 81' lang='lat' dir='ltr'>v.</span> <span class='ocrx_word' id='word_1_499' title='bbox 919 2299 960 2327; x_wconf 74' lang='lat' dir='ltr'>lv,</span> <span class='ocrx_word' id='word_1_500' title='bbox 974 2304 995 2322; x_wconf 64' lang='grc' dir='ltr'>ς.</span> <span class='ocrx_word' id='word_1_501' title='bbox 1010 2311 1038 2316; x_wconf 89' lang='lat'><em>-</em></span> <span class='ocrx_word' id='word_1_502' title='bbox 1052 2304 1073 2323; x_wconf 68' lang='lat'>⁴.</span> <span class='ocrx_word' id='word_1_503' title='bbox 1087 2299 1288 2327; x_wconf 58' lang='lat' dir='ltr'>Aequisixvcrat.</span> 
     </span>
    </p>

    <p class='ocr_par' dir='ltr' id='par_1_6' title="bbox 95 2331 1200 2364">
     <span class='ocr_line' id='line_1_47' title="bbox 95 2331 1200 2364; baseline 0 -7"><span class='ocrx_word' id='word_1_504' title='bbox 95 2331 229 2357; x_wconf 73' lang='lat' dir='ltr'>xxxvu.</span> <span class='ocrx_word' id='word_1_505' title='bbox 243 2337 262 2355; x_wconf 75' lang='grc' dir='ltr'>ι.</span> <span class='ocrx_word' id='word_1_506' title='bbox 274 2333 314 2356; x_wconf 77' lang='lat' dir='ltr'>An</span> <span class='ocrx_word' id='word_1_507' title='bbox 331 2334 452 2362; x_wconf 77' lang='lat' dir='ltr'>sequitur</span> <span class='ocrx_word' id='word_1_508' title='bbox 465 2334 535 2363; x_wconf 83' lang='lat' dir='ltr'>inde,</span> <span class='ocrx_word' id='word_1_509' title='bbox 548 2341 642 2359; x_wconf 78' lang='lat' dir='ltr'>omncs</span> <span class='ocrx_word' id='word_1_510' title='bbox 653 2336 788 2364; x_wconf 76' lang='lat' dir='ltr'>patienter</span> <span class='ocrx_word' id='word_1_511' title='bbox 800 2334 867 2358; x_wconf 77' lang='lat' dir='ltr'>vello</span> <span class='ocrx_word' id='word_1_512' title='bbox 880 2335 1038 2358; x_wconf 81' lang='lat' dir='ltr'>servitutem</span> <span class='ocrx_word' id='word_1_513' title='bbox 1049 2335 1175 2363; x_wconf 83' lang='lat' dir='ltr'>accipere</span> <span class='ocrx_word' id='word_1_514' title='bbox 1190 2335 1200 2358; x_wconf 85' lang='lat'>?</span> 
     </span>
    </p>
   </div>
   <div class='ocr_carea' id='block_1_3' title="bbox 66 2367 1383 2435">
    <p class='ocr_par' dir='ltr' id='par_1_7' title="bbox 66 2367 1383 2435">
     <span class='ocr_line' id='line_1_48' title="bbox 93 2367 1383 2400; baseline 0.004 -8"><span class='ocrx_word' id='word_1_515' title='bbox 93 2367 238 2392; x_wconf 73' lang='lat' dir='ltr'>xxxvm.</span> <span class='ocrx_word' id='word_1_516' title='bbox 253 2372 270 2390; x_wconf 81' lang='grc' dir='ltr'>ι.</span> <span class='ocrx_word' id='word_1_517' title='bbox 288 2368 386 2397; x_wconf 74' lang='lat' dir='ltr'>negem</span> <span class='ocrx_word' id='word_1_518' title='bbox 399 2370 581 2393; x_wconf 84' lang='lat' dir='ltr'>Numidarum.</span> <span class='ocrx_word' id='word_1_519' title='bbox 593 2384 620 2387; x_wconf 95' lang='lat'><em>-</em></span> <span class='ocrx_word' id='word_1_520' title='bbox 631 2376 651 2394; x_wconf 83' lang='lat'>2.</span> <span class='ocrx_word' id='word_1_521' title='bbox 666 2372 754 2399; x_wconf 82' lang='lat' dir='ltr'>Usque</span> <span class='ocrx_word' id='word_1_522' title='bbox 768 2370 800 2393; x_wconf 86' lang='lat' dir='ltr'>ad</span> <span class='ocrx_word' id='word_1_523' title='bbox 814 2370 986 2400; x_wconf 71' lang='lat' dir='ltr'>hoctempus.</span> <span class='ocrx_word' id='word_1_524' title='bbox 999 2383 1027 2387; x_wconf 94' lang='lat'><em>-</em></span> <span class='ocrx_word' id='word_1_525' title='bbox 1039 2376 1062 2394; x_wconf 71' lang='lat'>5.</span> <span class='ocrx_word' id='word_1_526' title='bbox 1083 2369 1141 2394; x_wconf 83' lang='lat' dir='ltr'>Nos</span> <span class='ocrx_word' id='word_1_527' title='bbox 1158 2370 1232 2400; x_wconf 79' lang='lat' dir='ltr'>ipsos</span> <span class='ocrx_word' id='word_1_528' title='bbox 1245 2373 1326 2396; x_wconf 78' lang='lat' dir='ltr'>vocat</span> <span class='ocrx_word' id='word_1_529' title='bbox 1342 2371 1383 2396; x_wconf 86' lang='lat' dir='ltr'>le-</span> 
     </span>
     <span class='ocr_line' id='line_1_49' title="bbox 66 2402 918 2435; baseline 0.001 -8"><span class='ocrx_word' id='word_1_530' title='bbox 66 2402 204 2434; x_wconf 80' lang='lat' dir='ltr'>gionarios</span> <span class='ocrx_word' id='word_1_531' title='bbox 215 2407 248 2426; x_wconf 83' lang='lat' dir='ltr'>ex</span> <span class='ocrx_word' id='word_1_532' title='bbox 261 2404 356 2427; x_wconf 83' lang='lat' dir='ltr'>castris</span> <span class='ocrx_word' id='word_1_533' title='bbox 368 2405 482 2434; x_wconf 82' lang='lat' dir='ltr'>stativis,</span> <span class='ocrx_word' id='word_1_534' title='bbox 493 2406 520 2429; x_wconf 84' lang='lat' dir='ltr'>et</span> <span class='ocrx_word' id='word_1_535' title='bbox 531 2406 645 2435; x_wconf 80' lang='lat' dir='ltr'>opponit</span> <span class='ocrx_word' id='word_1_536' title='bbox 658 2407 753 2430; x_wconf 86' lang='lat' dir='ltr'>turmis</span> <span class='ocrx_word' id='word_1_537' title='bbox 766 2405 902 2429; x_wconf 82' lang='lat' dir='ltr'>sociorum</span> <span class='ocrx_word' id='word_1_538' title='bbox 911 2421 918 2428; x_wconf 87' lang='lat'><strong>.</strong></span> 
     </span>
    </p>
   </div>
  </div>
 </body>
</html>
