1539 2668
151 184 209 215 164
542 186 673 214 TACITI
698 186 905 215 ANNALIUM
928 185 1000 214 LIB.
1026 185 1082 214 XII

147 266 184 289 se
196 259 333 297 civium,
346 261 379 291 et
395 262 570 291 consensui
588 261 756 299 imparem
766 259 940 299 respondit,
952 261 1103 299 opperiri
1116 261 1214 291 intra
1225 261 1403 300 palatium
1415 264 1468 303 311-

147 303 214 336 bet.
238 306 306 346 ipse
332 307 455 337 curiam
476 307 665 346 ingreditur,
684 315 908 349 summamque
934 316 1000 337 rem
1021 306 1182 346 publicam
1211 307 1260 346 agi
1284 308 1467 350 obtestans,

146 352 276 383 veniam
294 353 420 384 dicendi
446 355 520 384 ante
541 354 619 384 alios
633 354 799 393 exposcit,
826 353 1012 393 orditurque
1038 368 1053 378 ‹<
1079 354 1286 392 gravissimos
1312 357 1467 397 Principis

148 411 166 426 «
184 400 330 438 labores,
352 403 424 440 quis
444 401 554 431 orbem
579 403 673 431 terrie
698 404 859 440 capessat,
877 409 967 440 egere
987 401 1208 439 adminiculis,
1230 403 1265 432 ut
1292 403 1469 435 domestica

148 458 164 473 «
182 456 259 478 cura
284 456 406 478 vacuus
435 447 466 477 in
482 456 653 478 commune
682 448 837 479 consulat.
856 447 942 487 quod
971 457 1067 488 porro
1097 448 1262 479 honestius
1287 451 1438 482 censoriae
1453 451 1464 469 ⁴

147 506 164 522 «
181 495 298 525 mentis
313 494 460 525 levamen
477 503 575 534 quam
594 503 755 526 assumere
771 495 937 534 conjugem
949 519 957 533 ,
973 495 1132 535 prosperis
1149 495 1319 536 dubiisque
1335 499 1466 530 sociam.

146 553 163 568 ι(
181 542 233 572 cui
250 541 459 580 cogitationes
476 542 623 581 intimas,
642 542 694 573 cui
721 551 838 582 parvos
866 542 982 573 liberos
1008 542 1125 581 tradat,
1144 552 1207 572 non
1226 544 1303 575 luxu
1330 548 1384 576 aut
1410 555 1468 578 vo·

145 601 162 616 «
180 588 356 629 luptatibus
373 588 593 628 assuefactus,
612 589 669 621 sed
691 590 746 629 qui
764 589 868 630 prima
892 589 932 620 ab
958 591 1092 630 Juventa
1118 590 1240 629 legibus
1265 592 1469 633 obtempera·

146 647 161 662 ι(
183 635 290 667 visset.
312 649 324 662 ιι

184 686 238 713 Vl.
264 684 435 722 Postquam
454 683 522 714 baec
543 682 706 714 favorabili
722 684 865 715 oratione
884 683 1057 724 praemisit,
1083 684 1246 723 multaque
1269 687 1399 718 Patrum
1420 697 1468 720 as·

141 730 280 760 sentatio
296 730 503 769 sequebar-03
521 731 614 770 capto
632 739 742 761 rursus
760 731 850 761 initio
864 756 871 769 ,
887 744 900 756 «
917 730 1046 770 quando
1059 731 1273 761 maritandum
1286 733 1468 774 Principem

144 790 159 804 α
177 777 285 808 cuncti
302 776 494 817 suaderent,
524 777 619 817 deligi
636 780 783 817 oportere
802 779 954 808 seminam
975 777 1142 808 nobilitate
1154 801 1162 815 ,
1181 779 1355 818 puerperiis
1367 804 1376 819 ,
1398 790 1468 812 san-

141 837 157 852 «
176 824 331 855 ctimonia
344 824 510 863 insignem.
540 833 599 855 nec
617 824 672 855 diu
695 825 951 864 anquirendum,
980 824 1057 864 quin
1082 825 1254 864 Agrippina
1280 826 1468 861 claritudine

143 883 160 898 ε(
177 871 304 911 generis
326 872 443 902 antiret
461 882 467 901 :
485 871 597 902 datum
626 871 666 902 ab
683 880 719 902 ea
734 872 951 902 tlrcnnslitatis
967 872 1277 911 expe1·imentum,et
1294 882 1467 913 congruere

140 931 157 947 «ι
175 922 260 949 artes
277 919 440 949 honestas.
460 918 491 949 id
506 928 583 950 vero
602 920 766 957 egregium
781 944 789 958 ,
808 920 892 959 quod
910 919 1036 959 provisu
1055 918 1151 949 deum
1168 919 1265 950 vidua
1280 921 1468 960 jungeretur

140 978 156 992 α
175 965 312 1005 principi
340 974 397 996 sua
426 967 554 996 tantum
586 966 792 997 matrimonia
820 969 952 1006 experto
974 966 996 996 ¹.
1024 966 1182 996 audivisse
1211 975 1229 996 a
1259 969 1444 1006 parentibus
1456 994 1465 1008 ,

138 1024 156 1040 <L
172 1012 292 1043 vidisse
309 1014 393 1053 ipsos
410 1012 506 1052 arripi
531 1013 682 1052 conjuges
700 1013 739 1043 ad
762 1013 852 1044 libita
879 1018 1043 1044 Caesarum
1060 1025 1065 1041 :
1084 1014 1195 1052 procul
1214 1013 1246 1044 id
1270 1023 1287 1044 a
1316 1017 1466 1054 przesenti

137 1071 155 1086 «
172 1059 340 1091 modestia.
367 1061 559 1091 statueretur
582 1060 647 1090 imo
673 1060 923 1099 documentum,
954 1069 1016 1099 quo
1035 1069 1168 1091 uxorem
1186 1064 1361 1099 Imperator
1377 1064 1466 1095 acci-

138 1118 154 1133 «
170 1108 272 1146 peret.
287 1108 327 1138 At
348 1107 433 1137 enim
452 1116 535 1137 nova
552 1107 644 1137 nobis
662 1107 693 1137 111
712 1107 846 1137 fratrum
865 1107 945 1137 Iilias
962 1107 1118 1145 conjugia.
1136 1106 1194 1137 Sed
1209 1107 1277 1138 aliis
1291 1109 1437 1147 gentibus
1451 1110 1464 1128 ²

137 1165 154 1180 α
171 1154 313 1184 solennia
326 1177 334 1192 ,
350 1163 408 1185 nec
422 1155 489 1193 lege
504 1154 567 1184 ulla
582 1154 744 1193 prohibita
761 1163 768 1183 :
787 1156 817 1184 et
837 1154 1040 1184 sobrinarum
1068 1153 1123 1183 diu
1150 1154 1293 1192 ignorata
1320 1158 1465 1196 tempore

134 1212 153 1228 «ι
170 1200 280 1232 addito
297 1200 308 1218 ³
336 1201 562 1240 percrebuisse.
593 1209 716 1231 morem
742 1200 1000 1239 accommodari,
1019 1201 1116 1240 prout
1134 1201 1312 1240 conducat,
1341 1205 1372 1233 et
1398 1203 1465 1236 sore

135 1258 152 1274 (ι
169 1247 232 1278 hoc
249 1256 378 1287 quoque
395 1248 425 1277 in
445 1247 494 1277 liis
509 1256 582 1287 quae
599 1256 673 1278 mox
693 1250 899 1280 usurpentur.
922 1260 936 1274 υ

175 1297 243 1325 VII.
271 1294 361 1325 Haud
391 1295 519 1325 defuere
538 1295 593 1334 qui
611 1296 780 1331 certatim,
807 1296 837 1325 si.
864 1296 1094 1325 cunctaretur
1119 1296 1249 1333 OceSm',
1269 1297 1301 1326 ω’
1324 1298 1464 1328 acturos

134 1342 355 1380 testificantes,
374 1344 578 1380 erumperent
597 1341 697 1372 curia.
717 1341 929 1380 conglobatur
946 1341 1132 1380 promiscua
1150 1341 1342 1380 multitudo,
1359 1352 1464 1383 popu-

135 1388 275 1428 (emique
290 1391 483 1419 Romanum
498 1388 616 1419 eadem
631 1397 734 1420 orare
751 1388 904 1419 clamitat.
927 1396 986 1419 nec
1001 1388 1152 1419 Claudius
1170 1388 1251 1418 ultra
1266 1392 1461 1429 exspectato,

133 1433 266 1464 obxium
288 1435 374 1474 apud
400 1435 506 1465 forum
535 1435 658 1475 praebet
676 1444 710 1466 sc
733 1435 933 1474 gratantibus
952 1445 959 1465 z
980 1438 1191 1473 senatumque
1208 1434 1384 1473 ingressus,
1409 1437 1463 1468 (le-

133 1483 266 1513 crelam
290 1482 449 1522 postulat,
469 1491 535 1522 quo
554 1483 664 1521 ιῘιιείω
687 1484 779 1513 inter
803 1484 953 1522 patruos
964 1481 1193 1521 fratrumque
1208 1481 1306 1520 filias
1330 1485 1462 1522 meptioe

133 1530 238 1559 eliam
265 1530 301 1560 ‘in
323 1531 501 1568 poslerum
520 1531 772 1560 statuerentur.
804 1538 907 1568 neque
933 1531 1039 1559 tamen
1060 1530 1205 1567 repertus
1228 1530 1276 1559 est
1302 1529 1362 1559 nisi
1379 1539 1462 1562 unus

132 1575 204 1607 talis
224 1575 418 1606 matrimonii
434 1575 574 1616 cupitor,
591 1579 627 1606 T.
643 1575 784 1606 Alledius
798 1579 933 1606 Severus
944 1600 952 1613 ,
976 1583 1072 1614 eques
1087 1579 1251 1605 Romanus
1264 1599 1272 1614 ,
1289 1584 1384 1615 quem
1399 1576 1462 1616 ple-

131 1624 222 1663 rique
247 1624 444 1662 Ayrippinoe
467 1624 583 1662 qratia
606 1622 796 1661 impulsmn
823 1622 980 1653 serebant.
1014 1626 1111 1652 Versa
1137 1630 1174 1651 ex
1205 1630 1241 1651 eo
1269 1621 1401 1661 civitas,
1429 1625 1461 1654 et

130 1670 248 1700 cuncta
271 1670 397 1700 feminae
417 1669 629 1707 obediebant,
644 1677 708 1698 non
728 1677 784 1708 per
804 1668 987 1706 lasciviam,
1013 1669 1049 1698 ut
1077 1668 1263 1705 Messalina,
1291 1668 1384 1699 rebus
1399 1673 1460 1700 Ro-

129 1716 234 1748 manis
251 1715 408 1746 illudenti.
439 1715 614 1747 adductum
635 1716 640 1731 ¹
668 1716 700 1745 et
722 1715 814 1754 quasi
832 1714 924 1745 virile
940 1714 1110 1745 servitium
1131 1723 1137 1743 ε
1157 1714 1259 1753 palam
1282 1715 1435 1746 severitas
1449 1739 1458 1754 ,

130 1772 168 1794 ac
185 1762 302 1803 saepius
319 1763 490 1802 superbia;
518 1763 596 1793 nibil
620 1762 708 1792 domi
725 1761 926 1801 impudicum
941 1785 949 1799 ,
967 1761 1027 1792 nisi
1044 1761 1256 1791 dominationi
1283 1761 1456 1801 expediret.

129 1810 248 1850 cupido
265 1809 336 1840 auri
362 1811 518 1841 immensa
546 1809 717 1840 obtentum
747 1808 906 1848 habebat,
927 1808 1018 1848 quasi
1047 1807 1227 1838 subsidium
1252 1816 1348 1847 regno
1370 1817 1460 1848 para-

129 1859 228 1889 retur.

170 1907 254 1934 VIII.
271 1903 328 1934 Die
344 1903 530 1943 nuptiarum
547 1903 673 1934 Silanus
691 1902 752 1932 sibi
769 1903 907 1932 mortem
925 1901 1100 1939 conscivit,
1116 1902 1186 1932 sive
1202 1910 1239 1932 eo
1255 1909 1354 1941 usque
1368 1909 1457 1940 spem

130 1951 206 1982 vitae
223 1950 437 1990 produxerat,
456 1959 514 1980 seu
531 1949 655 1981 delecto
674 1949 724 1979 die
741 1949 920 1987 augendam
939 1948 977 1979 ad
994 1948 1161 1979 invidiam.
1190 1948 1338 1986 Calvina,
1367 1956 1458 1978 soror

128 1998 217 2037 ejus,
240 1997 329 2028 ltalia
358 1997 449 2037 pulsa
467 1998 524 2028 est.
552 1996 676 2027 addidit
693 1996 865 2035 Claudius,
892 2004 995 2026 sacra
1013 2003 1056 2026 ex
1077 1995 1205 2033 lembus
1233 1994 1326 2026 Tum
1346 1994 1453 2033 reqis¹

123 2045 339 2084 piaculaque
371 2043 466 2083 apud
497 2044 614 2074 lucum
643 2045 765 2074 Dianoe
790 2051 853 2082 per
877 2040 1054 2082 pontifices
1086 2041 1221 2079 clcmcla,
1249 2039 1456 2071 irridentibus

128 2091 266 2129 cunctis,
285 2090 372 2130 quod
384 2099 486 2130 poena}
501 2090 807 2130 procurationesque
827 2088 939 2119 incesti
954 2087 964 2104 ²
982 2087 1012 2117 id
1029 2087 1183 2127 temporis
1198 2087 1453 2126 exquirerentur.

128 2140 169 2169 At
187 2137 375 2177 Agrippina,
397 2146 437 2168 ne
453 2137 545 2169 malis
564 2139 691 2168 tantum
710 2136 905 2168 facinoribus
922 2136 1116 2173 notesceret,
1136 2133 1262 2164 veniam
1277 2133 1378 2164 exsilii
1397 2141 1454 2173 pro

128 2226 158 2231 —
168 2219 190 2237 4.
203 2214 321 2236 censore
336 2213 423 2241 dignae
437 2213 471 2236 ob
483 2214 643 2242 gravitatem
662 2213 690 2236 et
702 2212 887 2235 sanctuatem.

164 2249 202 2272 VI.
220 2254 238 2271 1.
251 2249 301 2277 Qui
324 2253 378 2271 11011
398 2254 498 2271 uxores
512 2248 631 2271 divortio
645 2249 784 2276 sejunctas
808 2246 922 2270 duxerit.
938 2246 968 2268 ut
990 2246 1124 2273 Augustus
1137 2245 1163 2267 ct
1184 2243 1312 2272 Caligula.
1337 2243 1370 2266 ad
1387 2249 1453 2272 quos

130 2283 271 2312 sequentia
289 2283 456 2306 reseruntur.
474 2295 503 2300 —
515 2288 537 2306 2.
550 2283 583 2306 Ut
596 2282 815 2306 Albentensibus.
829 2294 857 2297 —
873 2286 895 2303 5.
907 2280 1048 2309 Temporis
1060 2285 1197 2308 processu.
1214 2278 1330 2302 sobrini
1344 2278 1453 2307 proprie

129 2320 193 2345 sunt
207 2318 253 2342 filii
267 2317 503 2341 consobrinorum
521 2316 790 2346 (consororinorum)‚
810 2318 934 2340 natorum
949 2321 979 2338 cx
994 2314 1141 2338 sororibus.

160 2354 214 2377 VII.
234 2359 254 2377 1.
268 2353 397 2381 Rigiduui.
409 2358 543 2379 severum,
558 2353 591 2376 ab
603 2352 716 2376 habenis
730 2357 861 2381 equorum
876 2350 1009 2374 adducti&

161 2389 228 2413 VIII.
247 2394 268 2411 1.
286 2390 348 2417 Quat
359 2387 436 2410 bodie
450 2388 548 2415 ignotae
561 2389 634 2410 sunt.
656 2389 686 2411 Et
699 2390 758 2411 erat
771 2387 896 2411 Claudius
913 2385 1106 2413 antiquitatum
1121 2385 1147 2408 in
1162 2385 1280 2408 Etrusci<
1291 2384 1365 2407 libris
1379 2386 1452 2405 scru-

131 2426 213 2449 tator.
232 2424 289 2447 Nou
302 2423 428 2445 videntur
442 2425 516 2446 certe
527 2423 583 2445 brec
600 2423 697 2446 referri
709 2423 743 2446 ad
760 2428 839 2445 sacra
853 2423 881 2444 et
891 2420 1005 2450 piacula,
1020 2419 1118 2448 quibus
1127 2419 1220 2443 Tullus
1234 2420 1259 2442 in
1274 2418 1384 2441 Horatio
1406 2422 1450 2439 so-

129 2460 230 2484 roriilm
245 2459 345 2483 effidem
364 2458 523 2487 expiandam
537 2458 650 2481 curavit.
664 2474 667 2475 ν
702 2463 727 2482 2.
740 2458 774 2482 Ut
784 2457 911 2481 dicuntur
924 2455 1082 2485 procurari
1095 2455 1239 2484 prochyta,
1254 2452 1361 2483 quando
1378 2452 1450 2475 caeri-
