1539 2668
133 150 173 181 24
537 151 668 181 'mem
692 150 902 182 ANNALIUM
924 154 997 183 LIB.
1022 154 1047 182 1.

127 224 169 256 ad
182 224 329 256 Rhenum
340 248 349 263 ‚
363 233 428 255 non
444 232 522 256 auso
543 225 634 257 hoste
660 228 747 266 terga
764 226 951 259 abeuntium
967 227 1120 259 lacessere
1135 239 1144 267 3
1168 226 1255 267 quod
1269 226 1313 257 iIIi
1327 227 1425 259 moris
1440 251 1451 267 ,

128 271 253 311 quoties
266 273 337 303 astu
352 271 452 311 magis
465 281 562 312 quam
578 281 634 313 per
649 273 856 305 formidinem
872 274 975 305 cessit.
999 275 1103 306 fuerat
1127 274 1254 305 animus
1282 273 1452 306 Cheruscis

123 318 238 357 juvare
262 319 393 351 Chattos
408 319 484 350 :sed
506 319 664 351 exterruit
690 320 817 352 Caecina
838 321 902 352 huc
922 321 999 352 illuc
1021 321 1126 353 serens
1146 329 1251 360 arma3
1278 323 1310 352 et
1331 324 1452 353 Marsos

127 366 279 406 congredi
295 375 391 397 ausos
405 376 557 407 prospero
571 367 681 407 proelio
696 368 850 404 cohibuit.

170 417 262 445 LVII.
286 418 397 453 Neque
422 414 524 445 multo
549 418 619 454 post
644 414 739 454 legati
764 424 782 446 a
798 415 924 456 Segeste
940 416 1117 454 venerunt,
1136 415 1295 446 auxilium
1318 415 1451 447 orantes

127 460 282 492 adversus
305 460 371 491 vim
394 461 616 500 popularium,
641 470 659 492 a
676 463 749 501 quis
767 461 1079 502 circumsedebatur‚
1105 462 1260 494 validiore
1286 462 1371 502 apud
1400 470 1454 494 eos

127 508 289 547 Arminio,
306 508 435 548 quando
454 508 460 525 ¹
480 508 600 539 bellum
615 508 780 540 suadebat.
801 519 875 541 nam
893 509 1050 547 barbaris,
1066 511 1186 550 quanto
1203 509 1214 527 ²
1234 510 1305 550 quis
1319 509 1453 541 audacia

127 556 312 598 promptus,
336 557 426 586 tanto
444 555 543 594 magis
557 555 639 586 fidus
657 555 815 596 rebusque
839 557 936 588 motis
951 556 962 574 ³
984 557 1088 596 potior
1109 556 1257 588 babetur.
1279 556 1453 588 Addiderat

127 605 270 643 SQestes
283 602 394 641 legatis
409 601 508 632 filium
526 602 656 633 nomine
675 603 905 642 Segimundum
921 613 928 634 :
951 604 1004 635 sed
1020 604 1150 642 juvenis
1164 604 1359 635 conscientia
1373 612 1453 636 cun-

127 650 285 681 ctabatur.
302 649 421 688 quippe
434 658 537 689 anno,
555 658 618 689 quo
644 650 821 681 Germaniae
838 650 1003 682 descivere
1018 650 1027 668 ‘⁴
1042 675 1050 689 ‚
1077 650 1225 681 sacerdos
1252 651 1335 690 apud
1357 654 1453 682 Aram

127 696 281 728 Ubiorum
299 698 425 726 creatus
441 720 449 735 ‚
466 697 597 736 ruperat
613 696 709 728 vittas
721 721 729 736 ,
747 697 903 737 profugus
928 697 969 728 ad
991 698 1133 728 rebelles.
1165 697 1331 728 Adductus
1346 699 1454 730 tamen

125 744 158 774 in
178 752 266 783 spem
284 743 463 774 clementiae
480 747 635 774 Romanae
648 767 656 782 ‚
675 745 806 784 pertulit
821 744 922 785 patris
938 745 1091 775 mandata
1109 754 1116 774 ;
1136 743 1335 784 benigneque
1359 753 1454 776 exce-

125 792 222 830 ptus,
245 799 319 821 cum
343 790 492 830 prasidio
514 791 666 822 Gallicam
695 791 727 822 in
757 791 859 832 ripam
888 792 1003 823 missus
1025 795 1081 823 est.
1108 792 1297 823 Germanico
1314 792 1454 832 pretium

127 835 188 869 fuit
204 837 214 854 ⁵
233 839 419 868 convertere
433 847 567 877 agmen3
583 841 825 879 pugnatumque
840 839 873 869 in
888 839 1088 878 obsidentes,
1109 840 1140 870 et
1160 840 1289 878 ereptus
1311 840 1455 878 Segestes

126 892 239 923 magna
256 893 331 915 cum
348 885 604 925 propinquorum
618 887 650 916 et
672 885 839 916 clientium
852 886 864 903 θ
885 895 994 917 manu.
1012 886 1137 917 inerant
1156 886 1284 917 feminae
1304 886 1428 919 nobiles
1444 896 1454 918 t

126 931 209 962 inter
224 940 304 971 quas
325 940 406 962 uxor
425 932 559 963 Arminii
578 933 755 972 eademque
771 933 835 964 filia
858 933 1010 973 Segestis,
1029 933 1136 964 mariti
1163 933 1264 973 magis
1289 942 1385 973 quam
1402 941 1455 974 pa·

126 979 223 1010 rentis
236 979 344 1009 animo
355 1003 364 1019 ,
379 988 484 1020 neque
500 979 587 1010 victa
603 979 611 997 ⁷
630 979 664 1010 in
680 980 832 1011 lacrimas
852 989 956 1020 neque
981 989 1060 1011 voce
1082 981 1217 1020 supplex
1231 1005 1240 1019 ‚
1258 979 1455 1020 compressis

126 1026 208 1056 intra
220 1025 325 1057 sinum
341 1026 509 1066 manibus,
528 1026 697 1067 gravidum
712 1029 840 1058 uterum
856 1027 992 1058 intuens.
1017 1028 1203 1058 serebantur
1220 1030 1252 1059 et
1277 1028 1379 1068 spolia
1393 1031 1453 1058 Va·

126 1072 224 1105 rianae
243 1074 355 1113 cladis,
370 1073 533 1114 plerisque
549 1083 681 1113 eorum,
702 1074 757 1114 qui
779 1077 848 1105 tum
866 1075 898 1105 in
912 1075 1106 1106 deditionem
1124 1075 1316 1113 veniebant,
1334 1074 1453 1114 praedae

124 1120 208 1151 data.
224 1121 319 1152 simul
332 1123 477 1161 Segestes
490 1122 571 1162 ipse,
589 1122 702 1162 ingens
718 1122 788 1152 visu
802 1124 834 1154 et
848 1123 1004 1153 memoria
1028 1122 1123 1153 bonae
1141 1122 1304 1153 societatis
1319 1122 1329 1139 ³
1355 1123 1454 1162 impa-

125 1167 227 1198 vidus.

166 1218 273 1245 LVIII.
298 1215 400 1245 Verba
414 1215 481 1254 ejus
495 1215 527 1245 in
545 1215 632 1245 hunc
650 1214 784 1245 modum
805 1215 893 1246 suere
909 1224 916 1245 :
934 1228 949 1242 ει
964 1219 1034 1246 Non
1055 1215 1108 1246 hic
1136 1215 1213 1246 mibi
1236 1215 1358 1255 primus
1377 1224 1452 1256 erga

125 1273 141 1287 «ι
157 1263 313 1301 populum
331 1267 511 1293 Romanum
527 1261 599 1292 fidei
621 1263 653 1292 et
668 1263 859 1293 constantiae
876 1262 956 1293 dies.
974 1271 1012 1293 ex
1031 1272 1096 1302 quo
1111 1272 1129 1293 a
1156 1262 1231 1292 ‹Iivo
1247 1264 1390 1301 Augusto
1409 1264 1452 1294 ci-

128 1321 142 1333 «
159 1308 257 1339 vitate
272 1308 411 1340 donatus
431 1318 503 1339 sum
516 1333 524 1347 ‚
541 1308 663 1339 amieos
678 1308 891 1349 inimicosque
904 1318 944 1340 ex
962 1310 1077 1340 vestris
1102 1308 1295 1340 utilitatibus
1317 1309 1421 1350 delegi
1440 1321 1447 1340 τ

127 1367 141 1379 ⁴1
158 1364 261 1394 neque
274 1356 349 1386 odio
369 1355 481 1395 patriae
497 1356 640 1395 (quippe
656 1355 837 1394 proditores
856 1356 953 1386 etiam
977 1356 1013 1386 iis
1025 1380 1032 1394 ,
1060 1365 1142 1395 quos
1167 1358 1391 1395 anteponunt,
1410 1357 1453 1387 in-

127 1414 141 1427 «
158 1402 217 1432 visi
238 1404 314 1433 sunt
328 1403 338 1441 )
352 1426 360 1441 ‚
382 1411 493 1433 verum
516 1402 592 1442 quia
610 1402 765 1434 Romanis
789 1403 1022 1443 Germanisque
1050 1403 1135 1433 idem
1160 1403 1341 1435 conducere
1359 1404 1365 1421 ¹
1383 1428 1392 1443 ,
1423 1406 1454 1435 et

126 1458 268 1488 «pacem
290 1458 386 1489 quam
406 1449 525 1480 bellum
544 1448 730 1488 probabam.
748 1458 823 1489 ergo
852 1453 1011 1490 raptorem
1039 1450 1113 1480 filiae
1135 1459 1213 1480 meac
1226 1474 1234 1489 ‚
1263 1450 1453 1482 violatorem

126 1508 140 1520 α
157 1496 285 1527 soederis
301 1497 399 1528 vestri
413 1521 421 1536 ,
436 1496 634 1536 Arminium,
654 1496 740 1537 apud
761 1501 880 1528 Varum
893 1522 901 1537 ,
922 1498 978 1537 qui
994 1500 1064 1527 tum
1082 1497 1237 1528 exercitui
1252 1498 1453 1537 prfflsidebat,

125 1555 140 1569 α
158 1552 248 1574 reum
264 1543 334 1575 feei.
351 1543 468 1574 dilatus
482 1542 617 1583 segnitia
634 1543 739 1582 ducis,
754 1543 829 1583 quia
846 1553 959 1584 parum
980 1544 1119 1584 praesidii
1136 1544 1166 1574 in
1182 1544 1308 1584 legibus
1322 1546 1402 1583 erat,
1417 1546 1453 1574 ut

125 1604 140 1617 a
157 1600 208 1622 me
222 1592 255 1622 et
275 1591 454 1622 Arminium
475 1594 507 1622 et
528 1590 672 1622 conscios
693 1591 852 1630 vinciret,
866 1591 1020 1631 flagitavi.
1046 1592 1134 1622 testis
1160 1592 1212 1622 ilia
1233 1601 1296 1622 nox
1313 1591 1324 1609 2
1342 1616 1351 1630 ,
1372 1590 1452 1622 milii

126 1651 141 1664 «ε
155 1639 279 1669 utinam
297 1638 404 1679 potius
424 1638 619 1669 novissima!
641 1646 714 1678 quae
731 1640 842 1669 secuta
855 1641 954 1679 sunt,
971 1638 1081 1669 defleri
1097 1640 1197 1677 magis
1212 1648 1307 1678 quam
1323 1638 1453 1670 defendi

125 1698 141 1712 «ι
156 1687 303 1725 possunt.
324 1688 467 1716 ceterum
486 1687 518 1716 et
535 1685 628 1725 injeci
647 1687 779 1716 catenas
799 1685 956 1724 Arminio,
977 1688 1009 1717 et
1030 1694 1048 1717 a
1076 1686 1216 1717 factione
1236 1687 1305 1726 ejus
1320 1686 1453 1725 iniectas

126 1745 140 1758 ι
157 1741 327 1772 perpessus
342 1742 424 1763 sum.
440 1735 537 1772 atque
562 1732 618 1763 ubi
635 1733 777 1772 primum
793 1733 840 1763 tui
861 1733 953 1772 copia
968 1732 979 1749 ³
994 1757 1002 1771 ‚
1030 1735 1140 1763 vetera
1168 1733 1262 1763 novis
1285 1734 1317 1764 et
1345 1733 1452 1772 quieta

126 1792 141 1806 α
156 1779 295 1810 turbidis
312 1779 489 1810 antebabeo
506 1789 513 1810 :
531 1788 634 1819 neque
647 1779 689 1810 ob
706 1780 887 1820 praemium,
904 1779 960 1811 sed
976 1782 1010 1811 ut
1027 1789 1077 1810 me
1094 1779 1227 1819 pertidia
1242 1779 1251 1797 ⁴
1273 1780 1450 1819 exsolvam,

125 1839 142 1853 ιι
156 1827 253 1858 simul
267 1827 351 1866 genti
365 1832 595 1859 Germanorum
613 1827 750 1858 idoneus
765 1827 972 1865 conciliator,
990 1827 1016 1858 si
1034 1827 1255 1867 poenitentiam
1272 1836 1370 1867 quam
1384 1835 1451 1866 per-

125 1887 141 1900 «
157 1874 272 1905 niciem
288 1875 447 1906 maluerit.
466 1884 524 1914 pro
534 1874 670 1914 juventa
683 1877 715 1906 et
731 1884 841 1905 errore
860 1875 914 1905 filii
934 1875 1059 1905 veniam
1076 1884 1187 1914 precor
1204 1885 1211 1905 :
1232 1874 1329 1906 filiam
1346 1882 1452 1905 neces-

127 1933 141 1946 «
158 1922 253 1953 sitate
267 1922 330 1952 buc
344 1922 516 1952 adductam
532 1922 640 1953 fateor.
656 1923 749 1952 tuum
767 1922 828 1953 erit
841 1922 1021 1953 consultare
1034 1924 1141 1952 utrum
1160 1922 1346 1962 praevaleat,
1365 1920 1450 1961 quod

125 1980 141 1993 «ι
156 1969 290 2000 Arminii
305 1978 399 2007 uxor,
416 1978 456 2000 an
474 1969 559 2009 quod
574 1978 612 2000 ex
631 1978 681 2000 me
697 1970 805 2008 genita
819 1972 868 2001 est
882 1969 893 1987 ⁵
911 1983 937 1998 η,
958 1973 1064 2001 Cacsar
1080 1969 1228 2001 clementi
1249 1976 1403 2007 responso
1418 1968 1452 1999 Ii-

125 2018 209 2049 beris
224 2016 477 2056 propinquisque
493 2017 562 2056 ejus
579 2016 834 2048 incolumitatem
848 2041 857 2056 ‚
876 2016 937 2056 ipsi
953 2016 1061 2047 sedem
1079 2020 1188 2047 vetere
1204 2017 1236 2046 in
1256 2015 1422 2055 provincia
1436 2015 1447 2031 ⁶

126 2064 305 2104 pollicetur.
321 2064 498 2095 exercitum
516 2063 664 2104 reduxit,
683 2073 864 2104 nomenque
877 2065 1097 2104 imperatoris
1114 2066 1247 2094 auctore
1263 2061 1391 2093 Tiberio
1405 2070 1451 2092 ac-

156 2166 231 2190 LVII.
247 2172 269 2190 ¹.
284 2166 519 2195 Quandoquidem.
534 2180 559 2183 —
570 2173 592 2190 2.
607 2167 718 2197 Proprie
738 2168 779 2191 est
791 2165 810 2191 ἀ
826 2166 893 2197 quel
904 2165 1020 2196 deqre'...
1035 2165 1053 2190 ἁ
1071 2165 1117 2190 tel.
1134 2178 1161 2183 --
1174 2171 1198 2189 s.
1222 2164 1362 2193 Turb-atis,
1380 2165 1452 2189 inter

127 2203 222 2226 motus.
241 2214 267 2217 —-
282 2206 302 2224 4.
317 2203 345 2224 Α.
359 2202 388 2225 U.
405 2206 456 2224 7⁶2.
468 2214 496 2218 —
508 2208 530 2226 3.
547 2203 637 2231 Magni
651 2203 781 2227 momenti
791 2208 849 2226 esse
866 2202 1014 2225 videbatur.
1037 2213 1064 2218 -
1078 2207 1099 2224 o.
1117 2202 1154 2225 De
1171 2201 1267 2230 quibus
1285 2206 1308 2223 v.
1323 2200 1449 2224 German.

126 2243 149 2261 e.
167 2243 201 2261 In.
216 2249 244 2253 -—
264 2242 285 2260 7.
301 2237 438 2260 Commota
455 2238 480 2260 in
500 2237 516 2261 I.
538 2250 565 2254 —
584 2244 605 2262 8.
620 2238 789 2262 conscicntia
803 2237 941 2261 societatiS
958 2242 1017 2260 cum
1037 2236 1088 2259 fine
1103 2237 1231 2259 servalae.
1247 2241 1299 2259 non
1317 2234 1451 2259 sublestae.

157 2273 241 2296 LVIII.
259 2277 278 2295 I.
292 2272 351 2295 Scil.
364 2272 519 2301 judicabam
531 2290 540 2303 ,
553 2273 630 2302 cujus
644 2274 719 2297 notio
738 2273 805 2296 latet
815 2274 842 2296 in
856 2273 981 2301 sequenti
999 2271 1163 2301 probabam.
1178 2272 1205 2294 In
1218 2276 1272 2300 quo
1287 2269 1371 2294 verbo
1379 2275 1451 2300 pro-

127 2307 195 2332 bare
209 2308 269 2337 qnia
283 2307 440 2336 praeferendi
458 2309 529 2332 notio
549 2308 619 2331 inest
633 2308 706 2336 (num
723 2308 796 2338 quod
809 2307 969 2337 probamus,
984 2307 1042 2330 aliis
1053 2307 1131 2330 rebus
1147 2305 1337 2336 praeterimus),
1350 2304 1452 2335 simpli-

129 2344 197 2368 citer
214 2343 279 2366 diiiit
292 2349 378 2372 quam
392 2343 496 2366 bellum
516 2349 565 2372 pro
586 2343 689 2372 vulgari
701 2344 797 2372 potius
809 2348 894 2372 quam
909 2342 934 2365 b.
958 2354 986 2358 —
999 2347 1022 2365 2.
1048 2342 1076 2365 In
1098 2347 1149 2371 qua
1169 2341 1338 2370 convivium,
1351 2341 1384 2364 de
1397 2345 1450 2369 quo

129 2385 187 2408 cap.
204 2383 242 2401 53
255 2390 282 2394 ἡ
295 2383 316 2401 a.
330 2379 372 2402 Sc.
386 2378 449 2401 milii
467 2378 529 2401 ‹Iata
543 2379 591 2401 cst.
603 2390 631 2395 -—
642 2382 666 2402 η.
681 2379 759 2407 Cujus
772 2378 890 2408 speciem
902 2377 1012 2406 praebui.
1028 2390 1051 2393 —
1067 2382 1089 2400 3,
1107 2378 1238 2400 I¹unirene
1251 2376 1317 2400 vens
1327 2376 1356 2399 ut
1365 2374 1451 2398 hostis

130 2418 255 2443 uxorem,
270 2418 304 2438 an
317 2413 422 2438 veniam
437 2413 500 2438 dare
515 2415 543 2438 ui.
556 2413 615 2438 filia:
628 2413 707 2438 socii.
721 2425 749 2430 -
762 2418 784 2438 ε.
799 2413 842 2438 Sic
856 2417 953 2438 vocare
964 2412 1069 2438 videtur
1081 2412 1251 2437 Germaniam
1263 2410 1450 2436 cisrhenanam
