<?xml version="1.0" encoding="UTF-8"?>
<!DOCTYPE html PUBLIC "-//W3C//DTD XHTML 1.0 Transitional//EN"
    "http://www.w3.org/TR/xhtml1/DTD/xhtml1-transitional.dtd">
<html xmlns="http://www.w3.org/1999/xhtml" xml:lang="en" lang="en">
 <head>
  <title>
</title>
<meta http-equiv="Content-Type" content="text/html;charset=utf-8" />
  <meta name='ocr-system' content='tesseract 3.04.00' />
  <meta name='ocr-capabilities' content='ocr_page ocr_carea ocr_par ocr_line ocrx_word'/>
</head>
<body>
  <div class='ocr_page' id='page_1' title='image "./operaquaesupersu00taciuoft_0437.png"; bbox 0 0 1539 2668; ppageno 0'>
   <div class='ocr_carea' id='block_1_1' title="bbox 547 170 1430 201">
    <p class='ocr_par' dir='ltr' id='par_1_1' title="bbox 547 170 1430 201">
     <span class='ocr_line' id='line_1_1' title="bbox 547 170 1430 201; baseline 0.001 -2"><span class='ocrx_word' id='word_1_1' title='bbox 547 172 583 201; x_wconf 73' lang='lat' dir='ltr'><strong>A.</strong></span> <span class='ocrx_word' id='word_1_2' title='bbox 607 171 645 199; x_wconf 86' lang='lat' dir='ltr'><strong>U.</strong></span> <span class='ocrx_word' id='word_1_3' title='bbox 670 171 704 199; x_wconf 91' lang='lat' dir='ltr'><strong>C.</strong></span> <span class='ocrx_word' id='word_1_4' title='bbox 730 170 800 199; x_wconf 84' lang='lat'>823.</span> <span class='ocrx_word' id='word_1_5' title='bbox 825 173 860 199; x_wconf 81' lang='lat' dir='ltr'><strong>A.</strong></span> <span class='ocrx_word' id='word_1_6' title='bbox 885 171 919 200; x_wconf 95' lang='lat' dir='ltr'><strong>C.</strong></span> <span class='ocrx_word' id='word_1_7' title='bbox 944 171 995 200; x_wconf 84' lang='lat'><strong>70.</strong></span> <span class='ocrx_word' id='word_1_8' title='bbox 1371 171 1430 200; x_wconf 79' lang='lat'><strong>405</strong></span> 
     </span>
    </p>
   </div>
   <div class='ocr_carea' id='block_1_2' title="bbox 72 244 1435 2159">
    <p class='ocr_par' dir='ltr' id='par_1_2' title="bbox 102 244 1435 616">
     <span class='ocr_line' id='line_1_2' title="bbox 115 244 1427 284; baseline 0 -9"><span class='ocrx_word' id='word_1_9' title='bbox 115 259 131 275; x_wconf 70' lang='grc' dir='ltr'><strong>«ι</strong></span> <span class='ocrx_word' id='word_1_10' title='bbox 148 246 258 279; x_wconf 82' lang='lat' dir='ltr'><strong>rentur</strong></span> <span class='ocrx_word' id='word_1_11' title='bbox 281 245 459 283; x_wconf 83' lang='lat' dir='ltr'><strong>obstantia;</strong></span> <span class='ocrx_word' id='word_1_12' title='bbox 482 244 525 275; x_wconf 95' lang='lat' dir='ltr'><strong>illi</strong></span> <span class='ocrx_word' id='word_1_13' title='bbox 548 244 671 284; x_wconf 80' lang='lat' dir='ltr'><strong>elapsos</strong></span> <span class='ocrx_word' id='word_1_14' title='bbox 687 244 720 275; x_wconf 89' lang='lat' dir='ltr'><strong>in</strong></span> <span class='ocrx_word' id='word_1_15' title='bbox 744 253 879 284; x_wconf 84' lang='lat' dir='ltr'><strong>pravum</strong></span> <span class='ocrx_word' id='word_1_16' title='bbox 895 244 905 261; x_wconf 85' lang='lat'>²</span> <span class='ocrx_word' id='word_1_17' title='bbox 933 245 1024 275; x_wconf 86' lang='lat' dir='ltr'><strong>artus</strong></span> <span class='ocrx_word' id='word_1_18' title='bbox 1037 268 1045 283; x_wconf 91' lang='lat'>‚</span> <span class='ocrx_word' id='word_1_19' title='bbox 1067 244 1094 275; x_wconf 89' lang='lat' dir='ltr'><strong>si</strong></span> <span class='ocrx_word' id='word_1_20' title='bbox 1113 244 1251 276; x_wconf 85' lang='lat' dir='ltr'><strong>salubris</strong></span> <span class='ocrx_word' id='word_1_21' title='bbox 1268 245 1316 276; x_wconf 84' lang='lat' dir='ltr'><strong>vis</strong></span> <span class='ocrx_word' id='word_1_22' title='bbox 1333 244 1427 276; x_wconf 81' lang='lat' dir='ltr'><strong>adhi-</strong></span> 
     </span>
     <span class='ocr_line' id='line_1_3' title="bbox 114 291 1427 333; baseline 0.001 -11"><span class='ocrx_word' id='word_1_23' title='bbox 114 307 130 322; x_wconf 74' lang='lat'>«</span> <span class='ocrx_word' id='word_1_24' title='bbox 150 294 275 332; x_wconf 82' lang='lat' dir='ltr'><strong>beatur,</strong></span> <span class='ocrx_word' id='word_1_25' title='bbox 290 301 382 333; x_wconf 87' lang='lat' dir='ltr'><strong>posse</strong></span> <span class='ocrx_word' id='word_1_26' title='bbox 394 291 555 329; x_wconf 70' lang='lat' dir='ltr'><strong>integrari.</strong></span> <span class='ocrx_word' id='word_1_27' title='bbox 572 291 603 322; x_wconf 90' lang='lat' dir='ltr'><strong>id</strong></span> <span class='ocrx_word' id='word_1_28' title='bbox 619 291 752 322; x_wconf 75' lang='lat' dir='ltr'><strong>sortasse</strong></span> <span class='ocrx_word' id='word_1_29' title='bbox 766 291 853 322; x_wconf 87' lang='lat' dir='ltr'><strong>cordi</strong></span> <span class='ocrx_word' id='word_1_30' title='bbox 869 291 951 331; x_wconf 80' lang='lat' dir='ltr'><strong>deis,</strong></span> <span class='ocrx_word' id='word_1_31' title='bbox 967 293 998 322; x_wconf 89' lang='lat' dir='ltr'><strong>et</strong></span> <span class='ocrx_word' id='word_1_32' title='bbox 1013 291 1124 322; x_wconf 89' lang='lat' dir='ltr'><strong>divino</strong></span> <span class='ocrx_word' id='word_1_33' title='bbox 1140 292 1320 323; x_wconf 82' lang='lat' dir='ltr'><strong>ministerio</strong></span> <span class='ocrx_word' id='word_1_34' title='bbox 1337 293 1427 323; x_wconf 81' lang='lat' dir='ltr'><strong>Prin-</strong></span> 
     </span>
     <span class='ocr_line' id='line_1_4' title="bbox 111 338 1427 380; baseline -0.001 -8"><span class='ocrx_word' id='word_1_35' title='bbox 111 353 128 368; x_wconf 89' lang='lat'>«</span> <span class='ocrx_word' id='word_1_36' title='bbox 147 342 248 380; x_wconf 87' lang='lat' dir='ltr'><strong>cipem</strong></span> <span class='ocrx_word' id='word_1_37' title='bbox 265 341 414 371; x_wconf 83' lang='lat' dir='ltr'><strong>electum.</strong></span> <span class='ocrx_word' id='word_1_38' title='bbox 433 338 571 377; x_wconf 84' lang='lat' dir='ltr'><strong>denique</strong></span> <span class='ocrx_word' id='word_1_39' title='bbox 590 338 708 377; x_wconf 75' lang='lat' dir='ltr'><strong>patrati</strong></span> <span class='ocrx_word' id='word_1_40' title='bbox 728 339 860 370; x_wconf 79' lang='lat' dir='ltr'><strong>remedii</strong></span> <span class='ocrx_word' id='word_1_41' title='bbox 878 339 1010 378; x_wconf 79' lang='lat' dir='ltr'>gloriam</span> <span class='ocrx_word' id='word_1_42' title='bbox 1030 347 1127 378; x_wconf 85' lang='lat' dir='ltr'><strong>penes</strong></span> <span class='ocrx_word' id='word_1_43' title='bbox 1145 343 1303 370; x_wconf 73' lang='lat' dir='ltr'><strong>Caesarem</strong></span> <span class='ocrx_word' id='word_1_44' title='bbox 1317 364 1325 378; x_wconf 92' lang='lat'><strong><em>‚</em></strong></span> <span class='ocrx_word' id='word_1_45' title='bbox 1345 340 1427 371; x_wconf 82' lang='lat' dir='ltr'><strong>irriti</strong></span> 
     </span>
     <span class='ocr_line' id='line_1_5' title="bbox 111 385 1435 426; baseline -0.001 -8"><span class='ocrx_word' id='word_1_46' title='bbox 111 399 127 414; x_wconf 86' lang='lat'>«</span> <span class='ocrx_word' id='word_1_47' title='bbox 145 387 316 418; x_wconf 72' lang='lat' dir='ltr'><strong>ludibrium</strong></span> <span class='ocrx_word' id='word_1_48' title='bbox 336 394 430 426; x_wconf 84' lang='lat' dir='ltr'><strong>penes</strong></span> <span class='ocrx_word' id='word_1_49' title='bbox 445 385 579 416; x_wconf 87' lang='lat' dir='ltr'><strong>miseros</strong></span> <span class='ocrx_word' id='word_1_50' title='bbox 595 386 668 416; x_wconf 85' lang='lat' dir='ltr'><strong>sore.</strong></span> <span class='ocrx_word' id='word_1_51' title='bbox 688 398 702 411; x_wconf 73' lang='lat' dir='ltr'>u</span> <span class='ocrx_word' id='word_1_52' title='bbox 723 386 824 425; x_wconf 67' lang='lat' dir='ltr'><strong>Igitur</strong></span> <span class='ocrx_word' id='word_1_53' title='bbox 840 385 1054 425; x_wconf 82' lang='lat' dir='ltr'><strong>Vespasianus</strong></span> <span class='ocrx_word' id='word_1_54' title='bbox 1070 388 1189 417; x_wconf 80' lang='lat' dir='ltr'><strong>cuncta</strong></span> <span class='ocrx_word' id='word_1_55' title='bbox 1207 387 1344 418; x_wconf 78' lang='lat' dir='ltr'><strong>fortunae</strong></span> <span class='ocrx_word' id='word_1_56' title='bbox 1360 393 1435 418; x_wconf 74' lang='lat' dir='ltr'><strong>suae&lt;</strong></span> 
     </span>
     <span class='ocr_line' id='line_1_6' title="bbox 108 432 1427 475; baseline 0 -10"><span class='ocrx_word' id='word_1_57' title='bbox 108 437 216 475; x_wconf 80' lang='lat' dir='ltr'><strong>patere</strong></span> <span class='ocrx_word' id='word_1_58' title='bbox 229 437 317 465; x_wconf 85' lang='lat' dir='ltr'><strong>ratus</strong></span> <span class='ocrx_word' id='word_1_59' title='bbox 332 441 390 463; x_wconf 84' lang='lat' dir='ltr'><strong>nec</strong></span> <span class='ocrx_word' id='word_1_60' title='bbox 406 432 578 472; x_wconf 81' lang='lat' dir='ltr'><strong>quicquam</strong></span> <span class='ocrx_word' id='word_1_61' title='bbox 594 433 680 463; x_wconf 78' lang='lat' dir='ltr'><strong>ultra</strong></span> <span class='ocrx_word' id='word_1_62' title='bbox 697 433 884 463; x_wconf 72' lang='lat' dir='ltr'><strong>incredibile</strong></span> <span class='ocrx_word' id='word_1_63' title='bbox 897 457 905 471; x_wconf 95' lang='lat'>‚</span> <span class='ocrx_word' id='word_1_64' title='bbox 921 433 995 463; x_wconf 71' lang='lat' dir='ltr'><strong>lmto</strong></span> <span class='ocrx_word' id='word_1_65' title='bbox 1015 432 1084 472; x_wconf 86' lang='lat' dir='ltr'><strong>ipse</strong></span> <span class='ocrx_word' id='word_1_66' title='bbox 1100 433 1191 463; x_wconf 88' lang='lat' dir='ltr'><strong>vultu</strong></span> <span class='ocrx_word' id='word_1_67' title='bbox 1204 458 1211 472; x_wconf 91' lang='lat'><strong>,</strong></span> <span class='ocrx_word' id='word_1_68' title='bbox 1230 435 1337 464; x_wconf 84' lang='lat' dir='ltr'><strong>erecta</strong></span> <span class='ocrx_word' id='word_1_69' title='bbox 1353 443 1427 473; x_wconf 70' lang='lat' dir='ltr'><strong>quee</strong></span> 
     </span>
     <span class='ocr_line' id='line_1_7' title="bbox 105 479 1425 519; baseline -0.001 -6"><span class='ocrx_word' id='word_1_70' title='bbox 105 481 231 513; x_wconf 78' lang='lat' dir='ltr'>astabat</span> <span class='ocrx_word' id='word_1_71' title='bbox 247 479 476 518; x_wconf 86' lang='lat' dir='ltr'><strong>multitudiue,</strong></span> <span class='ocrx_word' id='word_1_72' title='bbox 492 481 583 519; x_wconf 83' lang='lat' dir='ltr'><strong>J&#39;ussa</strong></span> <span class='ocrx_word' id='word_1_73' title='bbox 601 480 804 519; x_wconf 81' lang='lat' dir='ltr'><strong>exsequitur,</strong></span> <span class='ocrx_word' id='word_1_74' title='bbox 822 480 930 510; x_wconf 81' lang='lat' dir='ltr'><strong>statim</strong></span> <span class='ocrx_word' id='word_1_75' title='bbox 949 488 1104 510; x_wconf 86' lang='lat' dir='ltr'><strong>conversa</strong></span> <span class='ocrx_word' id='word_1_76' title='bbox 1124 480 1164 511; x_wconf 88' lang='lat' dir='ltr'><strong>ad</strong></span> <span class='ocrx_word' id='word_1_77' title='bbox 1180 490 1274 511; x_wconf 88' lang='lat' dir='ltr'><strong>usum</strong></span> <span class='ocrx_word' id='word_1_78' title='bbox 1294 490 1425 519; x_wconf 86' lang='lat' dir='ltr'><strong>manus,</strong></span> 
     </span>
     <span class='ocr_line' id='line_1_8' title="bbox 103 526 1423 568; baseline 0 -9"><span class='ocrx_word' id='word_1_79' title='bbox 103 538 140 559; x_wconf 89' lang='lat' dir='ltr'><strong>ac</strong></span> <span class='ocrx_word' id='word_1_80' title='bbox 153 537 238 559; x_wconf 81' lang='lat' dir='ltr'><strong>caeco</strong></span> <span class='ocrx_word' id='word_1_81' title='bbox 252 528 368 560; x_wconf 81' lang='lat' dir='ltr'><strong>reluxit</strong></span> <span class='ocrx_word' id='word_1_82' title='bbox 382 527 462 559; x_wconf 88' lang='lat' dir='ltr'><strong>dies.</strong></span> <span class='ocrx_word' id='word_1_83' title='bbox 480 530 654 567; x_wconf 87' lang='lat' dir='ltr'><strong>utrumque</strong></span> <span class='ocrx_word' id='word_1_84' title='bbox 668 551 676 565; x_wconf 93' lang='lat'><strong>,</strong></span> <span class='ocrx_word' id='word_1_85' title='bbox 692 526 748 567; x_wconf 87' lang='lat' dir='ltr'><strong>qui</strong></span> <span class='ocrx_word' id='word_1_86' title='bbox 767 526 959 565; x_wconf 75' lang='lat' dir='ltr'><strong>interfuere,</strong></span> <span class='ocrx_word' id='word_1_87' title='bbox 978 535 1064 557; x_wconf 88' lang='lat' dir='ltr'><strong>nunc</strong></span> <span class='ocrx_word' id='word_1_88' title='bbox 1080 536 1209 568; x_wconf 84' lang='lat' dir='ltr'><strong>quoque</strong></span> <span class='ocrx_word' id='word_1_89' title='bbox 1225 531 1423 567; x_wconf 85' lang='lat' dir='ltr'><strong>memorant,</strong></span> 
     </span>
     <span class='ocr_line' id='line_1_9' title="bbox 102 573 767 616; baseline -0.003 -10"><span class='ocrx_word' id='word_1_90' title='bbox 102 577 273 616; x_wconf 81' lang='lat' dir='ltr'><strong>postquam</strong></span> <span class='ocrx_word' id='word_1_91' title='bbox 289 575 413 606; x_wconf 89' lang='lat' dir='ltr'><strong>nullum</strong></span> <span class='ocrx_word' id='word_1_92' title='bbox 429 574 599 606; x_wconf 82' lang='lat' dir='ltr'><strong>mendacio</strong></span> <span class='ocrx_word' id='word_1_93' title='bbox 615 573 767 614; x_wconf 88' lang='lat' dir='ltr'><strong>pretium.</strong></span> 
     </span>
    </p>

    <p class='ocr_par' dir='ltr' id='par_1_3' title="bbox 91 619 1424 1038">
     <span class='ocr_line' id='line_1_10' title="bbox 142 619 1424 663; baseline 0.001 -10"><span class='ocrx_word' id='word_1_94' title='bbox 142 625 286 653; x_wconf 76' lang='lat' dir='ltr'><strong>Lxxxtt.</strong></span> <span class='ocrx_word' id='word_1_95' title='bbox 302 622 401 653; x_wconf 77' lang='lat' dir='ltr'><strong>Altior</strong></span> <span class='ocrx_word' id='word_1_96' title='bbox 414 621 490 653; x_wconf 87' lang='lat' dir='ltr'><strong>inde</strong></span> <span class='ocrx_word' id='word_1_97' title='bbox 504 621 701 661; x_wconf 83' lang='lat' dir='ltr'><strong>Vespasiano</strong></span> <span class='ocrx_word' id='word_1_98' title='bbox 714 619 832 660; x_wconf 87' lang='lat' dir='ltr'><strong>cupido</strong></span> <span class='ocrx_word' id='word_1_99' title='bbox 846 620 986 651; x_wconf 84' lang='lat' dir='ltr'><strong>adeundi</strong></span> <span class='ocrx_word' id='word_1_100' title='bbox 1004 629 1127 651; x_wconf 82' lang='lat' dir='ltr'><strong>sacram</strong></span> <span class='ocrx_word' id='word_1_101' title='bbox 1144 621 1263 660; x_wconf 89' lang='lat' dir='ltr'><strong>sedem,</strong></span> <span class='ocrx_word' id='word_1_102' title='bbox 1282 626 1317 654; x_wconf 90' lang='lat' dir='ltr'><strong>ut</strong></span> <span class='ocrx_word' id='word_1_103' title='bbox 1329 631 1424 663; x_wconf 86' lang='lat' dir='ltr'><strong>super</strong></span> 
     </span>
     <span class='ocr_line' id='line_1_11' title="bbox 98 668 1423 709; baseline 0.004 -11"><span class='ocrx_word' id='word_1_104' title='bbox 98 669 193 700; x_wconf 84' lang='lat' dir='ltr'><strong>rebus</strong></span> <span class='ocrx_word' id='word_1_105' title='bbox 218 669 345 709; x_wconf 88' lang='lat' dir='ltr'><strong>imperii</strong></span> <span class='ocrx_word' id='word_1_106' title='bbox 369 670 561 701; x_wconf 80' lang='lat' dir='ltr'><strong>consuleret.</strong></span> <span class='ocrx_word' id='word_1_107' title='bbox 587 670 700 699; x_wconf 78' lang='lat' dir='ltr'><strong>arceri</strong></span> <span class='ocrx_word' id='word_1_108' title='bbox 721 669 845 709; x_wconf 75' lang='lat' dir='ltr'><strong>templo</strong></span> <span class='ocrx_word' id='word_1_109' title='bbox 863 668 1117 707; x_wconf 79' lang='lat' dir='ltr'><strong>cunctosjubet.</strong></span> <span class='ocrx_word' id='word_1_110' title='bbox 1141 671 1238 709; x_wconf 83' lang='lat' dir='ltr'><strong>atque</strong></span> <span class='ocrx_word' id='word_1_111' title='bbox 1264 671 1423 709; x_wconf 73' lang='lat' dir='ltr'><strong>ingressus</strong></span> 
     </span>
     <span class='ocr_line' id='line_1_12' title="bbox 98 715 1420 756; baseline 0.003 -11"><span class='ocrx_word' id='word_1_112' title='bbox 98 715 309 755; x_wconf 82' lang='lat' dir='ltr'><strong>intentusque</strong></span> <span class='ocrx_word' id='word_1_113' title='bbox 326 717 452 747; x_wconf 90' lang='lat' dir='ltr'><strong>numiui</strong></span> <span class='ocrx_word' id='word_1_114' title='bbox 474 715 615 755; x_wconf 81' lang='lat' dir='ltr'><strong>respexit</strong></span> <span class='ocrx_word' id='word_1_115' title='bbox 633 723 715 754; x_wconf 91' lang='lat' dir='ltr'><strong>pone</strong></span> <span class='ocrx_word' id='word_1_116' title='bbox 734 718 859 753; x_wconf 65' lang='lat' dir='ltr'><strong>tergum</strong></span> <span class='ocrx_word' id='word_1_117' title='bbox 877 725 894 745; x_wconf 90' lang='lat' dir='ltr'><strong>e</strong></span> <span class='ocrx_word' id='word_1_118' title='bbox 913 715 1108 755; x_wconf 79' lang='lat' dir='ltr'><strong>primoribus</strong></span> <span class='ocrx_word' id='word_1_119' title='bbox 1129 718 1343 756; x_wconf 29' lang='lat' dir='ltr'><strong>[egyptiorum</strong></span> <span class='ocrx_word' id='word_1_120' title='bbox 1363 728 1420 750; x_wconf 92' lang='lat' dir='ltr'><strong>no·</strong></span> 
     </span>
     <span class='ocr_line' id='line_1_13' title="bbox 97 762 1420 807; baseline 0.004 -14"><span class='ocrx_word' id='word_1_121' title='bbox 97 763 181 794; x_wconf 85' lang='lat' dir='ltr'><strong>mine</strong></span> <span class='ocrx_word' id='word_1_122' title='bbox 195 764 369 794; x_wconf 71' lang='lat' dir='ltr'><strong>Basiliden</strong></span> <span class='ocrx_word' id='word_1_123' title='bbox 386 765 409 801; x_wconf 91' lang='lat'><strong>¹,</strong></span> <span class='ocrx_word' id='word_1_124' title='bbox 427 772 521 803; x_wconf 78' lang='lat' dir='ltr'><strong>quem</strong></span> <span class='ocrx_word' id='word_1_125' title='bbox 540 763 650 802; x_wconf 86' lang='lat' dir='ltr'><strong>procul</strong></span> <span class='ocrx_word' id='word_1_126' title='bbox 665 762 857 794; x_wconf 73' lang='lat' dir='ltr'><strong>Alexandria</strong></span> <span class='ocrx_word' id='word_1_127' title='bbox 874 763 1011 803; x_wconf 85' lang='lat' dir='ltr'><strong>plurium</strong></span> <span class='ocrx_word' id='word_1_128' title='bbox 1026 763 1151 793; x_wconf 76' lang='lat' dir='ltr'><strong>dierum</strong></span> <span class='ocrx_word' id='word_1_129' title='bbox 1165 764 1278 796; x_wconf 86' lang='lat' dir='ltr'><strong>itinere</strong></span> <span class='ocrx_word' id='word_1_130' title='bbox 1292 769 1323 796; x_wconf 88' lang='lat' dir='ltr'><strong>et</strong></span> <span class='ocrx_word' id='word_1_131' title='bbox 1336 775 1420 807; x_wconf 82' lang='lat' dir='ltr'><strong>aegro</strong></span> 
     </span>
     <span class='ocr_line' id='line_1_14' title="bbox 93 810 1420 850; baseline 0.005 -10"><span class='ocrx_word' id='word_1_132' title='bbox 93 818 227 849; x_wconf 85' lang='lat' dir='ltr'><strong>corpore</strong></span> <span class='ocrx_word' id='word_1_133' title='bbox 243 811 378 841; x_wconf 80' lang='lat' dir='ltr'><strong>detineri</strong></span> <span class='ocrx_word' id='word_1_134' title='bbox 401 811 487 841; x_wconf 78' lang='lat' dir='ltr'><strong>haud</strong></span> <span class='ocrx_word' id='word_1_135' title='bbox 511 810 692 849; x_wconf 75' lang='lat' dir='ltr'><strong>ignorabat.</strong></span> <span class='ocrx_word' id='word_1_136' title='bbox 721 814 952 850; x_wconf 79' lang='lat' dir='ltr'><strong>percunctatur</strong></span> <span class='ocrx_word' id='word_1_137' title='bbox 968 811 1149 841; x_wconf 75' lang='lat' dir='ltr'><strong>sacerdotes</strong></span> <span class='ocrx_word' id='word_1_138' title='bbox 1172 820 1255 843; x_wconf 76' lang='lat' dir='ltr'><strong>num</strong></span> <span class='ocrx_word' id='word_1_139' title='bbox 1280 814 1342 845; x_wconf 79' lang='lat' dir='ltr'><strong>illo</strong></span> <span class='ocrx_word' id='word_1_140' title='bbox 1366 815 1420 846; x_wconf 78' lang='lat' dir='ltr'><strong>die</strong></span> 
     </span>
     <span class='ocr_line' id='line_1_15' title="bbox 93 857 1420 897; baseline 0.005 -10"><span class='ocrx_word' id='word_1_141' title='bbox 93 857 263 888; x_wconf 70' lang='lat' dir='ltr'><strong>Basilides</strong></span> <span class='ocrx_word' id='word_1_142' title='bbox 282 858 451 897; x_wconf 75' lang='lat' dir='ltr'><strong>templum</strong></span> <span class='ocrx_word' id='word_1_143' title='bbox 465 859 610 888; x_wconf 73' lang='lat' dir='ltr'><strong>inisset?</strong></span> <span class='ocrx_word' id='word_1_144' title='bbox 627 859 857 895; x_wconf 82' lang='lat' dir='ltr'><strong>percunctatur</strong></span> <span class='ocrx_word' id='word_1_145' title='bbox 870 857 982 888; x_wconf 86' lang='lat' dir='ltr'><strong>obvios</strong></span> <span class='ocrx_word' id='word_1_146' title='bbox 996 866 1077 888; x_wconf 83' lang='lat' dir='ltr'><strong>num</strong></span> <span class='ocrx_word' id='word_1_147' title='bbox 1092 859 1125 888; x_wconf 79' lang='lat' dir='ltr'><strong>in</strong></span> <span class='ocrx_word' id='word_1_148' title='bbox 1140 858 1224 889; x_wconf 80' lang='lat' dir='ltr'><strong>urbe</strong></span> <span class='ocrx_word' id='word_1_149' title='bbox 1236 862 1329 891; x_wconf 74' lang='lat' dir='ltr'><strong>visus</strong></span> <span class='ocrx_word' id='word_1_150' title='bbox 1346 865 1420 894; x_wconf 73' lang='lat' dir='ltr'><strong>stt?</strong></span> 
     </span>
     <span class='ocr_line' id='line_1_16' title="bbox 93 902 1416 945; baseline 0.005 -11"><span class='ocrx_word' id='word_1_151' title='bbox 93 903 232 943; x_wconf 83' lang='lat' dir='ltr'><strong>denique</strong></span> <span class='ocrx_word' id='word_1_152' title='bbox 249 904 356 935; x_wconf 87' lang='lat' dir='ltr'><strong>missis</strong></span> <span class='ocrx_word' id='word_1_153' title='bbox 381 903 545 944; x_wconf 85' lang='lat' dir='ltr'><strong>equitibus</strong></span> <span class='ocrx_word' id='word_1_154' title='bbox 566 903 712 943; x_wconf 78' lang='lat' dir='ltr'><strong>explorat</strong></span> <span class='ocrx_word' id='word_1_155' title='bbox 732 902 786 934; x_wconf 90' lang='lat' dir='ltr'><strong>illo</strong></span> <span class='ocrx_word' id='word_1_156' title='bbox 803 904 957 943; x_wconf 83' lang='lat' dir='ltr'><strong>temporis</strong></span> <span class='ocrx_word' id='word_1_157' title='bbox 980 906 1144 935; x_wconf 89' lang='lat' dir='ltr'><strong>momento</strong></span> <span class='ocrx_word' id='word_1_158' title='bbox 1164 907 1327 945; x_wconf 79' lang='lat' dir='ltr'><strong>octoginta</strong></span> <span class='ocrx_word' id='word_1_159' title='bbox 1344 909 1416 941; x_wconf 88' lang='lat' dir='ltr'><strong>mil-</strong></span> 
     </span>
     <span class='ocr_line' id='line_1_17' title="bbox 92 949 1417 991; baseline 0.005 -10"><span class='ocrx_word' id='word_1_160' title='bbox 92 949 175 981; x_wconf 87' lang='lat' dir='ltr'><strong>libus</strong></span> <span class='ocrx_word' id='word_1_161' title='bbox 192 960 348 990; x_wconf 79' lang='lat' dir='ltr'><strong>passuum</strong></span> <span class='ocrx_word' id='word_1_162' title='bbox 366 951 519 981; x_wconf 82' lang='lat' dir='ltr'><strong>abfuisse.</strong></span> <span class='ocrx_word' id='word_1_163' title='bbox 532 953 612 981; x_wconf 86' lang='lat' dir='ltr'><strong>tunc</strong></span> <span class='ocrx_word' id='word_1_164' title='bbox 629 949 773 981; x_wconf 82' lang='lat' dir='ltr'><strong>divinam</strong></span> <span class='ocrx_word' id='word_1_165' title='bbox 785 951 926 989; x_wconf 82' lang='lat' dir='ltr'><strong>speciem</strong></span> <span class='ocrx_word' id='word_1_166' title='bbox 941 952 972 981; x_wconf 92' lang='lat' dir='ltr'><strong>et</strong></span> <span class='ocrx_word' id='word_1_167' title='bbox 986 951 1052 982; x_wconf 89' lang='lat' dir='ltr'><strong>vim</strong></span> <span class='ocrx_word' id='word_1_168' title='bbox 1070 953 1216 991; x_wconf 85' lang='lat' dir='ltr'><strong>responsi</strong></span> <span class='ocrx_word' id='word_1_169' title='bbox 1231 962 1269 983; x_wconf 85' lang='lat' dir='ltr'><strong>ex</strong></span> <span class='ocrx_word' id='word_1_170' title='bbox 1286 957 1417 990; x_wconf 79' lang='lat' dir='ltr'><strong>nomine</strong></span> 
     </span>
     <span class='ocr_line' id='line_1_18' title="bbox 91 997 608 1038; baseline 0.002 -11"><span class='ocrx_word' id='word_1_171' title='bbox 91 997 256 1028; x_wconf 72' lang='lat' dir='ltr'><strong>Basilidis</strong></span> <span class='ocrx_word' id='word_1_172' title='bbox 270 997 280 1015; x_wconf 84' lang='lat'><em>²</em></span> <span class='ocrx_word' id='word_1_173' title='bbox 301 998 534 1038; x_wconf 85' lang='lat' dir='ltr'><strong>interpretatus</strong></span> <span class='ocrx_word' id='word_1_174' title='bbox 550 1000 608 1028; x_wconf 87' lang='lat' dir='ltr'><strong>est.</strong></span> 
     </span>
    </p>

    <p class='ocr_par' dir='ltr' id='par_1_4' title="bbox 72 1044 1415 2159">
     <span class='ocr_line' id='line_1_19' title="bbox 130 1044 1415 1089; baseline 0.007 -15"><span class='ocrx_word' id='word_1_175' title='bbox 130 1047 290 1076; x_wconf 77' lang='lat' dir='ltr'><strong>LXXXHI.</strong></span> <span class='ocrx_word' id='word_1_176' title='bbox 308 1045 405 1084; x_wconf 81' lang='lat' dir='ltr'><strong>Origo</strong></span> <span class='ocrx_word' id='word_1_177' title='bbox 425 1044 476 1076; x_wconf 86' lang='lat' dir='ltr'><strong>dei</strong></span> <span class='ocrx_word' id='word_1_178' title='bbox 495 1044 638 1075; x_wconf 87' lang='lat' dir='ltr'><strong>nondum</strong></span> <span class='ocrx_word' id='word_1_179' title='bbox 658 1044 777 1076; x_wconf 84' lang='lat' dir='ltr'><strong>nostris</strong></span> <span class='ocrx_word' id='word_1_180' title='bbox 794 1044 984 1076; x_wconf 87' lang='lat' dir='ltr'><strong>auctoribus</strong></span> <span class='ocrx_word' id='word_1_181' title='bbox 1000 1045 1158 1076; x_wconf 80' lang='lat' dir='ltr'><strong>celebrata</strong></span> <span class='ocrx_word' id='word_1_182' title='bbox 1175 1056 1182 1077; x_wconf 90' lang='lat'><strong>:</strong></span> <span class='ocrx_word' id='word_1_183' title='bbox 1200 1050 1415 1089; x_wconf 57' lang='lat' dir='ltr'><strong>[Egyptiorum</strong></span> 
     </span>
     <span class='ocr_line' id='line_1_20' title="bbox 88 1090 1414 1136; baseline 0.004 -16"><span class='ocrx_word' id='word_1_184' title='bbox 88 1090 250 1122; x_wconf 76' lang='lat' dir='ltr'><strong>antistites</strong></span> <span class='ocrx_word' id='word_1_185' title='bbox 284 1091 330 1122; x_wconf 90' lang='lat' dir='ltr'><strong>sie</strong></span> <span class='ocrx_word' id='word_1_186' title='bbox 357 1093 537 1122; x_wconf 87' lang='lat' dir='ltr'><strong>memorant</strong></span> <span class='ocrx_word' id='word_1_187' title='bbox 567 1101 574 1121; x_wconf 89' lang='lat'>:</span> <span class='ocrx_word' id='word_1_188' title='bbox 601 1105 615 1118; x_wconf 85' lang='lat'>«</span> <span class='ocrx_word' id='word_1_189' title='bbox 640 1092 812 1122; x_wconf 51' lang='lat' dir='ltr'><strong>Ptolemaeo</strong></span> <span class='ocrx_word' id='word_1_190' title='bbox 840 1092 904 1131; x_wconf 77' lang='lat' dir='ltr'><strong>regi</strong></span> <span class='ocrx_word' id='word_1_191' title='bbox 921 1116 930 1131; x_wconf 85' lang='lat'>‚</span> <span class='ocrx_word' id='word_1_192' title='bbox 959 1093 1015 1132; x_wconf 80' lang='lat' dir='ltr'><strong>qui</strong></span> <span class='ocrx_word' id='word_1_193' title='bbox 1042 1093 1254 1126; x_wconf 81' lang='lat' dir='ltr'><strong>Macedonum</strong></span> <span class='ocrx_word' id='word_1_194' title='bbox 1290 1099 1414 1136; x_wconf 63' lang='lat' dir='ltr'><strong>primus</strong></span> 
     </span>
     <span class='ocr_line' id='line_1_21' title="bbox 92 1138 1413 1178; baseline 0.006 -10"><span class='ocrx_word' id='word_1_195' title='bbox 92 1148 106 1161; x_wconf 86' lang='lat'>«</span> <span class='ocrx_word' id='word_1_196' title='bbox 125 1138 253 1177; x_wconf 69' lang='lat' dir='ltr'><strong>AEgypti</strong></span> <span class='ocrx_word' id='word_1_197' title='bbox 276 1147 352 1178; x_wconf 85' lang='lat' dir='ltr'><strong>opes</strong></span> <span class='ocrx_word' id='word_1_198' title='bbox 370 1138 510 1169; x_wconf 83' lang='lat' dir='ltr'><strong>firmavit</strong></span> <span class='ocrx_word' id='word_1_199' title='bbox 525 1139 549 1177; x_wconf 85' lang='lat'><strong>¹,</strong></span> <span class='ocrx_word' id='word_1_200' title='bbox 568 1147 671 1178; x_wconf 82' lang='lat' dir='ltr'><strong>quum</strong></span> <span class='ocrx_word' id='word_1_201' title='bbox 690 1138 889 1169; x_wconf 77' lang='lat' dir='ltr'><strong>Alexandriae</strong></span> <span class='ocrx_word' id='word_1_202' title='bbox 911 1148 1022 1169; x_wconf 84' lang='lat' dir='ltr'><strong>recens</strong></span> <span class='ocrx_word' id='word_1_203' title='bbox 1041 1140 1179 1171; x_wconf 80' lang='lat' dir='ltr'><strong>conditae</strong></span> <span class='ocrx_word' id='word_1_204' title='bbox 1197 1144 1314 1174; x_wconf 72' lang='lat' dir='ltr'><strong>mwnia</strong></span> <span class='ocrx_word' id='word_1_205' title='bbox 1333 1148 1413 1177; x_wconf 81' lang='lat' dir='ltr'><strong>teni-</strong></span> 
     </span>
     <span class='ocr_line' id='line_1_22' title="bbox 89 1184 1414 1226; baseline 0.005 -11"><span class='ocrx_word' id='word_1_206' title='bbox 89 1198 105 1209; x_wconf 94' lang='lat'>«</span> <span class='ocrx_word' id='word_1_207' title='bbox 124 1185 240 1224; x_wconf 77' lang='lat' dir='ltr'><strong>piaque</strong></span> <span class='ocrx_word' id='word_1_208' title='bbox 263 1187 294 1216; x_wconf 89' lang='lat' dir='ltr'><strong>et</strong></span> <span class='ocrx_word' id='word_1_209' title='bbox 323 1185 491 1224; x_wconf 71' lang='lat' dir='ltr'><strong>religiones</strong></span> <span class='ocrx_word' id='word_1_210' title='bbox 516 1184 667 1224; x_wconf 77' lang='lat' dir='ltr'><strong>adderet,</strong></span> <span class='ocrx_word' id='word_1_211' title='bbox 693 1185 836 1216; x_wconf 81' lang='lat' dir='ltr'><strong>oblatum</strong></span> <span class='ocrx_word' id='word_1_212' title='bbox 862 1194 918 1225; x_wconf 86' lang='lat' dir='ltr'><strong>per</strong></span> <span class='ocrx_word' id='word_1_213' title='bbox 943 1186 1085 1225; x_wconf 87' lang='lat' dir='ltr'><strong>quietem</strong></span> <span class='ocrx_word' id='word_1_214' title='bbox 1108 1186 1222 1219; x_wconf 87' lang='lat' dir='ltr'><strong>decore</strong></span> <span class='ocrx_word' id='word_1_215' title='bbox 1243 1190 1363 1222; x_wconf 82' lang='lat' dir='ltr'><strong>eximio</strong></span> <span class='ocrx_word' id='word_1_216' title='bbox 1382 1198 1414 1226; x_wconf 77' lang='lat' dir='ltr'><strong>et</strong></span> 
     </span>
     <span class='ocr_line' id='line_1_23' title="bbox 92 1231 1411 1272; baseline 0.006 -11"><span class='ocrx_word' id='word_1_217' title='bbox 92 1245 106 1258; x_wconf 79' lang='grc' dir='ltr'><strong>«ι</strong></span> <span class='ocrx_word' id='word_1_218' title='bbox 127 1231 248 1269; x_wconf 84' lang='lat' dir='ltr'><strong>majore</strong></span> <span class='ocrx_word' id='word_1_219' title='bbox 271 1241 367 1270; x_wconf 79' lang='lat' dir='ltr'><strong>quam</strong></span> <span class='ocrx_word' id='word_1_220' title='bbox 390 1232 530 1263; x_wconf 85' lang='lat' dir='ltr'><strong>humana</strong></span> <span class='ocrx_word' id='word_1_221' title='bbox 552 1232 658 1272; x_wconf 83' lang='lat' dir='ltr'><strong>specie</strong></span> <span class='ocrx_word' id='word_1_222' title='bbox 671 1232 845 1271; x_wconf 82' lang='lat' dir='ltr'><strong>juvenem,</strong></span> <span class='ocrx_word' id='word_1_223' title='bbox 864 1232 920 1272; x_wconf 90' lang='lat' dir='ltr'><strong>qui</strong></span> <span class='ocrx_word' id='word_1_224' title='bbox 937 1235 1082 1263; x_wconf 79' lang='lat' dir='ltr'><strong>moneret</strong></span> <span class='ocrx_word' id='word_1_225' title='bbox 1100 1236 1136 1264; x_wconf 90' lang='lat' dir='ltr'><strong>ut</strong></span> <span class='ocrx_word' id='word_1_226' title='bbox 1152 1235 1314 1268; x_wconf 81' lang='lat' dir='ltr'><strong>fidissimis</strong></span> <span class='ocrx_word' id='word_1_227' title='bbox 1333 1241 1411 1271; x_wconf 68' lang='lat' dir='ltr'><strong>anii-</strong></span> 
     </span>
     <span class='ocr_line' id='line_1_24' title="bbox 88 1279 1412 1324; baseline 0.008 -17"><span class='ocrx_word' id='word_1_228' title='bbox 88 1292 105 1306; x_wconf 77' lang='lat'>«</span> <span class='ocrx_word' id='word_1_229' title='bbox 125 1288 236 1309; x_wconf 88' lang='lat' dir='ltr'><strong>corum</strong></span> <span class='ocrx_word' id='word_1_230' title='bbox 260 1279 292 1309; x_wconf 91' lang='lat' dir='ltr'><strong>in</strong></span> <span class='ocrx_word' id='word_1_231' title='bbox 309 1282 447 1310; x_wconf 90' lang='lat' dir='ltr'><strong>Pontum</strong></span> <span class='ocrx_word' id='word_1_232' title='bbox 467 1279 574 1309; x_wconf 86' lang='lat' dir='ltr'><strong>missis</strong></span> <span class='ocrx_word' id='word_1_233' title='bbox 597 1279 735 1319; x_wconf 72' lang='lat' dir='ltr'><strong>effigiem</strong></span> <span class='ocrx_word' id='word_1_234' title='bbox 753 1288 845 1309; x_wconf 80' lang='lat' dir='ltr'><strong>suam</strong></span> <span class='ocrx_word' id='word_1_235' title='bbox 861 1279 980 1310; x_wconf 84' lang='lat' dir='ltr'><strong>acciret</strong></span> <span class='ocrx_word' id='word_1_236' title='bbox 1000 1289 1007 1309; x_wconf 76' lang='lat' dir='ltr'>z</span> <span class='ocrx_word' id='word_1_237' title='bbox 1027 1279 1136 1310; x_wconf 77' lang='lat' dir='ltr'><strong>loetum</strong></span> <span class='ocrx_word' id='word_1_238' title='bbox 1161 1281 1192 1311; x_wconf 89' lang='lat' dir='ltr'><strong>id</strong></span> <span class='ocrx_word' id='word_1_239' title='bbox 1211 1291 1306 1322; x_wconf 78' lang='lat' dir='ltr'><strong>regno</strong></span> <span class='ocrx_word' id='word_1_240' title='bbox 1319 1309 1327 1324; x_wconf 93' lang='lat'><strong>,</strong></span> <span class='ocrx_word' id='word_1_241' title='bbox 1346 1295 1412 1318; x_wconf 78' lang='lat' dir='ltr'><strong>ma-</strong></span> 
     </span>
     <span class='ocr_line' id='line_1_25' title="bbox 88 1326 1411 1366; baseline 0.007 -11"><span class='ocrx_word' id='word_1_242' title='bbox 88 1340 102 1355; x_wconf 85' lang='lat'>«</span> <span class='ocrx_word' id='word_1_243' title='bbox 122 1335 282 1366; x_wconf 77' lang='lat' dir='ltr'><strong>guamque</strong></span> <span class='ocrx_word' id='word_1_244' title='bbox 299 1328 330 1357; x_wconf 82' lang='lat' dir='ltr'><strong>et</strong></span> <span class='ocrx_word' id='word_1_245' title='bbox 348 1326 489 1357; x_wconf 79' lang='lat' dir='ltr'><strong>inclitam</strong></span> <span class='ocrx_word' id='word_1_246' title='bbox 508 1327 616 1357; x_wconf 87' lang='lat' dir='ltr'><strong>sedem</strong></span> <span class='ocrx_word' id='word_1_247' title='bbox 635 1328 701 1357; x_wconf 85' lang='lat' dir='ltr'><strong>fore</strong></span> <span class='ocrx_word' id='word_1_248' title='bbox 718 1335 792 1366; x_wconf 80' lang='lat' dir='ltr'><strong>quae</strong></span> <span class='ocrx_word' id='word_1_249' title='bbox 806 1326 816 1343; x_wconf 78' lang='lat'>²</span> <span class='ocrx_word' id='word_1_250' title='bbox 836 1326 1023 1365; x_wconf 75' lang='lat' dir='ltr'><strong>excepisset.</strong></span> <span class='ocrx_word' id='word_1_251' title='bbox 1042 1328 1137 1358; x_wconf 87' lang='lat' dir='ltr'><strong>simul</strong></span> <span class='ocrx_word' id='word_1_252' title='bbox 1154 1328 1258 1361; x_wconf 85' lang='lat' dir='ltr'><strong>visum</strong></span> <span class='ocrx_word' id='word_1_253' title='bbox 1275 1333 1411 1366; x_wconf 87' lang='lat' dir='ltr'><strong>eundem</strong></span> 
     </span>
     <span class='ocr_line' id='line_1_26' title="bbox 89 1373 1410 1413; baseline 0.007 -11"><span class='ocrx_word' id='word_1_254' title='bbox 89 1387 105 1402; x_wconf 75' lang='grc' dir='ltr'>α</span> <span class='ocrx_word' id='word_1_255' title='bbox 121 1374 271 1412; x_wconf 81' lang='lat' dir='ltr'><strong>juvenem</strong></span> <span class='ocrx_word' id='word_1_256' title='bbox 290 1373 321 1403; x_wconf 92' lang='lat' dir='ltr'><strong>in</strong></span> <span class='ocrx_word' id='word_1_257' title='bbox 340 1374 456 1404; x_wconf 88' lang='lat' dir='ltr'><strong>coelum</strong></span> <span class='ocrx_word' id='word_1_258' title='bbox 474 1374 545 1413; x_wconf 81' lang='lat' dir='ltr'><strong>igne</strong></span> <span class='ocrx_word' id='word_1_259' title='bbox 562 1374 699 1413; x_wconf 82' lang='lat' dir='ltr'><strong>plurimo</strong></span> <span class='ocrx_word' id='word_1_260' title='bbox 713 1373 827 1404; x_wconf 81' lang='lat' dir='ltr'><strong>attolli.</strong></span> <span class='ocrx_word' id='word_1_261' title='bbox 846 1386 860 1400; x_wconf 67' lang='grc' dir='ltr'><strong>»ι</strong></span> <span class='ocrx_word' id='word_1_262' title='bbox 877 1373 1073 1404; x_wconf 68' lang='lat' dir='ltr'><strong>Ptolemmus</strong></span> <span class='ocrx_word' id='word_1_263' title='bbox 1088 1375 1195 1406; x_wconf 87' lang='lat' dir='ltr'><strong>omine</strong></span> <span class='ocrx_word' id='word_1_264' title='bbox 1209 1379 1241 1408; x_wconf 86' lang='lat' dir='ltr'><strong>et</strong></span> <span class='ocrx_word' id='word_1_265' title='bbox 1256 1379 1410 1411; x_wconf 80' lang='lat' dir='ltr'><strong>miraculo</strong></span> 
     </span>
     <span class='ocr_line' id='line_1_27' title="bbox 85 1420 1409 1462; baseline -0.001 -10"><span class='ocrx_word' id='word_1_266' title='bbox 85 1420 211 1452; x_wconf 82' lang='lat' dir='ltr'><strong>excitus</strong></span> <span class='ocrx_word' id='word_1_267' title='bbox 231 1420 452 1451; x_wconf 83' lang='lat' dir='ltr'><strong>sacerdotibus</strong></span> <span class='ocrx_word' id='word_1_268' title='bbox 472 1421 686 1460; x_wconf 81' lang='lat' dir='ltr'><strong>AEgyptiorum</strong></span> <span class='ocrx_word' id='word_1_269' title='bbox 700 1445 710 1459; x_wconf 88' lang='lat'><strong>,</strong></span> <span class='ocrx_word' id='word_1_270' title='bbox 737 1420 852 1460; x_wconf 90' lang='lat' dir='ltr'><strong>quibus</strong></span> <span class='ocrx_word' id='word_1_271' title='bbox 877 1429 947 1451; x_wconf 89' lang='lat' dir='ltr'><strong>mos</strong></span> <span class='ocrx_word' id='word_1_272' title='bbox 969 1421 1045 1451; x_wconf 72' lang='lat' dir='ltr'><strong>talia</strong></span> <span class='ocrx_word' id='word_1_273' title='bbox 1068 1421 1261 1462; x_wconf 75' lang='lat' dir='ltr'><strong>intelligere,</strong></span> <span class='ocrx_word' id='word_1_274' title='bbox 1282 1429 1409 1459; x_wconf 83' lang='lat' dir='ltr'><strong>noctur.</strong></span> 
     </span>
     <span class='ocr_line' id='line_1_28' title="bbox 86 1467 1410 1509; baseline 0.001 -11"><span class='ocrx_word' id='word_1_275' title='bbox 86 1476 144 1499; x_wconf 88' lang='lat' dir='ltr'><strong>nos</strong></span> <span class='ocrx_word' id='word_1_276' title='bbox 161 1467 251 1497; x_wconf 86' lang='lat' dir='ltr'><strong>visus</strong></span> <span class='ocrx_word' id='word_1_277' title='bbox 273 1468 386 1506; x_wconf 83' lang='lat' dir='ltr'><strong>aperit.</strong></span> <span class='ocrx_word' id='word_1_278' title='bbox 411 1469 508 1506; x_wconf 86' lang='lat' dir='ltr'><strong>atque</strong></span> <span class='ocrx_word' id='word_1_279' title='bbox 533 1467 595 1498; x_wconf 89' lang='lat' dir='ltr'><strong>illis</strong></span> <span class='ocrx_word' id='word_1_280' title='bbox 614 1469 705 1499; x_wconf 87' lang='lat' dir='ltr'><strong>Ponti</strong></span> <span class='ocrx_word' id='word_1_281' title='bbox 732 1470 763 1499; x_wconf 88' lang='lat' dir='ltr'><strong>et</strong></span> <span class='ocrx_word' id='word_1_282' title='bbox 787 1470 994 1498; x_wconf 73' lang='lat' dir='ltr'><strong>externorum</strong></span> <span class='ocrx_word' id='word_1_283' title='bbox 1022 1477 1133 1507; x_wconf 88' lang='lat' dir='ltr'><strong>parum</strong></span> <span class='ocrx_word' id='word_1_284' title='bbox 1156 1471 1283 1509; x_wconf 85' lang='lat' dir='ltr'><strong>gnaris,</strong></span> <span class='ocrx_word' id='word_1_285' title='bbox 1301 1474 1410 1505; x_wconf 79' lang='lat' dir='ltr'><strong>Timo-</strong></span> 
     </span>
     <span class='ocr_line' id='line_1_29' title="bbox 84 1513 1408 1555; baseline 0.005 -9"><span class='ocrx_word' id='word_1_286' title='bbox 84 1515 194 1546; x_wconf 86' lang='lat' dir='ltr'><strong>theum</strong></span> <span class='ocrx_word' id='word_1_287' title='bbox 219 1513 444 1545; x_wconf 79' lang='lat' dir='ltr'><strong>Atheniensem</strong></span> <span class='ocrx_word' id='word_1_288' title='bbox 470 1524 487 1545; x_wconf 88' lang='lat' dir='ltr'><strong>e</strong></span> <span class='ocrx_word' id='word_1_289' title='bbox 511 1517 606 1553; x_wconf 81' lang='lat' dir='ltr'><strong>gente</strong></span> <span class='ocrx_word' id='word_1_290' title='bbox 630 1515 894 1554; x_wconf 73' lang='lat' dir='ltr'><strong>Eumolpidarum</strong></span> <span class='ocrx_word' id='word_1_291' title='bbox 908 1514 934 1553; x_wconf 77' lang='lat'><strong>³,</strong></span> <span class='ocrx_word' id='word_1_292' title='bbox 953 1523 1050 1555; x_wconf 85' lang='lat' dir='ltr'><strong>quem</strong></span> <span class='ocrx_word' id='word_1_293' title='bbox 1068 1517 1103 1546; x_wconf 89' lang='lat' dir='ltr'><strong>ut</strong></span> <span class='ocrx_word' id='word_1_294' title='bbox 1126 1517 1304 1550; x_wconf 83' lang='lat' dir='ltr'><strong>antistitem</strong></span> <span class='ocrx_word' id='word_1_295' title='bbox 1322 1523 1408 1553; x_wconf 83' lang='lat' dir='ltr'><strong>caeri-</strong></span> 
     </span>
     <span class='ocr_line' id='line_1_30' title="bbox 84 1561 1408 1603; baseline 0.008 -12"><span class='ocrx_word' id='word_1_296' title='bbox 84 1561 263 1591; x_wconf 86' lang='lat' dir='ltr'><strong>moniarum</strong></span> <span class='ocrx_word' id='word_1_297' title='bbox 282 1561 423 1591; x_wconf 89' lang='lat' dir='ltr'><strong>Eleusine</strong></span> <span class='ocrx_word' id='word_1_298' title='bbox 441 1562 625 1599; x_wconf 79' lang='lat' dir='ltr'><strong>exciverat,</strong></span> <span class='ocrx_word' id='word_1_299' title='bbox 646 1570 810 1602; x_wconf 74' lang='lat' dir='ltr'><strong>qua’nant</strong></span> <span class='ocrx_word' id='word_1_300' title='bbox 828 1562 894 1593; x_wconf 74' lang='lat' dir='ltr'><strong>illa</strong></span> <span class='ocrx_word' id='word_1_301' title='bbox 909 1564 1126 1601; x_wconf 63' lang='lat' dir='ltr'><strong>superstitio,</strong></span> <span class='ocrx_word' id='word_1_302' title='bbox 1147 1565 1239 1603; x_wconf 75' lang='lat' dir='ltr'><strong>quod</strong></span> <span class='ocrx_word' id='word_1_303' title='bbox 1255 1574 1379 1600; x_wconf 79' lang='lat' dir='ltr'><strong>numen</strong></span> <span class='ocrx_word' id='word_1_304' title='bbox 1391 1573 1408 1601; x_wconf 74' lang='lat'><strong>,³</strong></span> 
     </span>
     <span class='ocr_line' id='line_1_31' title="bbox 83 1607 1408 1649; baseline 0.006 -11"><span class='ocrx_word' id='word_1_305' title='bbox 83 1608 267 1646; x_wconf 76' lang='lat' dir='ltr'><strong>interrogat.</strong></span> <span class='ocrx_word' id='word_1_306' title='bbox 285 1607 472 1639; x_wconf 86' lang='lat' dir='ltr'><strong>Timotheus</strong></span> <span class='ocrx_word' id='word_1_307' title='bbox 487 1608 630 1647; x_wconf 72' lang='lat' dir='ltr'><strong>quaesitis</strong></span> <span class='ocrx_word' id='word_1_308' title='bbox 644 1609 698 1648; x_wconf 90' lang='lat' dir='ltr'><strong>qui</strong></span> <span class='ocrx_word' id='word_1_309' title='bbox 715 1609 746 1638; x_wconf 90' lang='lat' dir='ltr'><strong>in</strong></span> <span class='ocrx_word' id='word_1_310' title='bbox 762 1610 900 1639; x_wconf 85' lang='lat' dir='ltr'><strong>Pontum</strong></span> <span class='ocrx_word' id='word_1_311' title='bbox 915 1611 1093 1648; x_wconf 77' lang='lat' dir='ltr'><strong>meassent,</strong></span> <span class='ocrx_word' id='word_1_312' title='bbox 1110 1613 1272 1649; x_wconf 81' lang='lat' dir='ltr'><strong>cognoscit</strong></span> <span class='ocrx_word' id='word_1_313' title='bbox 1287 1615 1408 1647; x_wconf 78' lang='lat' dir='ltr'><strong>urbem</strong></span> 
     </span>
     <span class='ocr_line' id='line_1_32' title="bbox 82 1654 1407 1699; baseline 0.005 -15"><span class='ocrx_word' id='word_1_314' title='bbox 82 1654 154 1685; x_wconf 71' lang='lat' dir='ltr'><strong>illie</strong></span> <span class='ocrx_word' id='word_1_315' title='bbox 171 1656 333 1694; x_wconf 77' lang='lat' dir='ltr'><strong>Sinopen,</strong></span> <span class='ocrx_word' id='word_1_316' title='bbox 352 1663 411 1685; x_wconf 83' lang='lat' dir='ltr'><strong>nec</strong></span> <span class='ocrx_word' id='word_1_317' title='bbox 426 1655 548 1694; x_wconf 76' lang='lat' dir='ltr'><strong>procul</strong></span> <span class='ocrx_word' id='word_1_318' title='bbox 567 1656 752 1694; x_wconf 75' lang='lat' dir='ltr'><strong>templum,</strong></span> <span class='ocrx_word' id='word_1_319' title='bbox 780 1658 890 1686; x_wconf 76' lang='lat' dir='ltr'><strong>velere</strong></span> <span class='ocrx_word' id='word_1_320' title='bbox 907 1657 1000 1686; x_wconf 69' lang='lat' dir='ltr'><strong>inter</strong></span> <span class='ocrx_word' id='word_1_321' title='bbox 1017 1657 1153 1698; x_wconf 76' lang='lat' dir='ltr'><strong>accolas</strong></span> <span class='ocrx_word' id='word_1_322' title='bbox 1168 1658 1273 1696; x_wconf 76' lang='lat' dir='ltr'><strong>foma</strong></span> <span class='ocrx_word' id='word_1_323' title='bbox 1287 1685 1296 1699; x_wconf 89' lang='lat'><strong>,</strong></span> <span class='ocrx_word' id='word_1_324' title='bbox 1314 1663 1407 1693; x_wconf 72' lang='lat' dir='ltr'><strong>Jom‘s</strong></span> 
     </span>
     <span class='ocr_line' id='line_1_33' title="bbox 81 1700 1406 1749; baseline 0.005 -17"><span class='ocrx_word' id='word_1_325' title='bbox 81 1700 195 1732; x_wconf 67' lang='lat' dir='ltr'><strong>Ditls⁴</strong></span> <span class='ocrx_word' id='word_1_326' title='bbox 227 1710 237 1729; x_wconf 94' lang='grc'><strong>.·</strong></span> <span class='ocrx_word' id='word_1_327' title='bbox 264 1709 411 1740; x_wconf 77' lang='lat' dir='ltr'><strong>namque</strong></span> <span class='ocrx_word' id='word_1_328' title='bbox 437 1703 469 1732; x_wconf 76' lang='lat' dir='ltr'><strong>et</strong></span> <span class='ocrx_word' id='word_1_329' title='bbox 495 1701 698 1732; x_wconf 76' lang='lat' dir='ltr'><strong>muliebrem</strong></span> <span class='ocrx_word' id='word_1_330' title='bbox 722 1701 871 1742; x_wconf 68' lang='lat' dir='ltr'><strong>efflyiem</strong></span> <span class='ocrx_word' id='word_1_331' title='bbox 897 1703 1079 1742; x_wconf 71' lang='lat' dir='ltr'><strong>assistere,</strong></span> <span class='ocrx_word' id='word_1_332' title='bbox 1113 1712 1218 1744; x_wconf 78' lang='lat' dir='ltr'><strong>quom</strong></span> <span class='ocrx_word' id='word_1_333' title='bbox 1244 1708 1406 1749; x_wconf 71' lang='lat' dir='ltr'><strong>plerique</strong></span> 
     </span>
     <span class='ocr_line' id='line_1_34' title="bbox 81 1747 1403 1792; baseline 0.007 -14"><span class='ocrx_word' id='word_1_334' title='bbox 81 1749 325 1786; x_wconf 76' lang='lat' dir='ltr'><strong>Proserpinam</strong></span> <span class='ocrx_word' id='word_1_335' title='bbox 342 1749 470 1778; x_wconf 67' lang='lat' dir='ltr'><strong>vocent.</strong></span> <span class='ocrx_word' id='word_1_336' title='bbox 493 1747 549 1778; x_wconf 89' lang='lat' dir='ltr'><strong>sed</strong></span> <span class='ocrx_word' id='word_1_337' title='bbox 568 1747 779 1786; x_wconf 80' lang='lat' dir='ltr'><strong>Ptolemaeus,</strong></span> <span class='ocrx_word' id='word_1_338' title='bbox 800 1751 837 1780; x_wconf 85' lang='lat' dir='ltr'><strong>ut</strong></span> <span class='ocrx_word' id='word_1_339' title='bbox 856 1750 932 1779; x_wconf 87' lang='lat' dir='ltr'><strong>sunt</strong></span> <span class='ocrx_word' id='word_1_340' title='bbox 946 1749 1072 1788; x_wconf 85' lang='lat' dir='ltr'><strong>ingenia</strong></span> <span class='ocrx_word' id='word_1_341' title='bbox 1088 1760 1210 1790; x_wconf 84' lang='lat' dir='ltr'><strong>regum,</strong></span> <span class='ocrx_word' id='word_1_342' title='bbox 1226 1762 1346 1792; x_wconf 87' lang='lat' dir='ltr'><strong>pronus</strong></span> <span class='ocrx_word' id='word_1_343' title='bbox 1364 1756 1403 1787; x_wconf 84' lang='lat' dir='ltr'><strong>ad</strong></span> 
     </span>
     <span class='ocr_line' id='line_1_35' title="bbox 82 1793 1402 1841; baseline 0.008 -17"><span class='ocrx_word' id='word_1_344' title='bbox 82 1793 304 1828; x_wconf 84' lang='lat' dir='ltr'><strong>formidinem,</strong></span> <span class='ocrx_word' id='word_1_345' title='bbox 326 1793 379 1823; x_wconf 88' lang='lat' dir='ltr'><strong>ubi</strong></span> <span class='ocrx_word' id='word_1_346' title='bbox 397 1794 550 1824; x_wconf 85' lang='lat' dir='ltr'><strong>securitas</strong></span> <span class='ocrx_word' id='word_1_347' title='bbox 568 1793 681 1833; x_wconf 80' lang='lat' dir='ltr'><strong>rediit,</strong></span> <span class='ocrx_word' id='word_1_348' title='bbox 699 1795 902 1834; x_wconf 84' lang='lat' dir='ltr'><strong>voluptatum</strong></span> <span class='ocrx_word' id='word_1_349' title='bbox 918 1805 1014 1835; x_wconf 86' lang='lat' dir='ltr'><strong>quam</strong></span> <span class='ocrx_word' id='word_1_350' title='bbox 1033 1797 1221 1836; x_wconf 76' lang='lat' dir='ltr'><strong>religionum</strong></span> <span class='ocrx_word' id='word_1_351' title='bbox 1236 1804 1402 1841; x_wconf 80' lang='lat' dir='ltr'><strong>appetens,</strong></span> 
     </span>
     <span class='ocr_line' id='line_1_36' title="bbox 81 1839 1403 1889; baseline 0.006 -17"><span class='ocrx_word' id='word_1_352' title='bbox 81 1841 236 1879; x_wconf 73' lang='lat' dir='ltr'><strong>negligere</strong></span> <span class='ocrx_word' id='word_1_353' title='bbox 253 1839 404 1879; x_wconf 84' lang='lat' dir='ltr'><strong>paulatim</strong></span> <span class='ocrx_word' id='word_1_354' title='bbox 422 1840 564 1879; x_wconf 82' lang='lat' dir='ltr'><strong>aliasque</strong></span> <span class='ocrx_word' id='word_1_355' title='bbox 580 1841 620 1870; x_wconf 84' lang='lat' dir='ltr'><strong>ad</strong></span> <span class='ocrx_word' id='word_1_356' title='bbox 640 1849 733 1871; x_wconf 85' lang='lat' dir='ltr'><strong>curas</strong></span> <span class='ocrx_word' id='word_1_357' title='bbox 749 1841 894 1871; x_wconf 85' lang='lat' dir='ltr'><strong>animum</strong></span> <span class='ocrx_word' id='word_1_358' title='bbox 916 1845 1059 1879; x_wconf 86' lang='lat' dir='ltr'><strong>vertere,</strong></span> <span class='ocrx_word' id='word_1_359' title='bbox 1076 1843 1180 1875; x_wconf 89' lang='lat' dir='ltr'><strong>donec</strong></span> <span class='ocrx_word' id='word_1_360' title='bbox 1202 1847 1312 1878; x_wconf 86' lang='lat' dir='ltr'><strong>eadem</strong></span> <span class='ocrx_word' id='word_1_361' title='bbox 1331 1857 1403 1889; x_wconf 87' lang='lat' dir='ltr'><strong>spe-</strong></span> 
     </span>
     <span class='ocr_line' id='line_1_37' title="bbox 79 1886 1400 1933; baseline 0.005 -15"><span class='ocrx_word' id='word_1_362' title='bbox 79 1887 144 1918; x_wconf 84' lang='lat' dir='ltr'><strong>cies</strong></span> <span class='ocrx_word' id='word_1_363' title='bbox 160 1886 336 1918; x_wconf 83' lang='lat' dir='ltr'><strong>terribilior</strong></span> <span class='ocrx_word' id='word_1_364' title='bbox 349 1887 415 1924; x_wconf 82' lang='lat' dir='ltr'><strong>jam</strong></span> <span class='ocrx_word' id='word_1_365' title='bbox 440 1888 473 1917; x_wconf 87' lang='lat' dir='ltr'><strong>et</strong></span> <span class='ocrx_word' id='word_1_366' title='bbox 498 1887 671 1918; x_wconf 83' lang='lat' dir='ltr'><strong>instantior</strong></span> <span class='ocrx_word' id='word_1_367' title='bbox 693 1889 837 1918; x_wconf 63' lang='lat' dir='ltr'><strong>exitium</strong></span> <span class='ocrx_word' id='word_1_368' title='bbox 859 1889 924 1927; x_wconf 69' lang='lat' dir='ltr'><strong>ipsi</strong></span> <span class='ocrx_word' id='word_1_369' title='bbox 940 1896 1108 1928; x_wconf 75' lang='lat' dir='ltr'><strong>reqnoque</strong></span> <span class='ocrx_word' id='word_1_370' title='bbox 1123 1890 1345 1933; x_wconf 81' lang='lat' dir='ltr'><strong>denuntiaret,</strong></span> <span class='ocrx_word' id='word_1_371' title='bbox 1365 1899 1400 1928; x_wconf 71' lang='lat' dir='ltr'><strong>m·</strong></span> 
     </span>
     <span class='ocr_line' id='line_1_38' title="bbox 72 1933 1400 1978; baseline 0.005 -14"><span class='ocrx_word' id='word_1_372' title='bbox 72 1935 175 1975; x_wconf 79' lang='lat' dir='ltr'><strong>jussa</strong></span> <span class='ocrx_word' id='word_1_373' title='bbox 188 1935 433 1972; x_wconf 61' lang='lat' dir='ltr'><strong>patrarentur.</strong></span> <span class='ocrx_word' id='word_1_374' title='bbox 452 1934 520 1964; x_wconf 87' lang='lat' dir='ltr'><strong>tum</strong></span> <span class='ocrx_word' id='word_1_375' title='bbox 544 1933 663 1972; x_wconf 82' lang='lat' dir='ltr'><strong>legatos</strong></span> <span class='ocrx_word' id='word_1_376' title='bbox 682 1935 715 1964; x_wconf 81' lang='lat' dir='ltr'><strong>et</strong></span> <span class='ocrx_word' id='word_1_377' title='bbox 731 1934 815 1964; x_wconf 79' lang='lat' dir='ltr'><strong>dona</strong></span> <span class='ocrx_word' id='word_1_378' title='bbox 830 1934 1088 1973; x_wconf 83' lang='lat' dir='ltr'><strong>Scydrothemidi</strong></span> <span class='ocrx_word' id='word_1_379' title='bbox 1111 1937 1175 1976; x_wconf 83' lang='lat' dir='ltr'><strong>regi</strong></span> <span class='ocrx_word' id='word_1_380' title='bbox 1193 1938 1242 1978; x_wconf 86' lang='lat' dir='ltr'><strong>(is</strong></span> <span class='ocrx_word' id='word_1_381' title='bbox 1259 1943 1333 1971; x_wconf 81' lang='lat' dir='ltr'><strong>tune</strong></span> <span class='ocrx_word' id='word_1_382' title='bbox 1353 1944 1400 1974; x_wconf 87' lang='lat' dir='ltr'><strong>si-</strong></span> 
     </span>
     <span class='ocr_line' id='line_1_39' title="bbox 78 1979 1401 2029; baseline 0.002 -20"><span class='ocrx_word' id='word_1_383' title='bbox 78 1979 273 2019; x_wconf 88' lang='lat' dir='ltr'><strong>nopensibus</strong></span> <span class='ocrx_word' id='word_1_384' title='bbox 291 1979 513 2018; x_wconf 78' lang='lat' dir='ltr'><strong>imperitabat)</strong></span> <span class='ocrx_word' id='word_1_385' title='bbox 532 1980 677 2020; x_wconf 84' lang='lat' dir='ltr'><strong>expediri</strong></span> <span class='ocrx_word' id='word_1_386' title='bbox 691 1980 804 2020; x_wconf 83' lang='lat' dir='ltr'><strong>jubet,</strong></span> <span class='ocrx_word' id='word_1_387' title='bbox 823 1982 1040 2021; x_wconf 85' lang='lat' dir='ltr'><strong>praecepitque</strong></span> <span class='ocrx_word' id='word_1_388' title='bbox 1059 1983 1256 2023; x_wconf 80' lang='lat' dir='ltr'><strong>navigaturis</strong></span> <span class='ocrx_word' id='word_1_389' title='bbox 1271 1990 1311 2018; x_wconf 76' lang='lat' dir='ltr'><strong>ut</strong></span> <span class='ocrx_word' id='word_1_390' title='bbox 1334 1991 1401 2029; x_wconf 61' lang='lat' dir='ltr'><strong>Py-</strong></span> 
     </span>
     <span class='ocr_line' id='line_1_40' title="bbox 78 2026 1398 2067; baseline 0.006 -8"><span class='ocrx_word' id='word_1_391' title='bbox 78 2026 232 2059; x_wconf 71' lang='lat' dir='ltr'><strong>tmcnm⁵</strong></span> <span class='ocrx_word' id='word_1_392' title='bbox 260 2027 452 2066; x_wconf 77' lang='lat' dir='ltr'><strong>Apollinem</strong></span> <span class='ocrx_word' id='word_1_393' title='bbox 479 2026 620 2058; x_wconf 78' lang='lat' dir='ltr'><strong>adeant.</strong></span> <span class='ocrx_word' id='word_1_394' title='bbox 649 2026 710 2057; x_wconf 90' lang='lat' dir='ltr'><strong>illis</strong></span> <span class='ocrx_word' id='word_1_395' title='bbox 737 2036 822 2058; x_wconf 86' lang='lat' dir='ltr'><strong>mare</strong></span> <span class='ocrx_word' id='word_1_396' title='bbox 850 2028 1046 2067; x_wconf 88' lang='lat' dir='ltr'><strong>secundum,</strong></span> <span class='ocrx_word' id='word_1_397' title='bbox 1071 2038 1141 2061; x_wconf 84' lang='lat' dir='ltr'><strong>sors</strong></span> <span class='ocrx_word' id='word_1_398' title='bbox 1167 2033 1288 2064; x_wconf 84' lang='lat' dir='ltr'><strong>oraculi</strong></span> <span class='ocrx_word' id='word_1_399' title='bbox 1316 2035 1398 2067; x_wconf 89' lang='lat' dir='ltr'><strong>haud</strong></span> 
     </span>
     <span class='ocr_line' id='line_1_41' title="bbox 76 2073 1398 2116; baseline 0.008 -12"><span class='ocrx_word' id='word_1_400' title='bbox 76 2073 225 2111; x_wconf 77' lang='lat' dir='ltr'><strong>ambigua</strong></span> <span class='ocrx_word' id='word_1_401' title='bbox 245 2081 253 2102; x_wconf 74' lang='grc' dir='ltr'>ε</span> <span class='ocrx_word' id='word_1_402' title='bbox 272 2075 362 2104; x_wconf 73' lang='lat' dir='ltr'><strong>trent</strong></span> <span class='ocrx_word' id='word_1_403' title='bbox 380 2074 678 2115; x_wconf 77' lang='lat' dir='ltr'><strong>sinzulaerzmzque</strong></span> <span class='ocrx_word' id='word_1_404' title='bbox 689 2076 808 2114; x_wconf 72' lang='lat' dir='ltr'><strong>patris</strong></span> <span class='ocrx_word' id='word_1_405' title='bbox 825 2076 879 2106; x_wconf 81' lang='lat' dir='ltr'><strong>sui</strong></span> <span class='ocrx_word' id='word_1_406' title='bbox 903 2074 1119 2116; x_wconf 77' lang='lat' dir='ltr'><strong>reveherent,</strong></span> <span class='ocrx_word' id='word_1_407' title='bbox 1142 2082 1270 2111; x_wconf 75' lang='lat' dir='ltr'><strong>sororis</strong></span> <span class='ocrx_word' id='word_1_408' title='bbox 1292 2083 1398 2114; x_wconf 68' lang='lat' dir='ltr'><strong>relin-</strong></span> 
     </span>
     <span class='ocr_line' id='line_1_42' title="bbox 77 2121 232 2159; baseline 0 -9"><span class='ocrx_word' id='word_1_409' title='bbox 77 2121 232 2159; x_wconf 69' lang='lat' dir='ltr'><strong>quet-ent.</strong></span> 
     </span>
    </p>
   </div>
   <div class='ocr_carea' id='block_1_3' title="bbox 76 2213 1397 2423">
    <p class='ocr_par' dir='ltr' id='par_1_5' title="bbox 76 2213 1397 2423">
     <span class='ocr_line' id='line_1_43' title="bbox 76 2213 1397 2252; baseline 0.01 -17"><span class='ocrx_word' id='word_1_410' title='bbox 76 2213 126 2236; x_wconf 84' lang='lat' dir='ltr'><strong>Per</strong></span> <span class='ocrx_word' id='word_1_411' title='bbox 139 2218 183 2236; x_wconf 86' lang='lat' dir='ltr'><strong>eos</strong></span> <span class='ocrx_word' id='word_1_412' title='bbox 198 2213 253 2236; x_wconf 83' lang='lat' dir='ltr'><strong>dies</strong></span> <span class='ocrx_word' id='word_1_413' title='bbox 269 2214 356 2237; x_wconf 82' lang='lat' dir='ltr'><strong>omnis</strong></span> <span class='ocrx_word' id='word_1_414' title='bbox 367 2215 503 2244; x_wconf 79' lang='lat' dir='ltr'><strong>navigatio</strong></span> <span class='ocrx_word' id='word_1_415' title='bbox 518 2216 576 2239; x_wconf 84' lang='lat' dir='ltr'><strong>tuta</strong></span> <span class='ocrx_word' id='word_1_416' title='bbox 592 2217 618 2239; x_wconf 86' lang='lat' dir='ltr'><strong>et</strong></span> <span class='ocrx_word' id='word_1_417' title='bbox 632 2215 744 2246; x_wconf 84' lang='lat' dir='ltr'><strong>periculi</strong></span> <span class='ocrx_word' id='word_1_418' title='bbox 757 2221 853 2245; x_wconf 81' lang='lat' dir='ltr'><strong>expers</strong></span> <span class='ocrx_word' id='word_1_419' title='bbox 866 2215 1024 2242; x_wconf 82' lang='lat' dir='ltr'><strong>habebatur.</strong></span> <span class='ocrx_word' id='word_1_420' title='bbox 1037 2224 1093 2243; x_wconf 75' lang='lat'><em>——2.</em></span> <span class='ocrx_word' id='word_1_421' title='bbox 1108 2219 1235 2244; x_wconf 79' lang='lat' dir='ltr'><strong>Pravum</strong></span> <span class='ocrx_word' id='word_1_422' title='bbox 1252 2225 1397 2252; x_wconf 82' lang='lat' dir='ltr'><strong>opponitur</strong></span> 
     </span>
     <span class='ocr_line' id='line_1_44' title="bbox 77 2248 593 2279; baseline 0.01 -9"><span class='ocrx_word' id='word_1_423' title='bbox 77 2248 153 2271; x_wconf 74' lang='lat' dir='ltr'><strong>recto</strong></span> <span class='ocrx_word' id='word_1_424' title='bbox 170 2249 197 2271; x_wconf 87' lang='lat' dir='ltr'><strong>et</strong></span> <span class='ocrx_word' id='word_1_425' title='bbox 209 2250 257 2276; x_wconf 84' lang='lat' dir='ltr'><strong>est,</strong></span> <span class='ocrx_word' id='word_1_426' title='bbox 273 2251 429 2279; x_wconf 78' lang='lat' dir='ltr'><strong>curvatum,</strong></span> <span class='ocrx_word' id='word_1_427' title='bbox 446 2252 593 2275; x_wconf 82' lang='lat' dir='ltr'><strong>detortum.</strong></span> 
     </span>
     <span class='ocr_line' id='line_1_45' title="bbox 107 2282 1306 2324; baseline 0.011 -19"><span class='ocrx_word' id='word_1_428' title='bbox 107 2282 233 2307; x_wconf 76' lang='lat' dir='ltr'><strong>Lxxxu.</strong></span> <span class='ocrx_word' id='word_1_429' title='bbox 251 2288 269 2305; x_wconf 89' lang='grc' dir='ltr'><strong>ι.</strong></span> <span class='ocrx_word' id='word_1_430' title='bbox 282 2285 411 2307; x_wconf 82' lang='lat' dir='ltr'><strong>Suetonio</strong></span> <span class='ocrx_word' id='word_1_431' title='bbox 425 2290 446 2308; x_wconf 20' lang='grc' dir='ltr'><strong>οι</strong></span> <span class='ocrx_word' id='word_1_432' title='bbox 460 2291 473 2309; x_wconf 84' lang='lat'>7</span> <span class='ocrx_word' id='word_1_433' title='bbox 488 2286 607 2310; x_wconf 69' lang='lat' dir='ltr'><strong>libertus</strong></span> <span class='ocrx_word' id='word_1_434' title='bbox 621 2286 694 2313; x_wconf 83' lang='lat' dir='ltr'><strong>(fort.</strong></span> <span class='ocrx_word' id='word_1_435' title='bbox 710 2286 890 2313; x_wconf 49' lang='lat' dir='ltr'><strong>&amp;marist—2.</strong></span> <span class='ocrx_word' id='word_1_436' title='bbox 905 2288 979 2317; x_wconf 85' lang='lat' dir='ltr'><strong>Quod</strong></span> <span class='ocrx_word' id='word_1_437' title='bbox 991 2290 1032 2312; x_wconf 85' lang='lat' dir='ltr'><strong>est</strong></span> <span class='ocrx_word' id='word_1_438' title='bbox 1045 2295 1060 2312; x_wconf 84' lang='lat' dir='ltr'><strong>a</strong></span> <span class='ocrx_word' id='word_1_439' title='bbox 1075 2285 1228 2324; x_wconf 73' lang='grc' dir='ltr'>βασιλεύς,</span> <span class='ocrx_word' id='word_1_440' title='bbox 1245 2298 1306 2317; x_wconf 66' lang='lat' dir='ltr'><strong>rer.</strong></span> 
     </span>
     <span class='ocr_line' id='line_1_46' title="bbox 106 2316 1395 2357; baseline 0.01 -17"><span class='ocrx_word' id='word_1_441' title='bbox 106 2316 247 2341; x_wconf 71' lang='lat' dir='ltr'><strong>Lxxxm.</strong></span> <span class='ocrx_word' id='word_1_442' title='bbox 260 2323 281 2341; x_wconf 69' lang='grc' dir='ltr'><strong>ι.</strong></span> <span class='ocrx_word' id='word_1_443' title='bbox 299 2320 456 2343; x_wconf 74' lang='lat' dir='ltr'><strong>l‘tolcuiaeus</strong></span> <span class='ocrx_word' id='word_1_444' title='bbox 470 2322 542 2350; x_wconf 82' lang='lat' dir='ltr'><strong>Lagi,</strong></span> <span class='ocrx_word' id='word_1_445' title='bbox 560 2322 723 2350; x_wconf 80' lang='lat' dir='ltr'><strong>cognomine</strong></span> <span class='ocrx_word' id='word_1_446' title='bbox 739 2323 867 2345; x_wconf 85' lang='lat' dir='ltr'><strong>Sotc1·.—-</strong></span> <span class='ocrx_word' id='word_1_447' title='bbox 878 2328 900 2345; x_wconf 71' lang='lat'><strong>¹2.</strong></span> <span class='ocrx_word' id='word_1_448' title='bbox 916 2325 956 2347; x_wconf 76' lang='lat' dir='ltr'><strong>sc.</strong></span> <span class='ocrx_word' id='word_1_449' title='bbox 971 2330 1007 2351; x_wconf 74' lang='lat' dir='ltr'><strong>se,</strong></span> <span class='ocrx_word' id='word_1_450' title='bbox 1027 2325 1083 2348; x_wconf 77' lang='lat' dir='ltr'><strong>sive</strong></span> <span class='ocrx_word' id='word_1_451' title='bbox 1097 2327 1187 2352; x_wconf 77' lang='lat' dir='ltr'><strong>potius</strong></span> <span class='ocrx_word' id='word_1_452' title='bbox 1201 2327 1355 2357; x_wconf 78' lang='lat' dir='ltr'><strong>imaginem.</strong></span> <span class='ocrx_word' id='word_1_453' title='bbox 1368 2343 1395 2349; x_wconf 89' lang='lat'>-</span> 
     </span>
     <span class='ocr_line' id='line_1_47' title="bbox 76 2353 1392 2390; baseline 0.011 -16"><span class='ocrx_word' id='word_1_454' title='bbox 76 2357 96 2389; x_wconf 75' lang='lat'><strong>⁵5</strong></span> <span class='ocrx_word' id='word_1_455' title='bbox 111 2353 180 2374; x_wconf 76' lang='lat' dir='ltr'><strong>(iens</strong></span> <span class='ocrx_word' id='word_1_456' title='bbox 193 2353 368 2377; x_wconf 73' lang='lat' dir='ltr'><strong>sacerdotatis</strong></span> <span class='ocrx_word' id='word_1_457' title='bbox 385 2355 456 2384; x_wconf 85' lang='lat' dir='ltr'><strong>apud</strong></span> <span class='ocrx_word' id='word_1_458' title='bbox 472 2358 487 2379; x_wconf 75' lang='grc' dir='ltr'>Α</span> <span class='ocrx_word' id='word_1_459' title='bbox 495 2357 646 2380; x_wconf 66' lang='lat' dir='ltr'><strong>montenses</strong></span> <span class='ocrx_word' id='word_1_460' title='bbox 659 2375 664 2384; x_wconf 74' lang='grc'>,</span> <span class='ocrx_word' id='word_1_461' title='bbox 679 2357 706 2380; x_wconf 88' lang='lat' dir='ltr'><strong>in</strong></span> <span class='ocrx_word' id='word_1_462' title='bbox 724 2363 775 2386; x_wconf 70' lang='lat' dir='ltr'><strong>qun</strong></span> <span class='ocrx_word' id='word_1_463' title='bbox 790 2358 823 2381; x_wconf 77' lang='lat' dir='ltr'><strong>ab</strong></span> <span class='ocrx_word' id='word_1_464' title='bbox 839 2359 967 2388; x_wconf 77' lang='lat' dir='ltr'><strong>Eumolpo</strong></span> <span class='ocrx_word' id='word_1_465' title='bbox 981 2359 1174 2385; x_wconf 73' lang='lat' dir='ltr'><strong>hereditarium</strong></span> <span class='ocrx_word' id='word_1_466' title='bbox 1188 2364 1247 2386; x_wconf 84' lang='lat' dir='ltr'><strong>erat</strong></span> <span class='ocrx_word' id='word_1_467' title='bbox 1263 2367 1392 2390; x_wconf 84' lang='lat' dir='ltr'><strong>sacerdo-</strong></span> 
     </span>
     <span class='ocr_line' id='line_1_48' title="bbox 76 2387 949 2423; baseline 0.011 -15"><span class='ocrx_word' id='word_1_468' title='bbox 76 2387 142 2409; x_wconf 81' lang='lat' dir='ltr'><strong>tium</strong></span> <span class='ocrx_word' id='word_1_469' title='bbox 155 2387 255 2411; x_wconf 74' lang='lat' dir='ltr'><strong>Cereris</strong></span> <span class='ocrx_word' id='word_1_470' title='bbox 270 2389 416 2413; x_wconf 80' lang='lat' dir='ltr'><strong>Eleusiniae.</strong></span> <span class='ocrx_word' id='word_1_471' title='bbox 428 2396 484 2415; x_wconf 72' lang='lat'><strong>-⁴.</strong></span> <span class='ocrx_word' id='word_1_472' title='bbox 499 2392 558 2415; x_wconf 86' lang='lat' dir='ltr'><strong>Sive</strong></span> <span class='ocrx_word' id='word_1_473' title='bbox 576 2392 762 2416; x_wconf 55' lang='lat' dir='ltr'><strong>Plutonis-s.</strong></span> <span class='ocrx_word' id='word_1_474' title='bbox 781 2393 949 2423; x_wconf 69' lang='lat' dir='ltr'><strong>Delphicum.</strong></span> 
     </span>
    </p>
   </div>
  </div>
 </body>
</html>
