1539 2668
109 150 168 180 196
480 152 613 182 TACITI
635 152 844 181 ANNALIUM
867 154 939 182 LIB.
963 155 1047 184 xm.

147 229 268 257 XXXII.
293 229 425 258 Factum
441 229 474 260 et
489 228 805 260 senatusconsultum
824 229 958 260 'ultioni
977 229 1073 269 juxta
1097 230 1130 261 et
1143 229 1327 270 securitati,
1351 233 1391 262 ut
1402 232 1432 262 si

103 274 182 313 quis
197 281 219 304 a
235 275 307 304 suis
321 276 429 306 servis
443 275 649 314 interfectus
665 277 769 315 esset,
787 277 812 306 ii
835 285 984 317 quoque,
1010 278 1069 317 qui
1095 278 1299 308 testamento
1311 285 1432 310 manu-

104 321 201 351 missi
214 320 278 351 sub
298 321 414 353 eodem
432 324 518 354 tecto
534 324 762 362 mansissent,
783 324 875 355 inter
897 332 1011 355 servos
1037 325 1211 364 supplicia
1225 323 1429 364 penderent.

101 366 259 398 Redditur
283 368 387 399 ordini
406 369 520 400 Lurius
545 370 660 400 Varius
683 370 872 408 consularis,
900 370 1045 401 avaritiae
1061 371 1250 402 criminibus
1265 370 1343 402 olim
1362 379 1431 411 per-

101 414 220 445 culsus.
241 417 277 445 Et
291 416 468 456 Pomponia
489 416 654 455 Graecina,
668 416 801 457 insignis
824 417 960 457 semina,
976 417 1124 456 Plautio,
1142 417 1197 458 qui
1211 426 1311 449 ovans
1333 426 1368 449 se
1389 416 1431 449 de

99 460 273 492 Britanniis
290 463 412 493 rettulit
428 462 454 502 2,
470 465 571 503 nupta
585 466 887 504 acsssuperstitioms
903 464 1077 496 eoeternoe³
1097 473 1167 504 rea,
1186 465 1292 496 mariti
1305 463 1430 503 judicio

98 509 266 547 permissa.
283 509 375 548 isque
394 510 498 549 prisco
515 510 663 542 instituto
689 512 876 551 propinquis
892 520 999 542 coram
1018 512 1056 543 de
1069 512 1175 552 capite
1191 511 1340 551 famaque
1356 519 1431 543 con·

95 553 179 594 ,iugis
202 556 365 594 cognovit,
383 558 415 587 et
432 556 594 588 insontem
621 558 784 590 nuntiavit
804 559 827 590 ⁴.
860 559 952 598 longa
976 559 1053 590 hinc
1081 559 1267 598 Pomponiae
1291 560 1370 590 aetas
1396 559 1430 592 et

97 601 249 632 contiuua
268 603 400 634 tristitia
418 603 480 634 suit
497 613 504 634 z
524 613 599 635 nam
622 607 695 645 post
720 606 840 637 Juliam
852 630 860 645 ,
890 605 984 636 Drusi
1004 605 1101 636 liliam
1119 606 1145 645 ⁵,
1162 606 1235 636 dolo
1249 605 1428 637 Messalinae

95 646 296 679 interfectam
315 659 371 690 per
389 651 602 690 quadraginta
618 660 718 683 annos
735 662 799 684 non
814 653 900 683 cultu
919 652 981 682 nisi
999 652 1144 692 lugubri,
1159 661 1223 683 non
1240 652 1349 683 animo
1365 653 1426 685 nisi

94 698 211 728 moesto
244 698 318 736 egit.
351 698 447 737 idque
477 699 523 730 illi
554 699 758 740 imperitante
784 700 917 732 Claudio
946 700 1096 740 impune,
1125 709 1202 731 mox
1230 701 1268 731 ad
1293 700 1425 740 gloriam

94 743 202 774 vertit.

137 794 274 821 ΧΧΧΙΙΙ.
302 791 388 823 idem
404 801 506 824 annus
524 794 630 833 plnres
641 802 711 825 reos
728 793 850 825 habuit.
869 803 1007 834 qnorum
1024 798 1057 825 P.
1075 794 1216 825 Celerem
1229 817 1237 832 ,
1255 794 1426 826 accusante

92 837 167 868 Asia
181 861 188 875 ,
207 839 283 878 qnia
299 839 463 871 absolvere
477 841 632 881 nequibat
648 845 765 879 Caesar,
782 842 878 872 traxit
898 842 922 881 ¹,
941 844 1068 873 senecta
1086 841 1189 872 donee
1206 843 1343 872 mortem
1358 841 1424 872 obi·

93 887 152 915 ret.
170 894 243 915 nam
259 887 360 925 Celer,
376 887 556 927 interfecto,
576 890 611 919 ut
625 889 802 919 memoravi
816 888 841 927 ²,
856 889 960 920 Silano
975 889 1167 929 proconsule
1180 912 1188 927 ,
1205 887 1424 927 magnitudine

91 932 219 963 sceleris
236 934 341 964 cetera
360 934 476 973 flagitia
493 934 673 974 obtegebat.
704 935 930 966 Cossutianum
949 936 1138 975 Capitonem
1161 935 1275 966 Cilices
1302 934 1423 966 detule-

91 979 164 1010 rant
181 980 624 1022 ¹»lacertosumferdiamque,
639 989 672 1013 et
686 981 774 1013 idem
782 983 843 1021 jus
858 982 1017 1013 audacioe
1030 985 1067 1013 in
1081 980 1278 1022 provincia³
1289 983 1420 1020 ratum,

91 1025 183 1066 quod
209 1028 241 1057 in
266 1027 353 1057 Urbe
376 1030 580 1059 exercuerat
599 1040 608 1059 :
632 1028 687 1059 scd
714 1029 871 1068 pervicaci
899 1029 1103 1060 accusatione
1125 1028 1347 1067 c01illictatuS‚
1368 1037 1421 1068 po-

90 1074 210 1104 stremo
228 1073 449 1104 defensionem
464 1074 573 1106 omisit
587 1084 624 1105 ac
640 1075 707 1114 lege
723 1075 973 1114 repetundarum
988 1075 1158 1107 damnatus
1174 1077 1233 1106 est.
1252 1076 1315 1105 Pro
1329 1074 1421 1114 Eprio

90 1120 260 1158 Marcello,
286 1130 304 1151 a
327 1130 392 1160 quo
413 1121 497 1160 Lycii
517 1130 565 1152 res
592 1121 801 1161 repetebant,
824 1131 861 1152 eo
890 1131 992 1162 usque
1009 1122 1150 1153 ambitus
1176 1122 1367 1162 praevaluit,
1384 1123 1420 1153 ut

89 1165 221 1204 quidam
240 1169 466 1198 ‹nu-usatorum
482 1168 552 1206 ejus
565 1168 678 1198 exsilio
697 1168 925 1209 multarentur,
946 1171 1126 1210 tamquam
1148 1170 1275 1201 insonti
1284 1170 1420 1209 pericu-

90 1212 164 1244 lum
174 1213 324 1251 fecissen
331 1216 355 1245 t.

131 1264 264 1290 xxxiv.
290 1265 415 1292 Nerone
432 1261 564 1292 tertium
578 1262 709 1293 consule
726 1261 823 1292 simul
843 1261 914 1292 iniit
927 1262 1148 1294 consulatum*
1170 1262 1316 1294 Valerius
1338 1266 1419 1296 Mes-

88 1307 155 1338 sala
167 1331 175 1345 ‚
194 1308 287 1347 cujus
305 1317 481 1347 proavum,
496 1312 658 1339 oratorem
670 1308 858 1348 Corvinum,
876 1309 951 1340 divo
969 1310 1132 1349 Augusto,
1151 1309 1254 1340 abavo
1271 1309 1419 1349 Neronis,

90 1354 246 1394 collegam
265 1356 296 1385 in
313 1365 350 1386 eo
366 1356 556 1395 magistratu
575 1356 673 1387 fuisse
686 1355 696 1373 ²
716 1357 809 1396 pauci
825 1357 891 1396 jam
908 1365 1022 1388 senum
1041 1357 1264 1388 meminerant.
1291 1357 1346 1388 sed
1360 1366 1419 1389 no-

88 1400 143 1432 bili
159 1401 290 1432 familiae
304 1402 401 1433 honor
416 1404 531 1434 anctus
547 1404 594 1434 est
608 1403 724 1435 oblatis
737 1403 769 1433 in
783 1403 925 1442 singulos
938 1412 1039 1434 annos
1052 1403 1221 1443 quingenis
1229 1403 1418 1443 sestertiis³‚

88 1448 208 1487 quibus
226 1449 361 1479 Messala
379 1451 602 1489 paupertatem
620 1449 783 1481 innoxiam
799 1451 1004 1482 sustentaret.
1031 1450 1156 1481 Aurelio
1172 1459 1301 1490 quoque
1316 1451 1419 1483 Cottae

86 1494 120 1523 et
146 1496 282 1526 Haterio
308 1496 449 1527 Antonio
465 1496 475 1514 ⁴
506 1505 645 1527 annuam
663 1496 830 1537 pecuniam
859 1497 973 1529 statuit
1000 1497 1170 1537 Princeps,
1197 1497 1346 1536 quamvis
1362 1506 1418 1537 per

86 1541 202 1573 luxum
216 1543 319 1573 avitas
336 1552 413 1583 opes
430 1543 658 1584 dissipassent.
679 1544 751 1583 Ejus
765 1544 839 1574 anni
856 1544 1016 1584 principio
1031 1543 1181 1575 mollibus
1198 1543 1303 1574 adhuc
1319 1543 1418 1576 initiis

88 1590 282 1630 prolatatum
315 1590 399 1621 inter
416 1592 550 1622 Parthos
575 1595 802 1630 Romanosque
827 1591 866 1621 de
888 1590 1064 1622 obtinenda
1087 1591 1238 1622 Armenia
1265 1590 1384 1622 bellum
1404 1591 1414 1609 ⁵

88 1637 204 1668 acriter
231 1636 386 1676 sumitur,
406 1638 479 1677 quia
498 1646 558 1669 nec
579 1638 748 1677 Vologeses
778 1637 903 1668 sinebat
925 1637 1053 1668 fratrem
1075 1637 1238 1669 Tiridaten
1265 1637 1332 1668 dati
1349 1645 1367 1668 a
1383 1646 1416 1669 se

86 1683 176 1723 regni
190 1686 353 1723 expertem
371 1692 442 1714 esse
454 1708 462 1723 ,
483 1686 538 1715 aut
554 1684 667 1715 alienae.
688 1684 719 1715 id
738 1684 891 1724 potentiae
913 1683 1033 1715 donum
1058 1683 1175 1715 habere
1187 1684 1215 1723 ⁶,
1231 1686 1263 1714 et
1276 1683 1415 1716 Corbulo

86 1730 219 1770 dignum
238 1730 459 1769 magnitudine
484 1731 593 1770 populi
610 1730 745 1762 Romani
772 1730 902 1762 rebatur
921 1733 1013 1771 parta
1035 1730 1111 1762 olim
1129 1739 1147 1761 a
1172 1730 1305 1762 Lucullo
1318 1734 1413 1763 Porn-

85 1777 222 1817 peioque
238 1777 389 1816 recipere.
419 1777 459 1808 ad
477 1778 545 1808 haec
561 1778 703 1809 Armenii
718 1777 867 1818 ambigua
883 1777 945 1809 fide
959 1780 1094 1818 utraque
1109 1786 1198 1809 arma
1212 1777 1413 1820 invitabant,

85 1824 150 1855 situ
168 1826 324 1855 terrarum
339 1849 347 1864 ‚
374 1825 586 1856 similitudine
611 1834 738 1856 morum
761 1825 885 1856 Parthis
909 1825 1075 1866 propiores
1095 1824 1328 1865 connubiisque
1343 1834 1413 1866 per·

84 1871 178 1902 mixti
193 1895 202 1910 ,
220 1880 257 1901 ac
270 1895 278 1910 ,
298 1871 443 1902 libertate
458 1872 587 1911 ignota,
606 1871 682 1902 illuc
697 1871 706 1889 7
725 1872 826 1911 magis
843 1871 881 1902 ad
900 1872 1067 1903 servitium
1083 1872 1286 1904 inclinantes.

127 1921 246 1949 XXXV.
271 1917 329 1949 Sed
360 1917 534 1949 Corbuloni
562 1918 634 1958 plus
664 1918 759 1950 molis
784 1918 936 1950 adversus
965 1919 1125 1958 ignaviam
1151 1918 1291 1950 militum
1314 1927 1412 1959 quam

82 1967 196 1995 contra
220 1964 389 2004 perfidiam
415 1965 558 1996 hostium
586 1966 664 1997 erat.
688 1966 808 2006 quippe
824 1966 914 2006 Syria
936 1967 1125 1998 transmotae
1151 1966 1311 2007 legiones,
1335 1974 1412 2006 pace

115 2075 227 2100 XXXII.
248 2079 268 2098 i.
283 2075 345 2098 Sive
358 2075 449 2104 potius
462 2076 573 2099 auctum
585 2074 848 2100 senatusconsultum
861 2075 1024 2099 Silanianum
1041 2081 1064 2099 a.
1075 2076 1104 2100 U.
1116 2080 1159 2099 ⁷65
1172 2075 1283 2099 editum.
1298 2076 1362 2099 Vide
1377 2076 1411 2100 de

84 2115 202 2140 utroque
222 2110 332 2133 Paulum
353 2110 476 2134 Seritam.
498 2113 601 2141 recept.
615 2111 666 2140 Ill,
685 2116 709 2135 5.
722 2124 747 2127 --
765 2116 788 2135 2.
811 2111 844 2135 Se
861 2111 989 2140 rettulit,
1005 2117 1128 2135 reversus
1141 2113 1191 2136 est.
1206 2124 1235 2128 —
1248 2117 1269 2135 3.
1283 2112 1408 2136 Fortasse

84 2146 236 2174 christiana
261 2145 355 2173 religio
380 2145 569 2175 intelligenda.
593 2152 674 2176 quam
692 2152 724 2170 eo
739 2147 862 2176 tempore
880 2145 976 2169 Paulus
1001 2146 1138 2175 apostolus
1162 2147 1250 2170 Romae
1263 2147 1409 2176 praedicare

86 2181 176 2211 coepit.
190 2193 219 2197 —
232 2184 254 2203 4.
266 2181 307 2203 Sc.
326 2181 442 2203 senatui.
457 2194 484 2197 —
495 2187 520 2205 5.
535 2182 649 2211 Neptem
663 2182 815 2211 Pomponiae
827 2187 858 2205 ex
870 2181 996 2210 Vipsanio
1008 2181 1134 2211 Agrippa,
1146 2182 1323 2211 propinquam
1334 2184 1409 2207 Pom-

84 2216 173 2247 poniae
196 2216 320 2239 Graecinae
332 2234 338 2243 ‚
353 2221 411 2244 quae
429 2222 508 2240 soror
520 2218 567 2240 aut
580 2216 634 2240 filia
657 2217 715 2241 erat
732 2216 870 2246 Pomponii
888 2216 1001 2240 Graeclni
1011 2234 1018 2245 ‚
1034 2216 1068 2240 ad
1078 2221 1159 2246 quem
1172 2217 1281 2246 scripsit
1297 2217 1409 2242 Ovidius

85 2250 211 2279 epistolas
224 2250 256 2273 de
268 2251 352 2273 Ponto
368 2251 384 2279 l,
396 2257 424 2279 c;
441 2251 472 2279 ll,
483 2252 565 2281 e;1V‚
578 2257 600 2276 9.

114 2286 235 2310 XXXlll.
252 2292 271 2309 ι.
287 2285 544 2311 condemnationem
559 2287 616 2316 ejus
629 2291 712 2316 usque
723 2286 993 2317 procrastinavit-2.
1008 2287 1071 2317 Cap.
1086 2293 1109 2312 ι.
1126 2300 1154 2304 -
1167 2293 1188 2311 3.
1208 2288 1252 2312 Sc.
1273 2288 1323 2312 sibi
1339 2291 1406 2312 esse.

85 2323 126 2347 Dc
141 2326 174 2344 co
199 2320 300 2344 dictum
313 2321 368 2349 jani
382 2321 428 2349 XI,
443 2326 468 2345 c.

115 2356 232 2380 xxxiv.
246 2361 265 2379 i.
282 2357 351 2380 Anni
364 2357 394 2380 U.
407 2363 459 2387 an,
471 2363 498 2387 p.
512 2357 559 2382 Ch.
570 2363 609 2382 53.
621 2370 650 2374 —-
660 2363 684 2382 2.
700 2358 729 2382 Α.
741 2357 770 2382 U.
781 2362 834 2382 ⁷2⁵.
851 2371 880 2375 —
892 2363 915 2381 3.
931 2357 1104 2388 91,aiosr.—
1116 2363 1141 2383 4.
1158 2359 1197 2384 De
1210 2359 1306 2389 quibus
1319 2359 1350 2389 ll,
1368 2363 1407 2390 οἳ,

86 2392 115 2416 ct
127 2391 175 2421 XI,
189 2395 227 2415 sa.
241 2402 270 2408 -
280 2395 304 2416 ὅ.
318 2390 393 2416 cont.
408 2397 466 2422 cap.
484 2397 506 2417 7.
520 2405 549 2410 —
561 2397 584 2417 ⁶.
599 2393 628 2418 V.
640 2399 664 2418 c.
678 2398 700 2418 9.
715 2406 743 2410 -
755 2398 777 2418 ⁷.
787 2394 827 2418 Ad
839 2393 960 2418 Parthos.
