<?xml version="1.0" encoding="UTF-8"?>
<!DOCTYPE html PUBLIC "-//W3C//DTD XHTML 1.0 Transitional//EN"
    "http://www.w3.org/TR/xhtml1/DTD/xhtml1-transitional.dtd">
<html xmlns="http://www.w3.org/1999/xhtml" xml:lang="en" lang="en">
 <head>
  <title>
</title>
<meta http-equiv="Content-Type" content="text/html;charset=utf-8" />
  <meta name='ocr-system' content='tesseract 3.04.00' />
  <meta name='ocr-capabilities' content='ocr_page ocr_carea ocr_par ocr_line ocrx_word'/>
</head>
<body>
  <div class='ocr_page' id='page_1' title='image "./operaquaesupersu00taciuoft_0053.png"; bbox 0 0 1539 2668; ppageno 0'>
   <div class='ocr_carea' id='block_1_1' title="bbox 519 138 1403 169">
    <p class='ocr_par' dir='ltr' id='par_1_1' title="bbox 519 138 1403 169">
     <span class='ocr_line' id='line_1_1' title="bbox 519 138 1403 169; baseline 0.001 -1"><span class='ocrx_word' id='word_1_1' title='bbox 519 139 556 168; x_wconf 84' lang='grc' dir='ltr'><strong>Α.</strong></span> <span class='ocrx_word' id='word_1_2' title='bbox 579 139 618 168; x_wconf 85' lang='lat' dir='ltr'><strong>U.</strong></span> <span class='ocrx_word' id='word_1_3' title='bbox 640 139 674 168; x_wconf 91' lang='lat' dir='ltr'><strong>C.</strong></span> <span class='ocrx_word' id='word_1_4' title='bbox 701 138 772 168; x_wconf 79' lang='lat'><strong>767.</strong></span> <span class='ocrx_word' id='word_1_5' title='bbox 797 139 834 168; x_wconf 79' lang='lat' dir='ltr'><strong>A.</strong></span> <span class='ocrx_word' id='word_1_6' title='bbox 859 140 893 168; x_wconf 88' lang='lat' dir='ltr'><strong>C.</strong></span> <span class='ocrx_word' id='word_1_7' title='bbox 921 138 969 167; x_wconf 81' lang='lat'><strong>14.</strong></span> <span class='ocrx_word' id='word_1_8' title='bbox 1369 140 1403 169; x_wconf 85' lang='lat'><strong>21</strong></span> 
     </span>
    </p>
   </div>
   <div class='ocr_carea' id='block_1_2' title="bbox 72 212 1411 2041">
    <p class='ocr_par' dir='ltr' id='par_1_2' title="bbox 81 212 1409 490">
     <span class='ocr_line' id='line_1_2' title="bbox 82 212 1407 254; baseline 0 -8"><span class='ocrx_word' id='word_1_9' title='bbox 82 215 170 246; x_wconf 72' lang='lat' dir='ltr'><strong>tatur</strong></span> <span class='ocrx_word' id='word_1_10' title='bbox 188 222 196 244; x_wconf 77' lang='lat' dir='ltr'><em>z</em></span> <span class='ocrx_word' id='word_1_11' title='bbox 213 221 298 245; x_wconf 86' lang='lat' dir='ltr'><strong>nam</strong></span> <span class='ocrx_word' id='word_1_12' title='bbox 320 214 356 244; x_wconf 86' lang='lat' dir='ltr'><strong>in</strong></span> <span class='ocrx_word' id='word_1_13' title='bbox 372 220 460 253; x_wconf 84' lang='lat' dir='ltr'><strong>pace</strong></span> <span class='ocrx_word' id='word_1_14' title='bbox 481 220 606 244; x_wconf 82' lang='lat' dir='ltr'><em>causas</em></span> <span class='ocrx_word' id='word_1_15' title='bbox 629 214 663 244; x_wconf 81' lang='lat' dir='ltr'><strong>et</strong></span> <span class='ocrx_word' id='word_1_16' title='bbox 682 214 807 244; x_wconf 81' lang='lat' dir='ltr'><strong>merita</strong></span> <span class='ocrx_word' id='word_1_17' title='bbox 823 213 974 253; x_wconf 76' lang='lat' dir='ltr'><strong>spectari</strong></span> <span class='ocrx_word' id='word_1_18' title='bbox 984 221 997 248; x_wconf 90' lang='lat'><em>;</em></span> <span class='ocrx_word' id='word_1_19' title='bbox 1014 212 1070 244; x_wconf 85' lang='lat' dir='ltr'><strong>ubi</strong></span> <span class='ocrx_word' id='word_1_20' title='bbox 1093 212 1222 244; x_wconf 78' lang='lat' dir='ltr'><strong>bellum</strong></span> <span class='ocrx_word' id='word_1_21' title='bbox 1239 216 1407 254; x_wconf 67' lang='lat' dir='ltr'><strong>myrum,</strong></span> 
     </span>
     <span class='ocr_line' id='line_1_3' title="bbox 81 258 1406 301; baseline 0.001 -9"><span class='ocrx_word' id='word_1_22' title='bbox 81 261 273 292; x_wconf 75' lang='lat' dir='ltr'><strong>innocentes</strong></span> <span class='ocrx_word' id='word_1_23' title='bbox 291 268 332 292; x_wconf 85' lang='lat' dir='ltr'><strong>ac</strong></span> <span class='ocrx_word' id='word_1_24' title='bbox 344 261 462 291; x_wconf 75' lang='lat' dir='ltr'><strong>noxios</strong></span> <span class='ocrx_word' id='word_1_25' title='bbox 471 259 578 299; x_wconf 76' lang='lat' dir='ltr'><strong>juxta</strong></span> <span class='ocrx_word' id='word_1_26' title='bbox 592 258 727 291; x_wconf 84' lang='lat' dir='ltr'><strong>cadere.</strong></span> <span class='ocrx_word' id='word_1_27' title='bbox 747 259 795 291; x_wconf 92' lang='lat' dir='ltr'><strong>illi</strong></span> <span class='ocrx_word' id='word_1_28' title='bbox 807 284 815 299; x_wconf 95' lang='lat'>,</span> <span class='ocrx_word' id='word_1_29' title='bbox 834 260 964 291; x_wconf 86' lang='lat' dir='ltr'><strong>tentatis</strong></span> <span class='ocrx_word' id='word_1_30' title='bbox 979 268 1060 300; x_wconf 88' lang='lat' dir='ltr'><strong>quos</strong></span> <span class='ocrx_word' id='word_1_31' title='bbox 1077 259 1210 291; x_wconf 87' lang='lat' dir='ltr'><strong>idoneos</strong></span> <span class='ocrx_word' id='word_1_32' title='bbox 1230 261 1384 293; x_wconf 79' lang='lat' dir='ltr'><strong>rebantur</strong></span> <span class='ocrx_word' id='word_1_33' title='bbox 1396 286 1406 301; x_wconf 92' lang='lat'><em>,</em></span> 
     </span>
     <span class='ocr_line' id='line_1_4' title="bbox 81 306 1407 349; baseline 0.001 -10"><span class='ocrx_word' id='word_1_34' title='bbox 81 309 259 348; x_wconf 84' lang='lat' dir='ltr'><strong>postquam</strong></span> <span class='ocrx_word' id='word_1_35' title='bbox 276 307 428 347; x_wconf 84' lang='lat' dir='ltr'><strong>majorem</strong></span> <span class='ocrx_word' id='word_1_36' title='bbox 444 306 604 347; x_wconf 81' lang='lat' dir='ltr'><strong>legionum</strong></span> <span class='ocrx_word' id='word_1_37' title='bbox 621 309 744 346; x_wconf 81' lang='lat' dir='ltr'><strong>partem</strong></span> <span class='ocrx_word' id='word_1_38' title='bbox 761 307 794 338; x_wconf 92' lang='lat' dir='ltr'><strong>in</strong></span> <span class='ocrx_word' id='word_1_39' title='bbox 810 306 916 338; x_wconf 86' lang='lat' dir='ltr'><strong>officio</strong></span> <span class='ocrx_word' id='word_1_40' title='bbox 935 306 1046 338; x_wconf 88' lang='lat' dir='ltr'><strong>vident</strong></span> <span class='ocrx_word' id='word_1_41' title='bbox 1058 331 1066 347; x_wconf 88' lang='lat'>‚</span> <span class='ocrx_word' id='word_1_42' title='bbox 1084 307 1124 338; x_wconf 89' lang='lat' dir='ltr'><strong>de</strong></span> <span class='ocrx_word' id='word_1_43' title='bbox 1141 308 1300 339; x_wconf 84' lang='lat' dir='ltr'><strong>sententia</strong></span> <span class='ocrx_word' id='word_1_44' title='bbox 1313 309 1407 349; x_wconf 82' lang='lat' dir='ltr'><strong>legati</strong></span> 
     </span>
     <span class='ocr_line' id='line_1_5' title="bbox 83 353 1406 395; baseline 0.002 -10"><span class='ocrx_word' id='word_1_45' title='bbox 83 355 231 386; x_wconf 86' lang='lat' dir='ltr'><strong>statuunt</strong></span> <span class='ocrx_word' id='word_1_46' title='bbox 248 356 376 394; x_wconf 87' lang='lat' dir='ltr'><strong>tempus</strong></span> <span class='ocrx_word' id='word_1_47' title='bbox 389 378 398 394; x_wconf 97' lang='lat'>,</span> <span class='ocrx_word' id='word_1_48' title='bbox 412 362 477 395; x_wconf 90' lang='lat' dir='ltr'><strong>quo</strong></span> <span class='ocrx_word' id='word_1_49' title='bbox 495 353 709 385; x_wconf 81' lang='lat' dir='ltr'><strong>soedissimum</strong></span> <span class='ocrx_word' id='word_1_50' title='bbox 726 363 887 395; x_wconf 80' lang='lat' dir='ltr'><strong>quemque</strong></span> <span class='ocrx_word' id='word_1_51' title='bbox 902 355 934 386; x_wconf 91' lang='lat' dir='ltr'><strong>et</strong></span> <span class='ocrx_word' id='word_1_52' title='bbox 947 353 1096 386; x_wconf 88' lang='lat' dir='ltr'><strong>seditioni</strong></span> <span class='ocrx_word' id='word_1_53' title='bbox 1113 357 1298 395; x_wconf 89' lang='lat' dir='ltr'><strong>promptum</strong></span> <span class='ocrx_word' id='word_1_54' title='bbox 1323 355 1406 387; x_wconf 81' lang='lat' dir='ltr'><strong>ferro</strong></span> 
     </span>
     <span class='ocr_line' id='line_1_6' title="bbox 81 398 1409 443; baseline 0.003 -13"><span class='ocrx_word' id='word_1_55' title='bbox 81 398 247 433; x_wconf 86' lang='lat' dir='ltr'><strong>invadant.</strong></span> <span class='ocrx_word' id='word_1_56' title='bbox 271 402 350 433; x_wconf 87' lang='lat' dir='ltr'><strong>tunc</strong></span> <span class='ocrx_word' id='word_1_57' title='bbox 373 400 464 441; x_wconf 87' lang='lat' dir='ltr'><strong>siguo</strong></span> <span class='ocrx_word' id='word_1_58' title='bbox 490 400 574 432; x_wconf 88' lang='lat' dir='ltr'><strong>inter</strong></span> <span class='ocrx_word' id='word_1_59' title='bbox 600 409 634 432; x_wconf 91' lang='lat' dir='ltr'><strong>se</strong></span> <span class='ocrx_word' id='word_1_60' title='bbox 653 401 729 432; x_wconf 90' lang='lat' dir='ltr'><strong>dato</strong></span> <span class='ocrx_word' id='word_1_61' title='bbox 753 402 938 443; x_wconf 83' lang='lat' dir='ltr'><strong>irrumpunt</strong></span> <span class='ocrx_word' id='word_1_62' title='bbox 960 400 1172 433; x_wconf 88' lang='lat' dir='ltr'><strong>contubernia</strong></span> <span class='ocrx_word' id='word_1_63' title='bbox 1189 401 1218 441; x_wconf 90' lang='lat'><strong>¹,</strong></span> <span class='ocrx_word' id='word_1_64' title='bbox 1245 402 1409 434; x_wconf 79' lang='lat' dir='ltr'><strong>trucidant</strong></span> 
     </span>
     <span class='ocr_line' id='line_1_7' title="bbox 81 447 1307 490; baseline -0.001 -10"><span class='ocrx_word' id='word_1_65' title='bbox 81 448 229 489; x_wconf 85' lang='lat' dir='ltr'><strong>ignaros,</strong></span> <span class='ocrx_word' id='word_1_66' title='bbox 246 448 337 480; x_wconf 92' lang='lat' dir='ltr'><strong>nullo</strong></span> <span class='ocrx_word' id='word_1_67' title='bbox 352 448 413 479; x_wconf 92' lang='lat' dir='ltr'><strong>nisi</strong></span> <span class='ocrx_word' id='word_1_68' title='bbox 430 447 566 479; x_wconf 87' lang='lat' dir='ltr'><strong>consciis</strong></span> <span class='ocrx_word' id='word_1_69' title='bbox 583 451 736 480; x_wconf 86' lang='lat' dir='ltr'><strong>noscente</strong></span> <span class='ocrx_word' id='word_1_70' title='bbox 753 449 840 490; x_wconf 91' lang='lat' dir='ltr'><strong>quod</strong></span> <span class='ocrx_word' id='word_1_71' title='bbox 858 449 957 481; x_wconf 82' lang='lat' dir='ltr'><strong>caedis</strong></span> <span class='ocrx_word' id='word_1_72' title='bbox 970 449 1097 481; x_wconf 89' lang='lat' dir='ltr'><strong>initium</strong></span> <span class='ocrx_word' id='word_1_73' title='bbox 1108 473 1117 488; x_wconf 88' lang='lat'>‚</span> <span class='ocrx_word' id='word_1_74' title='bbox 1137 449 1210 490; x_wconf 92' lang='lat' dir='ltr'><strong>quis</strong></span> <span class='ocrx_word' id='word_1_75' title='bbox 1224 449 1307 480; x_wconf 86' lang='lat' dir='ltr'><strong>finis.</strong></span> 
     </span>
    </p>

    <p class='ocr_par' dir='ltr' id='par_1_3' title="bbox 77 495 1411 1148">
     <span class='ocr_line' id='line_1_8' title="bbox 121 495 1406 536; baseline 0.002 -10"><span class='ocrx_word' id='word_1_76' title='bbox 121 499 224 527; x_wconf 87' lang='lat' dir='ltr'><strong>XLIX.</strong></span> <span class='ocrx_word' id='word_1_77' title='bbox 248 495 384 528; x_wconf 81' lang='lat' dir='ltr'><strong>Diversa</strong></span> <span class='ocrx_word' id='word_1_78' title='bbox 409 495 576 535; x_wconf 86' lang='lat' dir='ltr'><strong>omnium,</strong></span> <span class='ocrx_word' id='word_1_79' title='bbox 601 504 675 536; x_wconf 85' lang='lat' dir='ltr'><strong>quae</strong></span> <span class='ocrx_word' id='word_1_80' title='bbox 702 505 849 536; x_wconf 85' lang='lat' dir='ltr'><strong>unquam</strong></span> <span class='ocrx_word' id='word_1_81' title='bbox 877 496 1040 536; x_wconf 84' lang='lat' dir='ltr'><strong>accidere,</strong></span> <span class='ocrx_word' id='word_1_82' title='bbox 1064 495 1211 527; x_wconf 80' lang='lat' dir='ltr'><strong>civilium</strong></span> <span class='ocrx_word' id='word_1_83' title='bbox 1242 504 1406 528; x_wconf 87' lang='lat' dir='ltr'><strong>armorum</strong></span> 
     </span>
     <span class='ocr_line' id='line_1_9' title="bbox 79 541 1407 584; baseline 0.002 -11"><span class='ocrx_word' id='word_1_84' title='bbox 79 541 187 574; x_wconf 74' lang='lat' dir='ltr'><strong>facies.</strong></span> <span class='ocrx_word' id='word_1_85' title='bbox 203 551 267 574; x_wconf 91' lang='lat' dir='ltr'><strong>non</strong></span> <span class='ocrx_word' id='word_1_86' title='bbox 284 542 397 584; x_wconf 89' lang='lat' dir='ltr'><strong>proelio</strong></span> <span class='ocrx_word' id='word_1_87' title='bbox 410 567 418 582; x_wconf 92' lang='lat'>‚</span> <span class='ocrx_word' id='word_1_88' title='bbox 447 551 511 573; x_wconf 92' lang='lat' dir='ltr'><strong>non</strong></span> <span class='ocrx_word' id='word_1_89' title='bbox 529 542 671 574; x_wconf 78' lang='lat' dir='ltr'><strong>adversis</strong></span> <span class='ocrx_word' id='word_1_90' title='bbox 688 552 705 574; x_wconf 89' lang='lat' dir='ltr'><strong>e</strong></span> <span class='ocrx_word' id='word_1_91' title='bbox 724 544 856 583; x_wconf 89' lang='lat' dir='ltr'><strong>castris,</strong></span> <span class='ocrx_word' id='word_1_92' title='bbox 877 544 932 575; x_wconf 93' lang='lat' dir='ltr'><strong>sed</strong></span> <span class='ocrx_word' id='word_1_93' title='bbox 953 543 1067 575; x_wconf 84' lang='lat' dir='ltr'><strong>iisdem</strong></span> <span class='ocrx_word' id='word_1_94' title='bbox 1089 553 1106 575; x_wconf 91' lang='lat' dir='ltr'><strong>e</strong></span> <span class='ocrx_word' id='word_1_95' title='bbox 1123 542 1285 574; x_wconf 87' lang='lat' dir='ltr'><strong>cubilibus</strong></span> <span class='ocrx_word' id='word_1_96' title='bbox 1299 567 1307 581; x_wconf 89' lang='lat'>‚</span> <span class='ocrx_word' id='word_1_97' title='bbox 1326 553 1407 583; x_wconf 90' lang='lat' dir='ltr'><strong>quos</strong></span> 
     </span>
     <span class='ocr_line' id='line_1_10' title="bbox 79 588 1408 631; baseline 0.003 -12"><span class='ocrx_word' id='word_1_98' title='bbox 79 588 177 620; x_wconf 87' lang='lat' dir='ltr'><strong>simul</strong></span> <span class='ocrx_word' id='word_1_99' title='bbox 194 591 362 622; x_wconf 82' lang='lat' dir='ltr'><strong>vescentes</strong></span> <span class='ocrx_word' id='word_1_100' title='bbox 386 590 472 628; x_wconf 87' lang='lat' dir='ltr'><strong>dies,</strong></span> <span class='ocrx_word' id='word_1_101' title='bbox 491 589 587 621; x_wconf 86' lang='lat' dir='ltr'><strong>simul</strong></span> <span class='ocrx_word' id='word_1_102' title='bbox 603 590 730 630; x_wconf 84' lang='lat' dir='ltr'><strong>quietos</strong></span> <span class='ocrx_word' id='word_1_103' title='bbox 749 600 813 622; x_wconf 85' lang='lat' dir='ltr'><strong>nox</strong></span> <span class='ocrx_word' id='word_1_104' title='bbox 832 591 987 622; x_wconf 76' lang='lat' dir='ltr'><strong>habuerat</strong></span> <span class='ocrx_word' id='word_1_105' title='bbox 999 616 1007 631; x_wconf 86' lang='lat'>‚</span> <span class='ocrx_word' id='word_1_106' title='bbox 1025 590 1195 622; x_wconf 88' lang='lat' dir='ltr'><strong>discedunt</strong></span> <span class='ocrx_word' id='word_1_107' title='bbox 1219 590 1252 621; x_wconf 93' lang='lat' dir='ltr'><strong>in</strong></span> <span class='ocrx_word' id='word_1_108' title='bbox 1276 594 1383 631; x_wconf 86' lang='lat' dir='ltr'><strong>partes</strong></span> <span class='ocrx_word' id='word_1_109' title='bbox 1398 615 1408 631; x_wconf 92' lang='lat'>,</span> 
     </span>
     <span class='ocr_line' id='line_1_11' title="bbox 79 635 1410 679; baseline 0.001 -12"><span class='ocrx_word' id='word_1_110' title='bbox 79 635 228 676; x_wconf 86' lang='lat' dir='ltr'><strong>ingerunt</strong></span> <span class='ocrx_word' id='word_1_111' title='bbox 243 636 326 676; x_wconf 83' lang='lat' dir='ltr'><strong>tela3</strong></span> <span class='ocrx_word' id='word_1_112' title='bbox 343 637 465 668; x_wconf 88' lang='lat' dir='ltr'><strong>clamor</strong></span> <span class='ocrx_word' id='word_1_113' title='bbox 476 662 484 676; x_wconf 91' lang='lat'>‚</span> <span class='ocrx_word' id='word_1_114' title='bbox 506 637 638 668; x_wconf 73' lang='lat' dir='ltr'><strong>vulnera</strong></span> <span class='ocrx_word' id='word_1_115' title='bbox 652 662 661 677; x_wconf 90' lang='lat'><strong><em>‚</em></strong></span> <span class='ocrx_word' id='word_1_116' title='bbox 676 638 806 678; x_wconf 82' lang='lat' dir='ltr'><strong>sanguis</strong></span> <span class='ocrx_word' id='word_1_117' title='bbox 824 638 929 679; x_wconf 85' lang='lat' dir='ltr'><strong>palam</strong></span> <span class='ocrx_word' id='word_1_118' title='bbox 942 663 951 678; x_wconf 94' lang='lat'>,</span> <span class='ocrx_word' id='word_1_119' title='bbox 969 647 1065 670; x_wconf 87' lang='lat' dir='ltr'><strong>causa</strong></span> <span class='ocrx_word' id='word_1_120' title='bbox 1087 638 1120 669; x_wconf 90' lang='lat' dir='ltr'><strong>in</strong></span> <span class='ocrx_word' id='word_1_121' title='bbox 1137 637 1285 677; x_wconf 80' lang='lat' dir='ltr'><strong>occult03</strong></span> <span class='ocrx_word' id='word_1_122' title='bbox 1304 639 1410 669; x_wconf 88' lang='lat' dir='ltr'><strong>cetera</strong></span> 
     </span>
     <span class='ocr_line' id='line_1_12' title="bbox 79 682 1410 726; baseline 0.001 -12"><span class='ocrx_word' id='word_1_123' title='bbox 79 682 146 714; x_wconf 81' lang='lat' dir='ltr'><strong>sors</strong></span> <span class='ocrx_word' id='word_1_124' title='bbox 163 683 243 723; x_wconf 81' lang='lat' dir='ltr'><strong>regit</strong></span> <span class='ocrx_word' id='word_1_125' title='bbox 259 694 265 714; x_wconf 91' lang='lat'>:</span> <span class='ocrx_word' id='word_1_126' title='bbox 281 686 313 716; x_wconf 86' lang='lat' dir='ltr'><strong>et</strong></span> <span class='ocrx_word' id='word_1_127' title='bbox 325 684 458 725; x_wconf 79' lang='lat' dir='ltr'><strong>quidam</strong></span> <span class='ocrx_word' id='word_1_128' title='bbox 476 684 633 715; x_wconf 82' lang='lat' dir='ltr'><strong>bonorum</strong></span> <span class='ocrx_word' id='word_1_129' title='bbox 648 686 723 716; x_wconf 76' lang='lat' dir='ltr'><strong>caesi</strong></span> <span class='ocrx_word' id='word_1_130' title='bbox 738 709 746 724; x_wconf 95' lang='lat'>,</span> <span class='ocrx_word' id='word_1_131' title='bbox 765 687 937 726; x_wconf 81' lang='lat' dir='ltr'><strong>postquam</strong></span> <span class='ocrx_word' id='word_1_132' title='bbox 950 710 959 725; x_wconf 92' lang='lat'>,</span> <span class='ocrx_word' id='word_1_133' title='bbox 983 685 1146 717; x_wconf 84' lang='lat' dir='ltr'><strong>intellecto</strong></span> <span class='ocrx_word' id='word_1_134' title='bbox 1163 686 1195 716; x_wconf 91' lang='lat' dir='ltr'><strong>in</strong></span> <span class='ocrx_word' id='word_1_135' title='bbox 1219 694 1300 725; x_wconf 86' lang='lat' dir='ltr'><strong>quos</strong></span> <span class='ocrx_word' id='word_1_136' title='bbox 1318 683 1410 715; x_wconf 82' lang='lat' dir='ltr'><strong>saevi-</strong></span> 
     </span>
     <span class='ocr_line' id='line_1_13' title="bbox 82 731 1409 773; baseline 0.001 -12"><span class='ocrx_word' id='word_1_137' title='bbox 82 732 179 770; x_wconf 87' lang='lat' dir='ltr'><strong>retur,</strong></span> <span class='ocrx_word' id='word_1_138' title='bbox 198 731 331 770; x_wconf 84' lang='lat' dir='ltr'><strong>pessimi</strong></span> <span class='ocrx_word' id='word_1_139' title='bbox 347 740 476 771; x_wconf 82' lang='lat' dir='ltr'><strong>quoque</strong></span> <span class='ocrx_word' id='word_1_140' title='bbox 493 734 781 772; x_wconf 80' lang='lat' dir='ltr'><strong>arma.1·apuerant.</strong></span> <span class='ocrx_word' id='word_1_141' title='bbox 800 741 903 772; x_wconf 89' lang='lat' dir='ltr'><strong>neque</strong></span> <span class='ocrx_word' id='word_1_142' title='bbox 917 732 1038 773; x_wconf 83' lang='lat' dir='ltr'><strong>legatus</strong></span> <span class='ocrx_word' id='word_1_143' title='bbox 1056 735 1111 764; x_wconf 86' lang='lat' dir='ltr'><strong>aut</strong></span> <span class='ocrx_word' id='word_1_144' title='bbox 1132 732 1282 764; x_wconf 86' lang='lat' dir='ltr'><strong>tribunus</strong></span> <span class='ocrx_word' id='word_1_145' title='bbox 1301 731 1409 762; x_wconf 90' lang='lat' dir='ltr'><strong>mode-</strong></span> 
     </span>
     <span class='ocr_line' id='line_1_14' title="bbox 81 777 1409 819; baseline 0.001 -11"><span class='ocrx_word' id='word_1_146' title='bbox 81 778 169 808; x_wconf 79' lang='lat' dir='ltr'><strong>rator</strong></span> <span class='ocrx_word' id='word_1_147' title='bbox 185 777 282 810; x_wconf 80' lang='lat' dir='ltr'><strong>assuit</strong></span> <span class='ocrx_word' id='word_1_148' title='bbox 297 788 304 808; x_wconf 73' lang='grc' dir='ltr'>ι</span> <span class='ocrx_word' id='word_1_149' title='bbox 324 779 482 819; x_wconf 86' lang='lat' dir='ltr'><strong>permissa</strong></span> <span class='ocrx_word' id='word_1_150' title='bbox 497 778 594 819; x_wconf 87' lang='lat' dir='ltr'><strong>vulgo</strong></span> <span class='ocrx_word' id='word_1_151' title='bbox 606 778 734 810; x_wconf 84' lang='lat' dir='ltr'><strong>licentia</strong></span> <span class='ocrx_word' id='word_1_152' title='bbox 747 781 844 819; x_wconf 87' lang='lat' dir='ltr'><strong>atque</strong></span> <span class='ocrx_word' id='word_1_153' title='bbox 859 780 937 811; x_wconf 91' lang='lat' dir='ltr'><strong>ultio</strong></span> <span class='ocrx_word' id='word_1_154' title='bbox 951 781 982 811; x_wconf 87' lang='lat' dir='ltr'><strong>et</strong></span> <span class='ocrx_word' id='word_1_155' title='bbox 996 779 1137 811; x_wconf 84' lang='lat' dir='ltr'><strong>satietas.</strong></span> <span class='ocrx_word' id='word_1_156' title='bbox 1155 788 1229 810; x_wconf 80' lang='lat' dir='ltr'><strong>mox</strong></span> <span class='ocrx_word' id='word_1_157' title='bbox 1246 779 1409 818; x_wconf 78' lang='lat' dir='ltr'><strong>ingressus</strong></span> 
     </span>
     <span class='ocr_line' id='line_1_15' title="bbox 80 825 1410 867; baseline 0.002 -13"><span class='ocrx_word' id='word_1_158' title='bbox 80 826 185 856; x_wconf 86' lang='lat' dir='ltr'><strong>castra</strong></span> <span class='ocrx_word' id='word_1_159' title='bbox 202 825 426 866; x_wconf 85' lang='lat' dir='ltr'><strong>Germanicus,</strong></span> <span class='ocrx_word' id='word_1_160' title='bbox 453 834 519 858; x_wconf 82' lang='lat' dir='ltr'><strong>non</strong></span> <span class='ocrx_word' id='word_1_161' title='bbox 541 825 747 857; x_wconf 70' lang='lat' dir='ltr'><strong>medicinam</strong></span> <span class='ocrx_word' id='word_1_162' title='bbox 772 826 884 865; x_wconf 75' lang='lat' dir='ltr'><strong>illud,</strong></span> <span class='ocrx_word' id='word_1_163' title='bbox 911 826 1058 867; x_wconf 83' lang='lat' dir='ltr'><strong>plurimis</strong></span> <span class='ocrx_word' id='word_1_164' title='bbox 1075 835 1149 857; x_wconf 90' lang='lat' dir='ltr'><strong>cum</strong></span> <span class='ocrx_word' id='word_1_165' title='bbox 1175 826 1332 865; x_wconf 79' lang='lat' dir='ltr'><strong>lacrimis,</strong></span> <span class='ocrx_word' id='word_1_166' title='bbox 1350 825 1410 857; x_wconf 82' lang='lat' dir='ltr'><strong>sed</strong></span> 
     </span>
     <span class='ocr_line' id='line_1_16' title="bbox 79 870 1409 913; baseline 0 -11"><span class='ocrx_word' id='word_1_167' title='bbox 79 870 215 903; x_wconf 82' lang='lat' dir='ltr'><em>cladem</em></span> <span class='ocrx_word' id='word_1_168' title='bbox 238 873 423 913; x_wconf 84' lang='lat' dir='ltr'><strong>appellans,</strong></span> <span class='ocrx_word' id='word_1_169' title='bbox 450 874 600 905; x_wconf 79' lang='lat' dir='ltr'><strong>cremari</strong></span> <span class='ocrx_word' id='word_1_170' title='bbox 626 882 772 913; x_wconf 79' lang='lat' dir='ltr'><strong>corpora</strong></span> <span class='ocrx_word' id='word_1_171' title='bbox 795 873 898 913; x_wconf 83' lang='lat' dir='ltr'><strong>jubet.</strong></span> <span class='ocrx_word' id='word_1_172' title='bbox 917 877 1038 905; x_wconf 86' lang='lat' dir='ltr'><strong>Truces</strong></span> <span class='ocrx_word' id='word_1_173' title='bbox 1064 873 1159 904; x_wconf 83' lang='lat' dir='ltr'><strong>etiam</strong></span> <span class='ocrx_word' id='word_1_174' title='bbox 1186 875 1255 904; x_wconf 91' lang='lat' dir='ltr'><strong>tum</strong></span> <span class='ocrx_word' id='word_1_175' title='bbox 1283 873 1409 903; x_wconf 82' lang='lat' dir='ltr'><strong>animos</strong></span> 
     </span>
     <span class='ocr_line' id='line_1_17' title="bbox 79 918 1408 961; baseline 0.002 -12"><span class='ocrx_word' id='word_1_176' title='bbox 79 918 198 959; x_wconf 87' lang='lat' dir='ltr'><strong>cupido</strong></span> <span class='ocrx_word' id='word_1_177' title='bbox 213 920 337 951; x_wconf 85' lang='lat' dir='ltr'><strong>involat</strong></span> <span class='ocrx_word' id='word_1_178' title='bbox 355 920 452 952; x_wconf 89' lang='lat' dir='ltr'><strong>eundi</strong></span> <span class='ocrx_word' id='word_1_179' title='bbox 468 921 499 951; x_wconf 93' lang='lat' dir='ltr'><strong>in</strong></span> <span class='ocrx_word' id='word_1_180' title='bbox 518 921 661 960; x_wconf 83' lang='lat' dir='ltr'><strong>hostem,</strong></span> <span class='ocrx_word' id='word_1_181' title='bbox 679 921 843 961; x_wconf 84' lang='lat' dir='ltr'><strong>piaculum</strong></span> <span class='ocrx_word' id='word_1_182' title='bbox 862 921 980 952; x_wconf 86' lang='lat' dir='ltr'><strong>suroris</strong></span> <span class='ocrx_word' id='word_1_183' title='bbox 992 946 1000 960; x_wconf 93' lang='lat'>‚</span> <span class='ocrx_word' id='word_1_184' title='bbox 1020 930 1078 951; x_wconf 83' lang='lat' dir='ltr'><strong>nec</strong></span> <span class='ocrx_word' id='word_1_185' title='bbox 1096 921 1201 952; x_wconf 78' lang='lat' dir='ltr'><strong>aliter</strong></span> <span class='ocrx_word' id='word_1_186' title='bbox 1215 929 1310 960; x_wconf 75' lang='lat' dir='ltr'><strong>posse</strong></span> <span class='ocrx_word' id='word_1_187' title='bbox 1330 920 1408 959; x_wconf 79' lang='lat' dir='ltr'><strong>pla-</strong></span> 
     </span>
     <span class='ocr_line' id='line_1_18' title="bbox 78 967 1411 1008; baseline 0.001 -11"><span class='ocrx_word' id='word_1_188' title='bbox 78 967 154 997; x_wconf 83' lang='lat' dir='ltr'><strong>cari</strong></span> <span class='ocrx_word' id='word_1_189' title='bbox 168 967 441 999; x_wconf 74' lang='lat' dir='ltr'><strong>commilitonum</strong></span> <span class='ocrx_word' id='word_1_190' title='bbox 458 976 576 1000; x_wconf 82' lang='lat' dir='ltr'><strong>manes</strong></span> <span class='ocrx_word' id='word_1_191' title='bbox 587 992 594 1006; x_wconf 94' lang='lat'><strong>‚</strong></span> <span class='ocrx_word' id='word_1_192' title='bbox 609 976 715 1008; x_wconf 76' lang='lat' dir='ltr'><strong>quam</strong></span> <span class='ocrx_word' id='word_1_193' title='bbox 729 970 757 999; x_wconf 80' lang='grc' dir='ltr'><strong>.ςὶ</strong></span> <span class='ocrx_word' id='word_1_194' title='bbox 771 968 964 1008; x_wconf 68' lang='lat' dir='ltr'><strong>pectoribus</strong></span> <span class='ocrx_word' id='word_1_195' title='bbox 977 970 1090 1008; x_wconf 75' lang='lat' dir='ltr'><strong>impiis</strong></span> <span class='ocrx_word' id='word_1_196' title='bbox 1103 968 1247 999; x_wconf 75' lang='lat' dir='ltr'><strong>honesta</strong></span> <span class='ocrx_word' id='word_1_197' title='bbox 1262 968 1411 999; x_wconf 69' lang='lat' dir='ltr'><strong>vulnera</strong></span> 
     </span>
     <span class='ocr_line' id='line_1_19' title="bbox 79 1013 1409 1055; baseline 0 -11"><span class='ocrx_word' id='word_1_198' title='bbox 79 1015 300 1053; x_wconf 72' lang='lat' dir='ltr'><strong>accepissent.</strong></span> <span class='ocrx_word' id='word_1_199' title='bbox 319 1015 465 1055; x_wconf 87' lang='lat' dir='ltr'><strong>sequitur</strong></span> <span class='ocrx_word' id='word_1_200' title='bbox 482 1015 629 1046; x_wconf 86' lang='lat' dir='ltr'><strong>ardorem</strong></span> <span class='ocrx_word' id='word_1_201' title='bbox 648 1015 788 1046; x_wconf 84' lang='lat' dir='ltr'><strong>militum</strong></span> <span class='ocrx_word' id='word_1_202' title='bbox 803 1019 925 1053; x_wconf 72' lang='lat' dir='ltr'><strong>Caesar,</strong></span> <span class='ocrx_word' id='word_1_203' title='bbox 941 1016 1120 1055; x_wconf 82' lang='lat' dir='ltr'><strong>junctoque</strong></span> <span class='ocrx_word' id='word_1_204' title='bbox 1140 1019 1238 1055; x_wconf 82' lang='lat' dir='ltr'><strong>ponte</strong></span> <span class='ocrx_word' id='word_1_205' title='bbox 1258 1013 1409 1045; x_wconf 79' lang='lat' dir='ltr'><strong>tramittit</strong></span> 
     </span>
     <span class='ocr_line' id='line_1_20' title="bbox 79 1059 1411 1103; baseline 0.001 -12"><span class='ocrx_word' id='word_1_206' title='bbox 79 1059 250 1092; x_wconf 89' lang='lat' dir='ltr'><strong>duodecim</strong></span> <span class='ocrx_word' id='word_1_207' title='bbox 267 1061 370 1093; x_wconf 83' lang='lat' dir='ltr'><strong>millia</strong></span> <span class='ocrx_word' id='word_1_208' title='bbox 384 1071 401 1094; x_wconf 87' lang='lat' dir='ltr'><strong>e</strong></span> <span class='ocrx_word' id='word_1_209' title='bbox 416 1062 594 1103; x_wconf 76' lang='lat' dir='ltr'><strong>legionibus</strong></span> <span class='ocrx_word' id='word_1_210' title='bbox 610 1062 634 1101; x_wconf 88' lang='lat'><strong>¹,</strong></span> <span class='ocrx_word' id='word_1_211' title='bbox 653 1071 709 1094; x_wconf 83' lang='lat' dir='ltr'><strong>sex</strong></span> <span class='ocrx_word' id='word_1_212' title='bbox 726 1065 757 1094; x_wconf 85' lang='lat' dir='ltr'><strong>et</strong></span> <span class='ocrx_word' id='word_1_213' title='bbox 778 1062 889 1103; x_wconf 73' lang='lat' dir='ltr'><strong>viginti</strong></span> <span class='ocrx_word' id='word_1_214' title='bbox 908 1062 1012 1093; x_wconf 85' lang='lat' dir='ltr'><strong>socias</strong></span> <span class='ocrx_word' id='word_1_215' title='bbox 1028 1062 1176 1093; x_wconf 78' lang='lat' dir='ltr'><strong>cohortes</strong></span> <span class='ocrx_word' id='word_1_216' title='bbox 1193 1062 1218 1101; x_wconf 77' lang='lat'><strong>²,</strong></span> <span class='ocrx_word' id='word_1_217' title='bbox 1236 1063 1310 1093; x_wconf 83' lang='lat' dir='ltr'><strong>octo</strong></span> <span class='ocrx_word' id='word_1_218' title='bbox 1323 1060 1411 1101; x_wconf 87' lang='lat' dir='ltr'><strong>equi-</strong></span> 
     </span>
     <span class='ocr_line' id='line_1_21' title="bbox 77 1108 1128 1148; baseline 0.002 -10"><span class='ocrx_word' id='word_1_219' title='bbox 77 1108 150 1139; x_wconf 87' lang='lat' dir='ltr'><strong>turn</strong></span> <span class='ocrx_word' id='word_1_220' title='bbox 167 1108 246 1148; x_wconf 86' lang='lat' dir='ltr'><strong>alas,</strong></span> <span class='ocrx_word' id='word_1_221' title='bbox 260 1117 397 1148; x_wconf 88' lang='lat' dir='ltr'><strong>quarum</strong></span> <span class='ocrx_word' id='word_1_222' title='bbox 415 1118 451 1141; x_wconf 84' lang='lat' dir='ltr'><strong>ea</strong></span> <span class='ocrx_word' id='word_1_223' title='bbox 465 1110 622 1141; x_wconf 84' lang='lat' dir='ltr'><strong>seditione</strong></span> <span class='ocrx_word' id='word_1_224' title='bbox 639 1110 830 1141; x_wconf 83' lang='lat' dir='ltr'><strong>intemerata</strong></span> <span class='ocrx_word' id='word_1_225' title='bbox 853 1109 1012 1140; x_wconf 87' lang='lat' dir='ltr'><strong>modestia</strong></span> <span class='ocrx_word' id='word_1_226' title='bbox 1028 1108 1039 1125; x_wconf 73' lang='lat'><strong>³</strong></span> <span class='ocrx_word' id='word_1_227' title='bbox 1059 1109 1128 1140; x_wconf 83' lang='lat' dir='ltr'><strong>fuit.</strong></span> 
     </span>
    </p>

    <p class='ocr_par' dir='ltr' id='par_1_4' title="bbox 72 1156 1410 1807">
     <span class='ocr_line' id='line_1_22' title="bbox 121 1156 1407 1197; baseline 0.001 -12"><span class='ocrx_word' id='word_1_228' title='bbox 121 1158 155 1185; x_wconf 88' lang='lat' dir='ltr'><strong>L.</strong></span> <span class='ocrx_word' id='word_1_229' title='bbox 179 1156 257 1187; x_wconf 83' lang='lat' dir='ltr'><strong>Laeti</strong></span> <span class='ocrx_word' id='word_1_230' title='bbox 284 1165 388 1196; x_wconf 86' lang='lat' dir='ltr'><strong>neque</strong></span> <span class='ocrx_word' id='word_1_231' title='bbox 413 1157 524 1197; x_wconf 87' lang='lat' dir='ltr'><strong>procul</strong></span> <span class='ocrx_word' id='word_1_232' title='bbox 549 1157 695 1188; x_wconf 79' lang='lat' dir='ltr'><strong>Germani</strong></span> <span class='ocrx_word' id='word_1_233' title='bbox 726 1156 910 1196; x_wconf 78' lang='lat' dir='ltr'><strong>agitabant,</strong></span> <span class='ocrx_word' id='word_1_234' title='bbox 935 1156 1014 1186; x_wconf 90' lang='lat' dir='ltr'><strong>dum</strong></span> <span class='ocrx_word' id='word_1_235' title='bbox 1037 1156 1161 1195; x_wconf 79' lang='lat' dir='ltr'><strong>justitio</strong></span> <span class='ocrx_word' id='word_1_236' title='bbox 1187 1156 1229 1186; x_wconf 86' lang='lat' dir='ltr'><strong>ob</strong></span> <span class='ocrx_word' id='word_1_237' title='bbox 1251 1156 1407 1187; x_wconf 80' lang='lat' dir='ltr'><strong>amissum</strong></span> 
     </span>
     <span class='ocr_line' id='line_1_23' title="bbox 83 1203 1410 1243; baseline 0.001 -11"><span class='ocrx_word' id='word_1_238' title='bbox 83 1204 278 1241; x_wconf 77' lang='lat' dir='ltr'><strong>Augustum,</strong></span> <span class='ocrx_word' id='word_1_239' title='bbox 294 1205 366 1242; x_wconf 83' lang='lat' dir='ltr'><strong>post</strong></span> <span class='ocrx_word' id='word_1_240' title='bbox 383 1203 555 1234; x_wconf 82' lang='lat' dir='ltr'><strong>discordiis</strong></span> <span class='ocrx_word' id='word_1_241' title='bbox 571 1204 783 1234; x_wconf 83' lang='lat' dir='ltr'><strong>attinemur¹.</strong></span> <span class='ocrx_word' id='word_1_242' title='bbox 809 1206 841 1234; x_wconf 85' lang='lat' dir='ltr'><strong>at</strong></span> <span class='ocrx_word' id='word_1_243' title='bbox 858 1208 1023 1233; x_wconf 80' lang='lat' dir='ltr'><strong>Romanus</strong></span> <span class='ocrx_word' id='word_1_244' title='bbox 1049 1203 1176 1242; x_wconf 81' lang='lat' dir='ltr'><strong>agmine</strong></span> <span class='ocrx_word' id='word_1_245' title='bbox 1200 1212 1334 1243; x_wconf 84' lang='lat' dir='ltr'><strong>propero</strong></span> <span class='ocrx_word' id='word_1_246' title='bbox 1358 1203 1410 1233; x_wconf 63' lang='lat' dir='ltr'><strong>sil·</strong></span> 
     </span>
     <span class='ocr_line' id='line_1_24' title="bbox 79 1249 1409 1290; baseline 0.002 -13"><span class='ocrx_word' id='word_1_247' title='bbox 79 1256 152 1278; x_wconf 78' lang='lat' dir='ltr'><strong>vam</strong></span> <span class='ocrx_word' id='word_1_248' title='bbox 173 1249 308 1280; x_wconf 81' lang='lat' dir='ltr'><strong>Caesiam</strong></span> <span class='ocrx_word' id='word_1_249' title='bbox 343 1250 546 1290; x_wconf 84' lang='lat' dir='ltr'><strong>limitemque</strong></span> <span class='ocrx_word' id='word_1_250' title='bbox 563 1260 580 1281; x_wconf 93' lang='lat' dir='ltr'><strong>a</strong></span> <span class='ocrx_word' id='word_1_251' title='bbox 608 1249 735 1281; x_wconf 84' lang='lat' dir='ltr'><strong>Tiberio</strong></span> <span class='ocrx_word' id='word_1_252' title='bbox 758 1251 901 1289; x_wconf 66' lang='lat' dir='ltr'><strong>creptum</strong></span> <span class='ocrx_word' id='word_1_253' title='bbox 917 1249 927 1266; x_wconf 82' lang='lat'><strong>²</strong></span> <span class='ocrx_word' id='word_1_254' title='bbox 949 1250 1090 1289; x_wconf 85' lang='lat' dir='ltr'><strong>scindit,</strong></span> <span class='ocrx_word' id='word_1_255' title='bbox 1119 1251 1223 1280; x_wconf 82' lang='lat' dir='ltr'><strong>castra</strong></span> <span class='ocrx_word' id='word_1_256' title='bbox 1249 1250 1279 1280; x_wconf 89' lang='lat' dir='ltr'><strong>in</strong></span> <span class='ocrx_word' id='word_1_257' title='bbox 1307 1250 1409 1281; x_wconf 82' lang='lat' dir='ltr'><strong>limite</strong></span> 
     </span>
     <span class='ocr_line' id='line_1_25' title="bbox 78 1294 1409 1336; baseline 0.002 -11"><span class='ocrx_word' id='word_1_258' title='bbox 78 1294 181 1335; x_wconf 79' lang='lat' dir='ltr'><strong>locat3</strong></span> <span class='ocrx_word' id='word_1_259' title='bbox 210 1296 348 1327; x_wconf 85' lang='lat' dir='ltr'><strong>frontem</strong></span> <span class='ocrx_word' id='word_1_260' title='bbox 367 1306 404 1327; x_wconf 89' lang='lat' dir='ltr'><strong>ac</strong></span> <span class='ocrx_word' id='word_1_261' title='bbox 422 1300 547 1336; x_wconf 81' lang='lat' dir='ltr'><strong>tergum</strong></span> <span class='ocrx_word' id='word_1_262' title='bbox 566 1296 650 1327; x_wconf 74' lang='lat' dir='ltr'><strong>vallo</strong></span> <span class='ocrx_word' id='word_1_263' title='bbox 664 1321 672 1335; x_wconf 95' lang='lat'>,</span> <span class='ocrx_word' id='word_1_264' title='bbox 694 1296 794 1327; x_wconf 80' lang='lat' dir='ltr'><strong>latera</strong></span> <span class='ocrx_word' id='word_1_265' title='bbox 811 1296 1017 1327; x_wconf 61' lang='lat' dir='ltr'><strong>concaedibus</strong></span> <span class='ocrx_word' id='word_1_266' title='bbox 1038 1299 1190 1326; x_wconf 78' lang='lat' dir='ltr'><strong>mumius.</strong></span> <span class='ocrx_word' id='word_1_267' title='bbox 1212 1297 1286 1327; x_wconf 81' lang='lat' dir='ltr'><strong>inde</strong></span> <span class='ocrx_word' id='word_1_268' title='bbox 1308 1297 1409 1327; x_wconf 77' lang='lat' dir='ltr'><strong>saltus</strong></span> 
     </span>
     <span class='ocr_line' id='line_1_26' title="bbox 77 1341 1405 1383; baseline 0.002 -11"><span class='ocrx_word' id='word_1_269' title='bbox 77 1341 228 1373; x_wconf 88' lang='lat' dir='ltr'><strong>obscuros</strong></span> <span class='ocrx_word' id='word_1_270' title='bbox 242 1346 395 1383; x_wconf 82' lang='lat' dir='ltr'><strong>permeat,</strong></span> <span class='ocrx_word' id='word_1_271' title='bbox 413 1343 650 1383; x_wconf 84' lang='lat' dir='ltr'><strong>consultatque,</strong></span> <span class='ocrx_word' id='word_1_272' title='bbox 670 1351 714 1373; x_wconf 62' lang='lat' dir='ltr'><strong>ez</strong></span> <span class='ocrx_word' id='word_1_273' title='bbox 730 1343 862 1373; x_wconf 74' lang='lat' dir='ltr'><strong>(luobus</strong></span> <span class='ocrx_word' id='word_1_274' title='bbox 879 1342 1062 1373; x_wconf 64' lang='lat' dir='ltr'><strong>itineribus</strong></span> <span class='ocrx_word' id='word_1_275' title='bbox 1081 1343 1180 1373; x_wconf 70' lang='lat' dir='ltr'><strong>breve</strong></span> <span class='ocrx_word' id='word_1_276' title='bbox 1197 1345 1230 1373; x_wconf 78' lang='lat' dir='ltr'><strong>el</strong></span> <span class='ocrx_word' id='word_1_277' title='bbox 1240 1344 1378 1374; x_wconf 72' lang='lat' dir='ltr'><strong>solilum</strong></span> <span class='ocrx_word' id='word_1_278' title='bbox 1395 1344 1405 1359; x_wconf 74' lang='lat'><strong>³²</strong></span> 
     </span>
     <span class='ocr_line' id='line_1_27' title="bbox 77 1389 1405 1430; baseline 0 -10"><span class='ocrx_word' id='word_1_279' title='bbox 77 1391 257 1429; x_wconf 71' lang='lat' dir='ltr'><strong>sequatur,</strong></span> <span class='ocrx_word' id='word_1_280' title='bbox 273 1399 317 1421; x_wconf 85' lang='lat' dir='ltr'><strong>an</strong></span> <span class='ocrx_word' id='word_1_281' title='bbox 334 1391 530 1430; x_wconf 72' lang='lat' dir='ltr'><strong>impeditius</strong></span> <span class='ocrx_word' id='word_1_282' title='bbox 556 1392 588 1421; x_wconf 82' lang='lat' dir='ltr'><strong>el</strong></span> <span class='ocrx_word' id='word_1_283' title='bbox 610 1389 848 1421; x_wconf 57' lang='lat' dir='ltr'><strong>‘inlenlalnm‘</strong></span> <span class='ocrx_word' id='word_1_284' title='bbox 881 1398 984 1429; x_wconf 76' lang='lat' dir='ltr'><strong>eoque</strong></span> <span class='ocrx_word' id='word_1_285' title='bbox 1008 1389 1163 1420; x_wconf 59' lang='lat' dir='ltr'><strong>hostibus</strong></span> <span class='ocrx_word' id='word_1_286' title='bbox 1185 1392 1363 1421; x_wconf 61' lang='lat' dir='ltr'><strong>meatuum</strong></span> <span class='ocrx_word' id='word_1_287' title='bbox 1382 1391 1405 1420; x_wconf 84' lang='grc'>-’·.</span> 
     </span>
     <span class='ocr_line' id='line_1_28' title="bbox 78 1435 1408 1477; baseline 0 -11"><span class='ocrx_word' id='word_1_288' title='bbox 78 1435 199 1468; x_wconf 87' lang='lat' dir='ltr'><strong>delecta</strong></span> <span class='ocrx_word' id='word_1_289' title='bbox 216 1437 358 1477; x_wconf 80' lang='lat' dir='ltr'><strong>longiore</strong></span> <span class='ocrx_word' id='word_1_290' title='bbox 377 1439 429 1468; x_wconf 67' lang='lat' dir='ltr'><strong>via</strong></span> <span class='ocrx_word' id='word_1_291' title='bbox 455 1440 561 1469; x_wconf 85' lang='lat' dir='ltr'><strong>cetera</strong></span> <span class='ocrx_word' id='word_1_292' title='bbox 585 1437 807 1468; x_wconf 75' lang='lat' dir='ltr'><strong>accelerantur</strong></span> <span class='ocrx_word' id='word_1_293' title='bbox 826 1447 832 1466; x_wconf 87' lang='lat'>:</span> <span class='ocrx_word' id='word_1_294' title='bbox 852 1436 970 1467; x_wconf 77' lang='lat' dir='ltr'><strong>etenim</strong></span> <span class='ocrx_word' id='word_1_295' title='bbox 987 1436 1163 1467; x_wconf 78' lang='lat' dir='ltr'><strong>attulerant</strong></span> <span class='ocrx_word' id='word_1_296' title='bbox 1189 1437 1408 1476; x_wconf 69' lang='lat' dir='ltr'><strong>‹=x-plor;11‹‚1·e.&lt;</strong></span> 
     </span>
     <span class='ocr_line' id='line_1_29' title="bbox 72 1483 1407 1526; baseline -0.001 -11"><span class='ocrx_word' id='word_1_297' title='bbox 72 1483 200 1526; x_wconf 76' lang='lat' dir='ltr'><strong>festam</strong></span> <span class='ocrx_word' id='word_1_298' title='bbox 216 1493 291 1515; x_wconf 81' lang='lat' dir='ltr'><strong>eam</strong></span> <span class='ocrx_word' id='word_1_299' title='bbox 311 1486 492 1516; x_wconf 70' lang='lat' dir='ltr'><strong>Germanis</strong></span> <span class='ocrx_word' id='word_1_300' title='bbox 517 1487 648 1515; x_wconf 81' lang='lat' dir='ltr'><strong>noctem</strong></span> <span class='ocrx_word' id='word_1_301' title='bbox 671 1492 712 1515; x_wconf 83' lang='lat' dir='ltr'><strong>ac</strong></span> <span class='ocrx_word' id='word_1_302' title='bbox 731 1483 929 1514; x_wconf 74' lang='lat' dir='ltr'><strong>solennibus</strong></span> <span class='ocrx_word' id='word_1_303' title='bbox 945 1484 1055 1523; x_wconf 74' lang='lat' dir='ltr'><strong>epulis</strong></span> <span class='ocrx_word' id='word_1_304' title='bbox 1078 1483 1265 1515; x_wconf 70' lang='lat' dir='ltr'><strong>ludicram.</strong></span> <span class='ocrx_word' id='word_1_305' title='bbox 1280 1484 1407 1515; x_wconf 37' lang='lat' dir='ltr'><strong>(serina</strong></span> 
     </span>
     <span class='ocr_line' id='line_1_30' title="bbox 77 1530 1406 1571; baseline 0.001 -11"><span class='ocrx_word' id='word_1_306' title='bbox 77 1538 151 1561; x_wconf 84' lang='lat' dir='ltr'><strong>cum</strong></span> <span class='ocrx_word' id='word_1_307' title='bbox 168 1531 326 1571; x_wconf 86' lang='lat' dir='ltr'><strong>expeditis</strong></span> <span class='ocrx_word' id='word_1_308' title='bbox 341 1531 527 1562; x_wconf 80' lang='lat' dir='ltr'><strong>cohortibus</strong></span> <span class='ocrx_word' id='word_1_309' title='bbox 547 1531 661 1571; x_wconf 62' lang='lat' dir='ltr'><strong>praeire</strong></span> <span class='ocrx_word' id='word_1_310' title='bbox 684 1533 714 1562; x_wconf 86' lang='lat' dir='ltr'><strong>et</strong></span> <span class='ocrx_word' id='word_1_311' title='bbox 739 1530 903 1561; x_wconf 82' lang='lat' dir='ltr'><strong>obstantia</strong></span> <span class='ocrx_word' id='word_1_312' title='bbox 929 1530 1084 1561; x_wconf 85' lang='lat' dir='ltr'><strong>silvarum</strong></span> <span class='ocrx_word' id='word_1_313' title='bbox 1103 1530 1227 1561; x_wconf 83' lang='lat' dir='ltr'><strong>amoliri</strong></span> <span class='ocrx_word' id='word_1_314' title='bbox 1250 1530 1381 1569; x_wconf 75' lang='lat' dir='ltr'><strong>jubetur</strong></span> <span class='ocrx_word' id='word_1_315' title='bbox 1398 1541 1406 1561; x_wconf 80' lang='lat'>2</span> 
     </span>
     <span class='ocr_line' id='line_1_31' title="bbox 78 1576 1407 1618; baseline 0.001 -10"><span class='ocrx_word' id='word_1_316' title='bbox 78 1576 218 1616; x_wconf 82' lang='lat' dir='ltr'><strong>legiones</strong></span> <span class='ocrx_word' id='word_1_317' title='bbox 235 1578 362 1610; x_wconf 87' lang='lat' dir='ltr'><strong>modico</strong></span> <span class='ocrx_word' id='word_1_318' title='bbox 380 1578 549 1610; x_wconf 75' lang='lat' dir='ltr'><strong>intervallo</strong></span> <span class='ocrx_word' id='word_1_319' title='bbox 565 1580 758 1618; x_wconf 85' lang='lat' dir='ltr'><strong>sequuntur.</strong></span> <span class='ocrx_word' id='word_1_320' title='bbox 778 1578 864 1618; x_wconf 72' lang='lat' dir='ltr'><strong>juvit</strong></span> <span class='ocrx_word' id='word_1_321' title='bbox 883 1586 947 1608; x_wconf 85' lang='lat' dir='ltr'><strong>nox</strong></span> <span class='ocrx_word' id='word_1_322' title='bbox 967 1577 1126 1609; x_wconf 77' lang='lat' dir='ltr'><strong>sideribus</strong></span> <span class='ocrx_word' id='word_1_323' title='bbox 1150 1577 1287 1608; x_wconf 85' lang='lat' dir='ltr'><strong>illustris</strong></span> <span class='ocrx_word' id='word_1_324' title='bbox 1300 1602 1308 1617; x_wconf 89' lang='lat'>‚</span> <span class='ocrx_word' id='word_1_325' title='bbox 1334 1587 1407 1609; x_wconf 70' lang='lat' dir='ltr'><strong>ven-</strong></span> 
     </span>
     <span class='ocr_line' id='line_1_32' title="bbox 77 1625 1407 1665; baseline 0 -9"><span class='ocrx_word' id='word_1_326' title='bbox 77 1626 212 1665; x_wconf 87' lang='lat' dir='ltr'><strong>tumque</strong></span> <span class='ocrx_word' id='word_1_327' title='bbox 228 1625 268 1656; x_wconf 86' lang='lat' dir='ltr'><strong>ad</strong></span> <span class='ocrx_word' id='word_1_328' title='bbox 283 1626 372 1657; x_wconf 78' lang='lat' dir='ltr'><strong>vicos</strong></span> <span class='ocrx_word' id='word_1_329' title='bbox 387 1631 578 1663; x_wconf 75' lang='lat' dir='ltr'><strong>Marsorum,</strong></span> <span class='ocrx_word' id='word_1_330' title='bbox 605 1628 637 1656; x_wconf 87' lang='lat' dir='ltr'><strong>et</strong></span> <span class='ocrx_word' id='word_1_331' title='bbox 653 1625 865 1656; x_wconf 74' lang='lat' dir='ltr'><strong>circumdatae</strong></span> <span class='ocrx_word' id='word_1_332' title='bbox 891 1625 1059 1664; x_wconf 79' lang='lat' dir='ltr'><strong>stationeS,</strong></span> <span class='ocrx_word' id='word_1_333' title='bbox 1082 1625 1190 1656; x_wconf 86' lang='lat' dir='ltr'><strong>stratis</strong></span> <span class='ocrx_word' id='word_1_334' title='bbox 1213 1625 1311 1656; x_wconf 80' lang='lat' dir='ltr'><strong>etiam</strong></span> <span class='ocrx_word' id='word_1_335' title='bbox 1336 1626 1407 1656; x_wconf 88' lang='lat' dir='ltr'><strong>tum</strong></span> 
     </span>
     <span class='ocr_line' id='line_1_33' title="bbox 77 1671 1406 1713; baseline -0.001 -10"><span class='ocrx_word' id='word_1_336' title='bbox 77 1681 133 1712; x_wconf 87' lang='lat' dir='ltr'><strong>per</strong></span> <span class='ocrx_word' id='word_1_337' title='bbox 146 1672 265 1703; x_wconf 86' lang='lat' dir='ltr'><strong>cubitia</strong></span> <span class='ocrx_word' id='word_1_338' title='bbox 280 1672 305 1712; x_wconf 59' lang='grc' dir='ltr'><strong>ὃ,</strong></span> <span class='ocrx_word' id='word_1_339' title='bbox 332 1675 527 1713; x_wconf 80' lang='lat' dir='ltr'><strong>propterque</strong></span> <span class='ocrx_word' id='word_1_340' title='bbox 545 1681 690 1711; x_wconf 83' lang='lat' dir='ltr'><strong>mensas,</strong></span> <span class='ocrx_word' id='word_1_341' title='bbox 720 1672 810 1703; x_wconf 90' lang='lat' dir='ltr'><strong>nullo</strong></span> <span class='ocrx_word' id='word_1_342' title='bbox 834 1674 922 1703; x_wconf 90' lang='lat' dir='ltr'><strong>metu</strong></span> <span class='ocrx_word' id='word_1_343' title='bbox 935 1696 943 1711; x_wconf 91' lang='lat'>‚</span> <span class='ocrx_word' id='word_1_344' title='bbox 968 1681 1032 1702; x_wconf 87' lang='lat' dir='ltr'><strong>non</strong></span> <span class='ocrx_word' id='word_1_345' title='bbox 1050 1671 1240 1712; x_wconf 81' lang='lat' dir='ltr'><strong>antepositis</strong></span> <span class='ocrx_word' id='word_1_346' title='bbox 1264 1672 1406 1711; x_wconf 73' lang='lat' dir='ltr'><strong>vigiliis:</strong></span> 
     </span>
     <span class='ocr_line' id='line_1_34' title="bbox 78 1714 1404 1760; baseline 0 -11"><span class='ocrx_word' id='word_1_347' title='bbox 78 1718 157 1750; x_wconf 86' lang='lat' dir='ltr'><strong>adeo</strong></span> <span class='ocrx_word' id='word_1_348' title='bbox 173 1721 288 1751; x_wconf 90' lang='lat' dir='ltr'><strong>cuncta</strong></span> <span class='ocrx_word' id='word_1_349' title='bbox 302 1720 426 1751; x_wconf 87' lang='lat' dir='ltr'><strong>incuria</strong></span> <span class='ocrx_word' id='word_1_350' title='bbox 442 1720 575 1760; x_wconf 85' lang='lat' dir='ltr'><strong>disjecta</strong></span> <span class='ocrx_word' id='word_1_351' title='bbox 591 1721 704 1759; x_wconf 84' lang='lat' dir='ltr'><strong>erant,</strong></span> <span class='ocrx_word' id='word_1_352' title='bbox 725 1728 828 1759; x_wconf 90' lang='lat' dir='ltr'><strong>neque</strong></span> <span class='ocrx_word' id='word_1_353' title='bbox 846 1718 921 1750; x_wconf 85' lang='lat' dir='ltr'><strong>belli</strong></span> <span class='ocrx_word' id='word_1_354' title='bbox 938 1719 1057 1758; x_wconf 83' lang='lat' dir='ltr'><strong>timor;</strong></span> <span class='ocrx_word' id='word_1_355' title='bbox 1082 1727 1118 1749; x_wconf 93' lang='lat' dir='ltr'><strong>ac</strong></span> <span class='ocrx_word' id='word_1_356' title='bbox 1135 1727 1176 1750; x_wconf 90' lang='lat' dir='ltr'><strong>ne</strong></span> <span class='ocrx_word' id='word_1_357' title='bbox 1192 1714 1404 1759; x_wconf 69' lang='lat' dir='ltr'><strong>pax‘quidem</strong></span> 
     </span>
     <span class='ocr_line' id='line_1_35' title="bbox 78 1765 823 1807; baseline 0.001 -11"><span class='ocrx_word' id='word_1_358' title='bbox 78 1765 138 1797; x_wconf 88' lang='lat' dir='ltr'><strong>nisi</strong></span> <span class='ocrx_word' id='word_1_359' title='bbox 156 1766 305 1807; x_wconf 84' lang='lat' dir='ltr'><strong>languida</strong></span> <span class='ocrx_word' id='word_1_360' title='bbox 319 1770 349 1798; x_wconf 81' lang='lat' dir='ltr'><strong>et</strong></span> <span class='ocrx_word' id='word_1_361' title='bbox 367 1767 472 1798; x_wconf 81' lang='lat' dir='ltr'><strong>soluta</strong></span> <span class='ocrx_word' id='word_1_362' title='bbox 490 1768 570 1798; x_wconf 87' lang='lat' dir='ltr'><strong>inter</strong></span> <span class='ocrx_word' id='word_1_363' title='bbox 587 1766 782 1797; x_wconf 83' lang='lat' dir='ltr'><strong>temulentos</strong></span> <span class='ocrx_word' id='word_1_364' title='bbox 798 1766 823 1797; x_wconf 82' lang='lat'><strong>⁷.</strong></span> 
     </span>
    </p>

    <p class='ocr_par' dir='ltr' id='par_1_5' title="bbox 76 1812 1408 2041">
     <span class='ocr_line' id='line_1_36' title="bbox 119 1812 1406 1854; baseline -0.001 -11"><span class='ocrx_word' id='word_1_365' title='bbox 119 1816 169 1844; x_wconf 88' lang='lat' dir='ltr'><strong>LI.</strong></span> <span class='ocrx_word' id='word_1_366' title='bbox 194 1817 299 1845; x_wconf 83' lang='lat' dir='ltr'><strong>Caesar</strong></span> <span class='ocrx_word' id='word_1_367' title='bbox 315 1814 427 1845; x_wconf 87' lang='lat' dir='ltr'><strong>avidas</strong></span> <span class='ocrx_word' id='word_1_368' title='bbox 445 1814 597 1854; x_wconf 83' lang='lat' dir='ltr'><strong>legiones,</strong></span> <span class='ocrx_word' id='word_1_369' title='bbox 616 1822 680 1853; x_wconf 90' lang='lat' dir='ltr'><strong>quo</strong></span> <span class='ocrx_word' id='word_1_370' title='bbox 697 1813 791 1845; x_wconf 85' lang='lat' dir='ltr'><strong>latior</strong></span> <span class='ocrx_word' id='word_1_371' title='bbox 814 1813 980 1854; x_wconf 85' lang='lat' dir='ltr'><strong>populatio</strong></span> <span class='ocrx_word' id='word_1_372' title='bbox 997 1813 1099 1851; x_wconf 74' lang='lat' dir='ltr'><strong>soret,</strong></span> <span class='ocrx_word' id='word_1_373' title='bbox 1122 1813 1277 1852; x_wconf 80' lang='lat' dir='ltr'><strong>quattuor</strong></span> <span class='ocrx_word' id='word_1_374' title='bbox 1299 1812 1330 1843; x_wconf 92' lang='lat' dir='ltr'><strong>in</strong></span> <span class='ocrx_word' id='word_1_375' title='bbox 1354 1821 1406 1843; x_wconf 91' lang='lat' dir='ltr'><strong>cu-</strong></span> 
     </span>
     <span class='ocr_line' id='line_1_37' title="bbox 78 1859 1407 1900; baseline -0.001 -10"><span class='ocrx_word' id='word_1_376' title='bbox 78 1867 155 1890; x_wconf 81' lang='lat' dir='ltr'><strong>neos</strong></span> <span class='ocrx_word' id='word_1_377' title='bbox 182 1859 331 1899; x_wconf 84' lang='lat' dir='ltr'><strong>dispertit</strong></span> <span class='ocrx_word' id='word_1_378' title='bbox 358 1870 365 1890; x_wconf 90' lang='grc'>;</span> <span class='ocrx_word' id='word_1_379' title='bbox 391 1860 624 1900; x_wconf 80' lang='lat' dir='ltr'><strong>quinquaginta</strong></span> <span class='ocrx_word' id='word_1_380' title='bbox 650 1859 787 1891; x_wconf 87' lang='lat' dir='ltr'><strong>millium</strong></span> <span class='ocrx_word' id='word_1_381' title='bbox 818 1861 961 1900; x_wconf 84' lang='lat' dir='ltr'><strong>spatium</strong></span> <span class='ocrx_word' id='word_1_382' title='bbox 991 1860 1073 1891; x_wconf 87' lang='lat' dir='ltr'><strong>ferro</strong></span> <span class='ocrx_word' id='word_1_383' title='bbox 1106 1859 1308 1899; x_wconf 81' lang='lat' dir='ltr'><strong>flammisque</strong></span> <span class='ocrx_word' id='word_1_384' title='bbox 1340 1868 1407 1899; x_wconf 86' lang='lat' dir='ltr'><strong>per-</strong></span> 
     </span>
     <span class='ocr_line' id='line_1_38' title="bbox 78 1906 1407 1947; baseline 0.001 -12"><span class='ocrx_word' id='word_1_385' title='bbox 78 1907 186 1938; x_wconf 76' lang='lat' dir='ltr'><strong>vastat</strong></span> <span class='ocrx_word' id='word_1_386' title='bbox 205 1916 212 1936; x_wconf 93' lang='lat'>:</span> <span class='ocrx_word' id='word_1_387' title='bbox 229 1915 294 1937; x_wconf 91' lang='lat' dir='ltr'><strong>non</strong></span> <span class='ocrx_word' id='word_1_388' title='bbox 310 1915 417 1945; x_wconf 85' lang='lat' dir='ltr'><strong>sexus,</strong></span> <span class='ocrx_word' id='word_1_389' title='bbox 433 1915 496 1937; x_wconf 88' lang='lat' dir='ltr'><strong>non</strong></span> <span class='ocrx_word' id='word_1_390' title='bbox 508 1909 586 1937; x_wconf 83' lang='lat' dir='ltr'><strong>aetas</strong></span> <span class='ocrx_word' id='word_1_391' title='bbox 600 1907 841 1938; x_wconf 83' lang='lat' dir='ltr'><strong>miserationem</strong></span> <span class='ocrx_word' id='word_1_392' title='bbox 855 1906 984 1945; x_wconf 89' lang='lat' dir='ltr'><strong>attulit;</strong></span> <span class='ocrx_word' id='word_1_393' title='bbox 1001 1906 1134 1947; x_wconf 81' lang='lat' dir='ltr'><strong>protana</strong></span> <span class='ocrx_word' id='word_1_394' title='bbox 1147 1906 1244 1936; x_wconf 88' lang='lat' dir='ltr'><strong>simul</strong></span> <span class='ocrx_word' id='word_1_395' title='bbox 1262 1908 1293 1936; x_wconf 88' lang='lat' dir='ltr'><strong>et</strong></span> <span class='ocrx_word' id='word_1_396' title='bbox 1304 1915 1407 1947; x_wconf 80' lang='lat' dir='ltr'><strong>sacra,</strong></span> 
     </span>
     <span class='ocr_line' id='line_1_39' title="bbox 79 1952 1408 1993; baseline 0 -9"><span class='ocrx_word' id='word_1_397' title='bbox 79 1955 110 1985; x_wconf 90' lang='lat' dir='ltr'><strong>et</strong></span> <span class='ocrx_word' id='word_1_398' title='bbox 125 1952 369 1984; x_wconf 86' lang='lat' dir='ltr'><strong>celeberrimum</strong></span> <span class='ocrx_word' id='word_1_399' title='bbox 388 1953 450 1984; x_wconf 83' lang='lat' dir='ltr'><strong>illis</strong></span> <span class='ocrx_word' id='word_1_400' title='bbox 465 1952 616 1993; x_wconf 83' lang='lat' dir='ltr'><strong>gentibus</strong></span> <span class='ocrx_word' id='word_1_401' title='bbox 631 1953 789 1993; x_wconf 89' lang='lat' dir='ltr'><strong>templum</strong></span> <span class='ocrx_word' id='word_1_402' title='bbox 808 1953 815 1971; x_wconf 87' lang='lat'><strong>¹</strong></span> <span class='ocrx_word' id='word_1_403' title='bbox 829 1978 838 1993; x_wconf 93' lang='lat'><strong><em>,</em></strong></span> <span class='ocrx_word' id='word_1_404' title='bbox 857 1953 944 1993; x_wconf 90' lang='lat' dir='ltr'><strong>quod</strong></span> <span class='ocrx_word' id='word_1_405' title='bbox 964 1953 1134 1992; x_wconf 79' lang='lat' dir='ltr'><em>Tanfanoe</em></span> <span class='ocrx_word' id='word_1_406' title='bbox 1151 1952 1324 1992; x_wconf 73' lang='lat' dir='ltr'><strong>vocabant,</strong></span> <span class='ocrx_word' id='word_1_407' title='bbox 1339 1953 1408 1984; x_wconf 81' lang='lat' dir='ltr'><strong>solo</strong></span> 
     </span>
     <span class='ocr_line' id='line_1_40' title="bbox 76 1999 1408 2041; baseline -0.001 -9"><span class='ocrx_word' id='word_1_408' title='bbox 76 2003 258 2041; x_wconf 86' lang='lat' dir='ltr'><strong>aequantur.</strong></span> <span class='ocrx_word' id='word_1_409' title='bbox 282 2000 352 2032; x_wconf 85' lang='lat' dir='ltr'><strong>sine</strong></span> <span class='ocrx_word' id='word_1_410' title='bbox 367 2000 499 2032; x_wconf 82' lang='lat' dir='ltr'><strong>vulnere</strong></span> <span class='ocrx_word' id='word_1_411' title='bbox 519 2000 636 2031; x_wconf 88' lang='lat' dir='ltr'><strong>milites</strong></span> <span class='ocrx_word' id='word_1_412' title='bbox 649 2024 658 2039; x_wconf 94' lang='lat'>‚</span> <span class='ocrx_word' id='word_1_413' title='bbox 677 2000 733 2040; x_wconf 93' lang='lat' dir='ltr'><strong>qui</strong></span> <span class='ocrx_word' id='word_1_414' title='bbox 757 2000 972 2031; x_wconf 88' lang='lat' dir='ltr'><strong>semisomnos</strong></span> <span class='ocrx_word' id='word_1_415' title='bbox 986 2023 995 2038; x_wconf 94' lang='lat'>‚</span> <span class='ocrx_word' id='word_1_416' title='bbox 1016 1999 1158 2030; x_wconf 88' lang='lat' dir='ltr'><strong>inermos</strong></span> <span class='ocrx_word' id='word_1_417' title='bbox 1187 2002 1242 2030; x_wconf 83' lang='lat' dir='ltr'><strong>aut</strong></span> <span class='ocrx_word' id='word_1_418' title='bbox 1264 1999 1408 2039; x_wconf 86' lang='lat' dir='ltr'><strong>palantes</strong></span> 
     </span>
    </p>
   </div>
   <div class='ocr_carea' id='block_1_3' title="bbox 76 2082 1408 2433">
    <p class='ocr_par' dir='ltr' id='par_1_6' title="bbox 107 2082 1166 2114">
     <span class='ocr_line' id='line_1_41' title="bbox 107 2082 1166 2114; baseline -0.004 -5"><span class='ocrx_word' id='word_1_419' title='bbox 107 2084 221 2110; x_wconf 81' lang='lat' dir='ltr'><strong>XLVIII.</strong></span> <span class='ocrx_word' id='word_1_420' title='bbox 239 2089 258 2108; x_wconf 75' lang='grc' dir='ltr'><strong>ι.</strong></span> <span class='ocrx_word' id='word_1_421' title='bbox 269 2084 405 2112; x_wconf 84' lang='lat' dir='ltr'><strong>Tentoria,</strong></span> <span class='ocrx_word' id='word_1_422' title='bbox 417 2085 443 2107; x_wconf 92' lang='lat' dir='ltr'><strong>in</strong></span> <span class='ocrx_word' id='word_1_423' title='bbox 457 2084 552 2114; x_wconf 86' lang='lat' dir='ltr'><strong>quibus</strong></span> <span class='ocrx_word' id='word_1_424' title='bbox 563 2084 624 2108; x_wconf 84' lang='lat' dir='ltr'><strong>deni</strong></span> <span class='ocrx_word' id='word_1_425' title='bbox 639 2084 736 2107; x_wconf 83' lang='lat' dir='ltr'><strong>milites</strong></span> <span class='ocrx_word' id='word_1_426' title='bbox 747 2083 796 2107; x_wconf 89' lang='lat' dir='ltr'><strong>sub</strong></span> <span class='ocrx_word' id='word_1_427' title='bbox 808 2084 916 2107; x_wconf 84' lang='lat' dir='ltr'><strong>decano</strong></span> <span class='ocrx_word' id='word_1_428' title='bbox 929 2083 1010 2106; x_wconf 90' lang='lat' dir='ltr'><strong>simul</strong></span> <span class='ocrx_word' id='word_1_429' title='bbox 1023 2082 1166 2112; x_wconf 64' lang='lat' dir='ltr'><strong>degebant,</strong></span> 
     </span>
    </p>

    <p class='ocr_par' dir='ltr' id='par_1_7' title="bbox 76 2117 1406 2185">
     <span class='ocr_line' id='line_1_42' title="bbox 107 2117 1406 2150; baseline -0.003 -5"><span class='ocrx_word' id='word_1_430' title='bbox 107 2120 201 2145; x_wconf 80' lang='lat' dir='ltr'>XLIX.</span> <span class='ocrx_word' id='word_1_431' title='bbox 225 2124 245 2143; x_wconf 70' lang='grc' dir='ltr'><strong>ι.</strong></span> <span class='ocrx_word' id='word_1_432' title='bbox 259 2120 401 2143; x_wconf 85' lang='lat' dir='ltr'><strong>Dimidiam</strong></span> <span class='ocrx_word' id='word_1_433' title='bbox 423 2122 528 2150; x_wconf 82' lang='lat' dir='ltr'><strong>partein</strong></span> <span class='ocrx_word' id='word_1_434' title='bbox 548 2126 653 2143; x_wconf 88' lang='lat' dir='ltr'><strong>earum.</strong></span> <span class='ocrx_word' id='word_1_435' title='bbox 678 2119 746 2143; x_wconf 80' lang='lat' dir='ltr'><strong>Nam</strong></span> <span class='ocrx_word' id='word_1_436' title='bbox 769 2119 887 2143; x_wconf 77' lang='lat' dir='ltr'><strong>habebat</strong></span> <span class='ocrx_word' id='word_1_437' title='bbox 906 2120 1035 2148; x_wconf 85' lang='lat' dir='ltr'><strong>quattuor</strong></span> <span class='ocrx_word' id='word_1_438' title='bbox 1054 2118 1176 2148; x_wconf 80' lang='lat' dir='ltr'><strong>legiones</strong></span> <span class='ocrx_word' id='word_1_439' title='bbox 1189 2123 1216 2143; x_wconf 72' lang='lat'><strong>2⁴</strong></span> <span class='ocrx_word' id='word_1_440' title='bbox 1237 2117 1357 2142; x_wconf 87' lang='lat' dir='ltr'><strong>millium.</strong></span> <span class='ocrx_word' id='word_1_441' title='bbox 1379 2133 1406 2138; x_wconf 76' lang='lat'><em>-</em></span> 
     </span>
     <span class='ocr_line' id='line_1_43' title="bbox 76 2153 1038 2185; baseline -0.002 -6"><span class='ocrx_word' id='word_1_442' title='bbox 76 2163 102 2182; x_wconf 64' lang='grc' dir='ltr'><strong>α,</strong></span> <span class='ocrx_word' id='word_1_443' title='bbox 115 2154 188 2180; x_wconf 80' lang='lat' dir='ltr'><strong>Mille</strong></span> <span class='ocrx_word' id='word_1_444' title='bbox 198 2154 312 2178; x_wconf 75' lang='lat' dir='ltr'><strong>militum</strong></span> <span class='ocrx_word' id='word_1_445' title='bbox 324 2160 466 2185; x_wconf 88' lang='lat' dir='ltr'><strong>quamque.</strong></span> <span class='ocrx_word' id='word_1_446' title='bbox 477 2161 535 2179; x_wconf 79' lang='lat'><strong>—5.</strong></span> <span class='ocrx_word' id='word_1_447' title='bbox 550 2155 704 2184; x_wconf 81' lang='lat' dir='ltr'><strong>Disciplinae</strong></span> <span class='ocrx_word' id='word_1_448' title='bbox 717 2154 841 2178; x_wconf 87' lang='lat' dir='ltr'><strong>militaris</strong></span> <span class='ocrx_word' id='word_1_449' title='bbox 855 2153 1038 2178; x_wconf 84' lang='lat' dir='ltr'><strong>observantia.</strong></span> 
     </span>
    </p>

    <p class='ocr_par' dir='ltr' id='par_1_8' title="bbox 78 2189 1408 2390">
     <span class='ocr_line' id='line_1_44' title="bbox 109 2189 1407 2216; baseline -0.002 0"><span class='ocrx_word' id='word_1_450' title='bbox 109 2192 136 2216; x_wconf 81' lang='lat' dir='ltr'><strong>L.</strong></span> <span class='ocrx_word' id='word_1_451' title='bbox 150 2191 471 2214; x_wconf 73' lang='lat' dir='ltr'><strong>1.Tenemur.—2.Variis</strong></span> <span class='ocrx_word' id='word_1_452' title='bbox 481 2191 567 2215; x_wconf 86' lang='lat' dir='ltr'><strong>modis</strong></span> <span class='ocrx_word' id='word_1_453' title='bbox 579 2192 712 2214; x_wconf 73' lang='lat' dir='ltr'><strong>munitum</strong></span> <span class='ocrx_word' id='word_1_454' title='bbox 723 2192 851 2214; x_wconf 81' lang='lat' dir='ltr'><strong>adversus</strong></span> <span class='ocrx_word' id='word_1_455' title='bbox 865 2189 1032 2214; x_wconf 80' lang='lat' dir='ltr'><strong>incursiones</strong></span> <span class='ocrx_word' id='word_1_456' title='bbox 1043 2189 1168 2213; x_wconf 85' lang='lat' dir='ltr'><strong>hostium.</strong></span> <span class='ocrx_word' id='word_1_457' title='bbox 1178 2189 1356 2214; x_wconf 82' lang='lat' dir='ltr'><strong>Struebantur</strong></span> <span class='ocrx_word' id='word_1_458' title='bbox 1372 2190 1407 2214; x_wconf 81' lang='lat' dir='ltr'><strong>illi</strong></span> 
     </span>
     <span class='ocr_line' id='line_1_45' title="bbox 80 2219 1406 2256; baseline 0 -7"><span class='ocrx_word' id='word_1_459' title='bbox 80 2225 177 2250; x_wconf 86' lang='lat' dir='ltr'><strong>limites</strong></span> <span class='ocrx_word' id='word_1_460' title='bbox 187 2225 233 2249; x_wconf 88' lang='lat' dir='ltr'><strong>ubi</strong></span> <span class='ocrx_word' id='word_1_461' title='bbox 246 2225 390 2255; x_wconf 82' lang='lat' dir='ltr'><strong>naturales,</strong></span> <span class='ocrx_word' id='word_1_462' title='bbox 405 2226 479 2250; x_wconf 84' lang='lat' dir='ltr'><strong>velut</strong></span> <span class='ocrx_word' id='word_1_463' title='bbox 489 2227 605 2256; x_wconf 85' lang='lat' dir='ltr'><strong>numina,</strong></span> <span class='ocrx_word' id='word_1_464' title='bbox 621 2227 735 2255; x_wconf 50' lang='lat' dir='ltr'><strong>montes</strong></span> <span class='ocrx_word' id='word_1_465' title='bbox 750 2231 804 2249; x_wconf 91' lang='lat' dir='ltr'><strong>non</strong></span> <span class='ocrx_word' id='word_1_466' title='bbox 819 2226 904 2249; x_wconf 83' lang='lat' dir='ltr'><strong>erunt.</strong></span> <span class='ocrx_word' id='word_1_467' title='bbox 917 2225 1037 2253; x_wconf 81' lang='lat' dir='ltr'><strong>Scindit,</strong></span> <span class='ocrx_word' id='word_1_468' title='bbox 1052 2226 1186 2254; x_wconf 86' lang='lat' dir='ltr'><strong>penetrat,</strong></span> <span class='ocrx_word' id='word_1_469' title='bbox 1197 2219 1406 2254; x_wconf 72' lang='lat' dir='ltr'><strong>transgreditur.</strong></span> 
     </span>
     <span class='ocr_line' id='line_1_46' title="bbox 81 2259 1407 2291; baseline 0 -7"><span class='ocrx_word' id='word_1_470' title='bbox 81 2272 108 2277; x_wconf 51' lang='grc' dir='ltr'><strong>-ι-</strong></span> <span class='ocrx_word' id='word_1_471' title='bbox 125 2266 146 2284; x_wconf 74' lang='grc'><strong>5.</strong></span> <span class='ocrx_word' id='word_1_472' title='bbox 160 2260 313 2284; x_wconf 83' lang='lat' dir='ltr'><strong>Secundum</strong></span> <span class='ocrx_word' id='word_1_473' title='bbox 325 2261 452 2291; x_wconf 84' lang='lat' dir='ltr'><strong>Luppiam</strong></span> <span class='ocrx_word' id='word_1_474' title='bbox 472 2262 505 2285; x_wconf 84' lang='lat' dir='ltr'><strong>ad</strong></span> <span class='ocrx_word' id='word_1_475' title='bbox 515 2261 664 2285; x_wconf 85' lang='lat' dir='ltr'><strong>Cheruscos</strong></span> <span class='ocrx_word' id='word_1_476' title='bbox 677 2280 683 2290; x_wconf 89' lang='lat'><em>,</em></span> <span class='ocrx_word' id='word_1_477' title='bbox 702 2266 755 2290; x_wconf 85' lang='lat' dir='ltr'><strong>quo</strong></span> <span class='ocrx_word' id='word_1_478' title='bbox 771 2262 827 2290; x_wconf 86' lang='lat' dir='ltr'><strong>jam</strong></span> <span class='ocrx_word' id='word_1_479' title='bbox 841 2260 939 2284; x_wconf 86' lang='lat' dir='ltr'><strong>Lollius</strong></span> <span class='ocrx_word' id='word_1_480' title='bbox 957 2261 985 2284; x_wconf 87' lang='lat' dir='ltr'><strong>et</strong></span> <span class='ocrx_word' id='word_1_481' title='bbox 1002 2261 1102 2284; x_wconf 88' lang='lat' dir='ltr'><strong>Drusus</strong></span> <span class='ocrx_word' id='word_1_482' title='bbox 1118 2259 1159 2283; x_wconf 90' lang='lat' dir='ltr'><strong>usi</strong></span> <span class='ocrx_word' id='word_1_483' title='bbox 1181 2261 1267 2283; x_wconf 78' lang='lat' dir='ltr'><strong>erant.</strong></span> <span class='ocrx_word' id='word_1_484' title='bbox 1284 2271 1313 2276; x_wconf 84' lang='lat'>—</span> <span class='ocrx_word' id='word_1_485' title='bbox 1333 2265 1353 2282; x_wconf 64' lang='grc'><strong>4.</strong></span> <span class='ocrx_word' id='word_1_486' title='bbox 1367 2260 1407 2284; x_wconf 72' lang='lat' dir='ltr'><strong>Ad</strong></span> 
     </span>
     <span class='ocr_line' id='line_1_47' title="bbox 81 2294 1408 2321; baseline 0 -3"><span class='ocrx_word' id='word_1_487' title='bbox 81 2295 208 2321; x_wconf 78' lang='lat' dir='ltr'><strong>Amisiam</strong></span> <span class='ocrx_word' id='word_1_488' title='bbox 223 2296 250 2319; x_wconf 85' lang='lat' dir='ltr'><strong>et</strong></span> <span class='ocrx_word' id='word_1_489' title='bbox 259 2296 371 2320; x_wconf 81' lang='lat' dir='ltr'><strong>Marsos.</strong></span> <span class='ocrx_word' id='word_1_490' title='bbox 383 2308 412 2312; x_wconf 88' lang='grc'><strong>-</strong></span> <span class='ocrx_word' id='word_1_491' title='bbox 422 2301 444 2320; x_wconf 72' lang='grc' dir='ltr'><strong>ες.</strong></span> <span class='ocrx_word' id='word_1_492' title='bbox 457 2296 663 2320; x_wconf 80' lang='lat' dir='ltr'><strong>Incustoditum.</strong></span> <span class='ocrx_word' id='word_1_493' title='bbox 675 2308 704 2313; x_wconf 87' lang='lat'><strong>—-</strong></span> <span class='ocrx_word' id='word_1_494' title='bbox 714 2301 736 2321; x_wconf 79' lang='lat' dir='ltr'><strong>e.</strong></span> <span class='ocrx_word' id='word_1_495' title='bbox 749 2296 848 2319; x_wconf 84' lang='lat' dir='ltr'><strong>Passim</strong></span> <span class='ocrx_word' id='word_1_496' title='bbox 866 2296 894 2319; x_wconf 82' lang='lat' dir='ltr'><strong>in</strong></span> <span class='ocrx_word' id='word_1_497' title='bbox 905 2294 1046 2319; x_wconf 85' lang='lat' dir='ltr'><strong>cubilibus.</strong></span> <span class='ocrx_word' id='word_1_498' title='bbox 1061 2306 1091 2312; x_wconf 80' lang='lat'>-</span> <span class='ocrx_word' id='word_1_499' title='bbox 1105 2299 1128 2318; x_wconf 87' lang='lat'><strong>7.</strong></span> <span class='ocrx_word' id='word_1_500' title='bbox 1142 2295 1240 2319; x_wconf 86' lang='lat' dir='ltr'><strong>Sensus</strong></span> <span class='ocrx_word' id='word_1_501' title='bbox 1251 2300 1256 2316; x_wconf 89' lang='lat'>:</span> <span class='ocrx_word' id='word_1_502' title='bbox 1269 2299 1301 2317; x_wconf 87' lang='lat' dir='ltr'><strong>ac</strong></span> <span class='ocrx_word' id='word_1_503' title='bbox 1317 2300 1350 2317; x_wconf 81' lang='lat' dir='ltr'><strong>nc</strong></span> <span class='ocrx_word' id='word_1_504' title='bbox 1368 2301 1408 2319; x_wconf 78' lang='lat' dir='ltr'><strong>se-</strong></span> 
     </span>
     <span class='ocr_line' id='line_1_48' title="bbox 81 2329 1407 2361; baseline 0.001 -9"><span class='ocrx_word' id='word_1_505' title='bbox 81 2329 183 2353; x_wconf 74' lang='lat' dir='ltr'><strong>curitas</strong></span> <span class='ocrx_word' id='word_1_506' title='bbox 193 2330 301 2360; x_wconf 87' lang='lat' dir='ltr'><strong>quidem</strong></span> <span class='ocrx_word' id='word_1_507' title='bbox 316 2331 368 2357; x_wconf 91' lang='lat' dir='ltr'><strong>illis</strong></span> <span class='ocrx_word' id='word_1_508' title='bbox 381 2337 443 2355; x_wconf 80' lang='lat' dir='ltr'><strong>vera</strong></span> <span class='ocrx_word' id='word_1_509' title='bbox 457 2333 532 2360; x_wconf 83' lang='lat' dir='ltr'><strong>erat,</strong></span> <span class='ocrx_word' id='word_1_510' title='bbox 550 2330 598 2355; x_wconf 85' lang='lat' dir='ltr'><strong>sed</strong></span> <span class='ocrx_word' id='word_1_511' title='bbox 610 2330 738 2361; x_wconf 82' lang='lat' dir='ltr'><strong>languida</strong></span> <span class='ocrx_word' id='word_1_512' title='bbox 752 2330 874 2361; x_wconf 85' lang='lat' dir='ltr'><strong>quaedam</strong></span> <span class='ocrx_word' id='word_1_513' title='bbox 887 2332 915 2355; x_wconf 87' lang='lat' dir='ltr'><strong>et</strong></span> <span class='ocrx_word' id='word_1_514' title='bbox 931 2330 1034 2359; x_wconf 84' lang='lat' dir='ltr'><strong>soluta,</strong></span> <span class='ocrx_word' id='word_1_515' title='bbox 1055 2329 1162 2360; x_wconf 84' lang='lat' dir='ltr'><strong>qualem</strong></span> <span class='ocrx_word' id='word_1_516' title='bbox 1175 2329 1240 2355; x_wconf 79' lang='lat' dir='ltr'><strong>tacit</strong></span> <span class='ocrx_word' id='word_1_517' title='bbox 1252 2329 1366 2358; x_wconf 77' lang='lat' dir='ltr'><strong>languor</strong></span> <span class='ocrx_word' id='word_1_518' title='bbox 1380 2335 1407 2354; x_wconf 72' lang='lat' dir='ltr'><strong>ec</strong></span> 
     </span>
     <span class='ocr_line' id='line_1_49' title="bbox 78 2365 524 2390; baseline 0.002 -3"><span class='ocrx_word' id='word_1_519' title='bbox 78 2365 186 2388; x_wconf 73' lang='lat' dir='ltr'><strong>animus</strong></span> <span class='ocrx_word' id='word_1_520' title='bbox 199 2365 302 2389; x_wconf 84' lang='lat' dir='ltr'><strong>solutus</strong></span> <span class='ocrx_word' id='word_1_521' title='bbox 313 2371 345 2389; x_wconf 82' lang='lat' dir='ltr'><strong>ex</strong></span> <span class='ocrx_word' id='word_1_522' title='bbox 357 2365 524 2390; x_wconf 82' lang='lat' dir='ltr'><strong>temulentia.</strong></span> 
     </span>
    </p>

    <p class='ocr_par' dir='ltr' id='par_1_9' title="bbox 113 2399 1091 2433">
     <span class='ocr_line' id='line_1_50' title="bbox 113 2399 1091 2433; baseline 0.003 -9"><span class='ocrx_word' id='word_1_523' title='bbox 113 2399 151 2425; x_wconf 80' lang='lat' dir='ltr'><strong>LI.</strong></span> <span class='ocrx_word' id='word_1_524' title='bbox 170 2405 190 2425; x_wconf 80' lang='grc' dir='ltr'><strong>ι.</strong></span> <span class='ocrx_word' id='word_1_525' title='bbox 209 2400 308 2425; x_wconf 85' lang='lat' dir='ltr'><strong>Lucum</strong></span> <span class='ocrx_word' id='word_1_526' title='bbox 324 2401 380 2426; x_wconf 83' lang='lat' dir='ltr'><strong>sive</strong></span> <span class='ocrx_word' id='word_1_527' title='bbox 393 2406 502 2433; x_wconf 83' lang='lat' dir='ltr'><strong>nemus,</strong></span> <span class='ocrx_word' id='word_1_528' title='bbox 516 2406 570 2428; x_wconf 81' lang='lat' dir='ltr'><strong>non</strong></span> <span class='ocrx_word' id='word_1_529' title='bbox 584 2401 669 2427; x_wconf 81' lang='lat' dir='ltr'><strong>aedem</strong></span> <span class='ocrx_word' id='word_1_530' title='bbox 683 2401 866 2427; x_wconf 74' lang='lat' dir='ltr'><strong>exstructam:</strong></span> <span class='ocrx_word' id='word_1_531' title='bbox 881 2406 906 2426; x_wconf 87' lang='lat' dir='ltr'><strong>v.</strong></span> <span class='ocrx_word' id='word_1_532' title='bbox 920 2401 1010 2427; x_wconf 85' lang='lat' dir='ltr'><strong>Germ.</strong></span> <span class='ocrx_word' id='word_1_533' title='bbox 1025 2405 1049 2426; x_wconf 83' lang='lat' dir='ltr'><strong>c·</strong></span> <span class='ocrx_word' id='word_1_534' title='bbox 1066 2404 1091 2427; x_wconf 74' lang='lat'><strong>2·</strong></span> 
     </span>
    </p>
   </div>
  </div>
 </body>
</html>
