1539 2668
107 159 176 192 *244
496 153 633 184 TACITI
656 153 865 183 ANNALIUM
887 153 959 182 LIB.
983 154 1049 182 XV.

112 233 170 271 eit,
187 233 219 262 et
232 228 388 261 subitaria
403 227 538 260 aedificia
554 226 731 267 exstruxit,
746 235 820 268 quae
836 218 1078 258 multitudinem
1093 226 1221 266 inopem
1237 227 1440 267 acciperent;

111 279 334 317 subvectaque
357 275 503 307 utensilia
518 274 530 293 ³
555 275 595 306 ab
622 275 710 306 Ostia
737 277 768 305 et
790 274 980 315 propinquis
1008 272 1211 313 municipiis,
1238 273 1443 314 pretiumque

111 324 265 357 frumenti
282 323 444 355 minutum
464 331 569 362 usque
586 321 626 352 ad
640 324 746 353 ternos
759 329 911 352 nummos
926 320 951 352 ⁴.
967 325 1048 360 Quae
1062 328 1258 360 quamquam
1276 321 1443 360 popularia

111 372 146 403 in
164 372 292 403 irritum
306 371 464 402 cadebant
476 394 484 409 ,
510 369 586 410 quia
602 371 785 409 pervaserat
801 377 911 400 rumor
923 370 995 409 ipso
1014 370 1163 408 tempore
1167 366 1362 408 flaqrantis
1381 369 1441 399 Ur-

113 418 163 451 bis
179 421 281 450 inisse
298 426 375 449 eum¹
392 417 618 448 domesticam
646 424 784 448 scenam
802 417 835 447 et
860 416 1017 447 cecinisse
1037 414 1225 454 Trojanum
1248 414 1441 456 excidium,

102 468 299 508 prcesentia
321 464 418 495 mala
441 465 581 495 vetuslis
596 463 752 495 cladibus
768 463 1039 495 assimulantem.

153 518 214 545 XL.
240 514 336 543 Sexto
366 511 497 542 demum
516 510 567 542 die
590 510 676 550 apud
694 511 773 542 imas
790 509 945 550 Esquilias
973 509 1044 540 finis
1066 508 1215 540 incendio
1237 508 1354 548 factus,
1372 517 1444 550 pro-

112 561 194 592 rutis
211 569 266 600 per
282 559 477 589 immensum
495 557 653 596 aediliciis,
668 560 704 588 ut
720 557 883 588 continuae
899 555 1063 587 violentiae
1085 565 1219 596 campus
1236 558 1268 587 et
1281 556 1370 588 velut
1385 564 1442 587 va-

111 616 209 638 cuum
240 607 358 637 eodum
383 605 578 637 occurreret.
610 608 675 635 Nee
701 603 756 634 diu
777 605 850 644 post
881 605 988 634 metus
1005 603 1130 635 redibat
1144 604 1229 634 baud
1245 604 1326 634 levis
1345 614 1351 633 ε
1370 612 1443 635 rur·
1465 602 1469 645 ξ

112 663 185 685 sum
209 654 372 692 grassatus
403 652 486 692 ignis
499 676 507 691 ‚
525 651 644 692 patulis
659 651 760 690 magis
776 650 874 682 Urbis
887 650 984 689 locis3
1010 659 1111 690 eoque
1128 652 1248 691 strages
1273 650 1443 682 hominum
1466 654 1469 690 ζ

110 701 228 738 minor,
260 700 392 731 delubra
422 699 520 730 deum
547 700 579 730 et
602 699 747 739 porticus
776 697 957 728 amoenitati
991 696 1108 728 dicatae
1137 697 1235 728 latius
1262 697 1440 737 procidere.

110 748 246 788 plusque
267 747 408 778 infamiae
425 747 457 777 id
476 746 659 777 incendium
677 744 807 785 habuit,
827 745 902 784 quia
921 743 1052 784 praediis
1077 744 1219 784 Tigellini
1244 744 1415 776 AErnilianis
1431 746 1439 761 ¹
1471 743 1473 745 ’

109 795 313 834 proruperat.
340 793 578 834 videbaturque
594 797 677 825 Nero
694 792 872 823 condendae
887 791 982 823 Urbis
1002 800 1095 823 novae
1111 793 1143 823 et
1158 792 1369 831 cognomento
1385 800 1444 823 suo

110 840 313 881 appellandae
339 841 472 880 gloriam
499 848 654 880 quaerere.
691 839 857 879 quippein
885 838 1030 878 regiones
1052 838 1313 878 quattuordecim
1342 843 1444 871 Roma

110 887 282 926 dividitur,
298 896 435 927 quarum
460 888 614 927 quattuor
640 886 774 925 integrae
797 884 988 923 manebant,
1007 886 1072 916 tres
1088 885 1156 916 solo
1171 887 1266 917 tenus
1282 886 1415 925 dejectae
1434 897 1443 919 ε

107 937 235 976 septem
252 934 385 974 reliquis
401 943 503 974 pauca
519 936 681 965 tectorum
700 932 832 972 vestigia
848 933 1035 972 supererant
1046 955 1054 970 ,
1079 932 1183 963 lacera
1201 933 1232 963 et
1246 933 1414 965 semiusta.

152 986 228 1014 XLI.
255 986 417 1014 Domuum
434 984 466 1013 et
482 982 660 1012 insularum
677 981 683 998 ¹
705 981 737 1011 et
753 979 948 1020 templorum
962 1003 970 1017 ‚
993 987 1066 1019 quae
1088 979 1207 1010 amissa
1223 981 1317 1019 sunt,
1332 989 1443 1014 nume-

109 1038 183 1060 rum
206 1029 289 1060 inire
310 1028 396 1060 nand
414 1030 601 1068 promptum
620 1028 716 1059 suerit
733 1039 739 1058 :
755 1028 811 1058 sed
829 1027 1048 1058 vetustissima
1068 1026 1217 1066 religione
1232 1051 1241 1066 ,
1264 1028 1349 1068 quod
1376 1031 1443 1061 Ser-

109 1076 185 1108 vius
198 1077 323 1108 Tullius
338 1080 436 1107 Lunae
447 1075 472 1114 ²,
489 1076 520 1106 et
538 1084 655 1114 magna
670 1083 725 1105 ara
742 1074 930 1114 sanumque,
944 1083 1017 1114 quae
1033 1075 1187 1105 Praesenti
1204 1074 1332 1106 Herculi
1347 1078 1444 1108 Areas

111 1124 258 1156 Evander
284 1124 464 1154 sacraverat
480 1121 671 1161 ³‚aedesque
695 1120 831 1152 statoris
858 1121 946 1152 Jovis
971 1122 1048 1151 vota
1070 1121 1209 1152 Romulo
1224 1121 1234 1138 ⁴
1265 1126 1444 1164 Numaeque

110 1170 198 1210 regia
215 1172 246 1201 et
266 1169 436 1201 delubrum
457 1171 563 1200 Vestae
586 1177 660 1199 curn
689 1167 861 1208 penatibus
886 1167 996 1209 populi
1024 1167 1162 1198 Romani
1179 1167 1204 1207 ⁵,
1219 1169 1354 1209 exusta3
1375 1170 1444 1210 Jam

110 1226 187 1258 opes
206 1218 255 1248 tot
272 1216 416 1248 victoriis
432 1215 577 1256 quaesitae
598 1217 631 1247 et
648 1218 829 1246 Graecarum
845 1215 964 1246 artium
979 1215 1112 1255 decora,
1133 1215 1207 1247 exin
1234 1218 1446 1250 monumenta

110 1264 314 1305 ingeniorum
334 1263 468 1303 antiqua
484 1266 516 1294 et
531 1263 718 1303 incorrupta
732 1262 743 1280 ⁶
765 1272 772 1293 :
801 1263 951 1302 quamvis
965 1262 997 1293 in
1020 1263 1112 1294 tanta
1138 1263 1334 1302 resurgentis
1349 1264 1445 1298 Urbis

107 1311 355 1353 pulchritudine
366 1336 374 1350 ‚
387 1311 489 1342 multa
506 1310 648 1342 seniores
666 1309 884 1350 meminerint,
900 1318 974 1349 quae
987 1309 1127 1350 reparari
1142 1310 1329 1350 nequibant.
1343 1315 1443 1344 Fuere

110 1359 168 1398 qui
197 1359 391 1389 annotarent
422 1357 667 1398 quartodecimo
700 1356 851 1388 kalendas
887 1357 1021 1388 Sextiles
1040 1356 1049 1374 ⁷
1081 1357 1274 1397 principium
1302 1358 1443 1392 incendii

98 1405 209 1445 'liuJ'us
229 1408 357 1443 ortum,
383 1413 447 1445 quo
472 1406 503 1436 et
530 1408 669 1436 Senones
696 1406 827 1445 captam
853 1403 974 1435 Urbem
1005 1403 1288 1436 inflammaverint.
1317 1405 1370 1437 alii
1403 1415 1442 1439 eo

110 1462 218 1494 usque
238 1462 315 1483 cura
331 1452 491 1492 progressi
507 1454 595 1492 sunt,
609 1454 646 1484 ut
659 1451 797 1484 totidem
811 1459 911 1483 annos
925 1460 1116 1492 mensesque
1129 1453 1161 1484 et
1178 1451 1244 1483 dies
1260 1452 1342 1484 inter
1358 1454 1443 1486 utra-

110 1509 175 1541 que
194 1500 344 1531 incendia
363 1502 536 1531 numerent
550 1499 577 1531 ⁸.

152 1550 245 1580 XLII.
271 1548 419 1578 Ceterum
438 1550 521 1577 Nero
544 1554 622 1577 usus
642 1547 691 1577 est
719 1546 831 1586 patriae
853 1545 956 1577 ruinis
976 1545 1202 1586 exstruxitque
1227 1546 1381 1587 domum,
1408 1547 1443 1579 in

108 1603 175 1636 qua
191 1594 277 1624 haud
295 1593 425 1634 perinde
439 1602 576 1633 gemmae
591 1594 623 1624 et
636 1601 751 1624 aurum
766 1592 920 1624 miraculo
933 1595 1050 1632 essent,
1066 1593 1160 1624 solita
1174 1593 1297 1632 pridem
1313 1596 1346 1626 et
1361 1594 1442 1626 luxu

109 1641 253 1680 vulgata,
273 1649 370 1680 quam
386 1649 464 1671 arva
485 1641 518 1671 et
539 1642 650 1679 stagna
668 1641 700 1671 et
717 1639 750 1670 in
769 1639 901 1670 modum
924 1639 1136 1670 solitudinum
1155 1639 1230 1671 hinc
1246 1640 1348 1679 silvae,
1366 1642 1442 1675 inde

111 1688 221 1728 aperta
235 1687 340 1727 spatia
356 1687 388 1717 et
403 1686 602 1726 prospectus,
621 1685 783 1726 magistris
800 1687 832 1717 et
848 1686 1124 1717 machinatoribus
1141 1688 1258 1718 Severo
1271 1688 1303 1719 et
1319 1688 1440 1730 Celere,

110 1735 230 1776 quibus
248 1733 409 1771 ingenium
432 1734 464 1764 et
487 1733 622 1765 audacia
647 1735 734 1772 erat,
757 1733 854 1764 etiam
880 1742 954 1773 quae
978 1735 1094 1765 natura
1117 1733 1356 1774 denegavisset,
1385 1745 1441 1776 per

111 1783 213 1815 artem
240 1782 363 1812 tentare
391 1783 423 1811 et
443 1780 567 1811 viribus
596 1780 751 1820 Principis
777 1780 919 1811 illudere.
946 1788 1086 1820 namque
1107 1779 1150 1811 ab
1173 1780 1253 1812 lacu
1275 1782 1436 1815 Αυοεηψιοι

111 1828 345 1868 naviqabilem
351 1826 485 1866 fossam
501 1836 609 1867 usque
625 1826 672 1858 ad
688 1828 775 1858 ostia
798 1826 958 1858 Tiberina
976 1826 1197 1867 depressuros
1214 1829 1440 1871 promiserant,

110 1874 271 1917 squalenti
284 1873 295 1891 ²
314 1873 422 1905 littore
441 1878 498 1905 aut
515 1883 571 1915 per
589 1875 716 1905 montes
737 1874 898 1906 adversos.
921 1882 1025 1915 neque
1047 1874 1133 1906 enim
1154 1874 1239 1906 aliud
1268 1875 1439 1909 humidum
1515 1887 1518 1896 ¹

121 1949 275 1980 epulorum,
295 1954 415 1978 campuS,
436 1950 566 1979 porticus,
591 1949 712 1979 thermae,
735 1949 884 1978 Pantheon,
904 1950 986 1980 horti,
1010 1952 1096 1980 septa,
1117 1951 1245 1980 templum
1264 1952 1392 1983 Neptuni,
1410 1956 1439 1980 et

112 1986 174 2012 alia.
189 1999 212 2001 —
222 1991 244 2009 3.
256 1984 371 2013 Cibaria,
385 1985 529 2015 utcapitur
541 1985 624 2009 etiam
639 1985 659 2013 1,
674 1989 712 2009 70.
725 1998 755 2004 -
767 1990 790 2009 4.
802 1985 833 2009 ln
852 1985 981 2015 modium,
997 1986 1089 2016 paullo
1100 1985 1160 2016 plus
1173 1986 1300 2011 hodernis
1313 1993 1339 2012 ιο
1356 1988 1438 2016 litt-es

112 2021 198 2052 pretio
213 2017 299 2043 ferme
313 2025 342 2043 55
356 2021 426 2043 cent.

139 2056 184 2079 XL
207 2061 224 2078 i.
238 2055 267 2078 ln
281 2056 341 2079 vico
360 2055 503 2079 AEmiliano
519 2055 585 2084 sitiri,
601 2055 627 2079 in
639 2056 756 2086 septima
773 2056 884 2085 regione
897 2056 985 2080 Urbis.

138 2090 205 2113 ΧΗ.
222 2096 241 2113 ¹.
262 2091 298 2113 De
311 2090 407 2119 quihus
419 2096 442 2114 v.
457 2090 491 2114 ad
512 2091 555 2119 Vl,
571 2095 608 2115 ⁴5.
620 2096 680 2114 —2.
693 2091 722 2114 ln
739 2091 886 2119 Aventino,
901 2091 930 2115 in
947 2091 1108 2115 duodecima
1131 2091 1242 2121 regione
1254 2091 1340 2116 Urbis.
1356 2093 1385 2118 In
1402 2100 1434 2120 eo

109 2124 211 2154 templo
229 2126 372 2148 Mummius
385 2131 417 2149 ex
431 2125 520 2155 praeda
534 2125 709 2150 Corinthiaca
733 2127 943 2150 consecraverat
956 2128 1029 2151 artes
1045 2127 1211 2150 Graecas-3.
1226 2127 1293 2150 Vide
1307 2128 1360 2152 Liv.
1376 2129 1394 2158 l,
1410 2134 1432 2154 ⁷.

108 2165 170 2184 —⁴.
183 2161 233 2189 Ap.
253 2160 353 2183 Livium
368 2160 388 2187 1,
406 2166 442 2184 ιε.
458 2166 518 2184 -—-⁵.
534 2161 573 2184 De
589 2160 630 2184 his
643 2161 746 2185 aedibus
759 2161 855 2185 vicinis
868 2161 930 2185 vide
946 2162 1081 2191 Ovidium,
1109 2161 1194 2186 Trist.
1215 2162 1260 2191 lll,
1277 2167 1297 2192 ¹,
1315 2168 1344 2187 29
1364 2169 1434 2196 sqq„

108 2196 221 2220 fastor.
232 2195 276 2222 Vl,
293 2199 336 2217 263
347 2200 417 2224 sqq..
433 2195 490 2219 Liv.
507 2195 526 2225 l,
538 2200 631 2220 20.—e.
642 2197 685 2221 Sc.
701 2198 795 2221 exusta
808 2197 871 2220 sunt
884 2203 891 2220 ι
909 2196 969 2221 libri
980 2197 1105 2221 veterum
1117 2197 1212 2226 scripti
1223 2198 1250 2221 in
1263 2198 1434 2227 privatorum

106 2231 155 2252 aut
170 2229 285 2258 publicis
304 2229 486 2259 bibliotlieciS,
502 2230 581 2254 multi
601 2230 671 2260 apud
689 2231 804 2255 familias
821 2234 974 2257 auctorum.
989 2237 1049 2256 —⁷.
1065 2232 1175 2256 Decimo
1194 2232 1330 2257 nonodie
1348 2233 1432 2264 Julio;

107 2264 204 2288 eodem
222 2265 264 2288 die
275 2265 338 2288 anni
352 2270 396 2289 sse
410 2267 531 2289 Senones
545 2267 654 2290 Romam
666 2267 809 2295 intrarunt,
820 2268 874 2291 Liv.
887 2268 916 2296 V,
934 2273 959 2292 n
972 2274 978 2296 ;
991 2268 1031 2296 Vl,
1052 2272 1095 2291 l.—
1108 2273 1130 2290 a.
1145 2268 1197 2292 Sed
1210 2268 1340 2292 terminus
1351 2275 1431 2299 quem

105 2297 145 2357 {¹11}
156 2300 297 2328 ponebant
310 2305 382 2324 nunc
396 2300 528 2325 obscurus
542 2308 548 2324 :
566 2302 635 2326 ratio
652 2307 708 2326 non
720 2303 830 2327 constat
843 2302 871 2326 in
884 2303 1001 2332 cognitis
1020 2302 1194 2332 opinionibus
1216 2303 1249 2327 de
1269 2309 1340 2328 anno
1362 2309 1431 2330 con-

126 2333 133 2357 ἰ
148 2340 169 2357 ae
182 2335 266 2359 Urbis.

105 2403 116 2430 ι
136 2368 213 2392 XLII.
236 2375 255 2394 i.
271 2370 301 2394 ln
315 2370 470 2399 Campania.
488 2371 601 2396 Fossam
625 2377 668 2398 «eo
684 2372 795 2398 millium
824 2378 999 2403 passuum.—
1013 2378 1034 2398 Ξ.
1061 2374 1143 2400 Arido
1166 2375 1194 2400 et
1216 2374 1273 2400 sine
1295 2376 1433 2405 proventu

118 2407 196 2429 ἐτη.
1022 2414 1031 2416 “
1048 2414 1052 2417 ·
