1539 2668
27 260 41 342 l

410 179 703 208 NOMENCLATOR
726 180 1032 209 GEGGRAPHICUS.

108 254 203 286 dente
218 252 317 293 Syrtis
339 256 476 291 Magnae,
494 250 700 281 Mauretaniae

110 296 288 335 contiguus.

38 380 40 383 .
69 338 209 373 Mutina,
228 335 302 366 urbs
330 333 437 365 Galliae
460 335 608 372 Togatae,
634 334 701 363 Mo-

68 378 209 459 Μξξξιῗέ,
226 416 379 457 oppidum
402 414 597 446 maritimum
614 414 700 445 AEoli-

110 460 170 497 dis,
186 459 216 489 h.
232 455 431 490 sandarlilc.

68 500 230 541 Mytilena,
245 499 321 530 urbs
334 496 423 528 Lesbi
439 496 571 536 insulae,
596 497 700 528 Mete-

113 542 192 573 lino.

358 582 408 624 N.

68 664 197 696 Nabalia
210 686 218 702 ,
246 662 361 693 fluvius
383 663 578 703 Germaniae,
605 670 700 702 quem

78 736 84 740 ,
108 705 158 736 alii
173 703 305 734 Vahalin
320 728 328 741 ,
346 703 400 733 alii
420 708 546 734 Fossam
575 704 701 734 Drusia-

109 755 183 776 nam
201 747 331 784 putant.

69 786 230 823 Nabar-rvi,
249 794 326 824 gens
351 785 475 816 Arabiae
497 788 627 816 Petraeae
641 810 649 824 ,
670 785 700 816 h.

112 828 159 858 les
178 826 366 857 Heclsclms.

68 867 279 900 Nahanarvali
290 890 298 904 ,
314 867 449 906 populus
470 867 645 897 Germaniae
662 866 699 897 ad

108 909 265 939 Vistulam
290 908 323 937 in
351 907 496 946 polonia,
524 907 700 938 secundum

110 949 187 979 alios
200 949 232 979 in
245 949 370 978 Lusatia
383 952 414 978 et
427 948 546 978 silesia.

67 994 142 1029 Nar,
157 989 274 1020 fluvius
288 989 386 1020 ltaliae
400 989 433 1019 in
450 989 571 1020 Sabinis
584 990 616 1020 et
628 992 702 1020 Um-

109 1031 192 1070 bris,
209 1032 311 1061 nera.

68 1071 279 1103 Narbonensis
294 1070 404 1107 Gallia,
414 1070 496 1101 inter
507 1070 613 1109 Alpes,
623 1070 702 1100 Rho-

109 1112 227 1142 danum
245 1135 252 1149 ,
278 1115 437 1142 Cevennes
452 1136 460 1151 ,
484 1115 676 1142 Garumnam
692 1135 700 1150 ,

114 1157 281 1192 Pyrenaeos
294 1154 324 1183 et
341 1161 438 1182 mare.

69 1194 204 1232 Narisei,
221 1194 355 1232 populus
368 1193 543 1223 Germaniae
559 1192 598 1223 ad
620 1193 700 1223 radi·

110 1243 180 1265 cem
219 1234 408 1264 Sudetarum
439 1234 508 1265 sive
543 1234 699 1264 montium

108 1276 190 1307 inter
205 1275 369 1306 Bavariam
384 1278 414 1304 et
428 1275 622 1305 Bohemiam.

69 1317 196 1354 Narnia,
215 1316 368 1356 oppidum
387 1315 484 1346 ltaliae
501 1316 533 1346 in
549 1316 679 1347 Umbria
692 1341 700 1355 ,

110 1359 229 1388 Narni.

68 1402 155 1430 Nava
168 1422 176 1436 ,
202 1397 317 1428 fluvius
351 1405 449 1436 prope
486 1397 632 1436 Bingium
669 1398 702 1428 in

109 1439 255 1469 Rhenum
271 1439 407 1468 influens
419 1462 427 1475 ,
442 1438 552 1470 Nalm,

68 1481 286 1519 Nauportum,
307 1479 382 1509 urbs
410 1480 580 1510 Pannoniae
613 1488 701 1519 supe-

112 1521 201 1551 rioris
211 1544 220 1558 ,
236 1521 319 1550 circa
342 1520 608 1559 Ober-Layhczclz.

68 1565 188 1599 Naxus,
204 1561 306 1592 insula
323 1561 534 1600 Archipelagi,
549 1563 678 1592 Naxia.

67 1602 227 1642 Neapolis,
244 1601 317 1632 urbs
331 1601 522 1640 Campaniae,
537 1603 677 1642 Naples.

67 1645 227 1681 Nemetes,
246 1643 383 1682 populus
407 1643 583 1674 Germaniae
605 1647 700 1682 Supe-

108 1684 202 1714 rioris
224 1683 291 1713 sive
316 1683 422 1714 Galliae
446 1684 602 1723 Belgicae,
619 1685 701 1714 inter

108 1724 255 1754 Rhenum
274 1725 306 1754 et
317 1727 455 1762 Vogesos
465 1726 604 1764 montes,
618 1725 701 1755 circa

108 1767 214 1804 spire.

68 1806 191 1844 Nervii,
209 1805 348 1845 populus
373 1805 482 1836 Galliae
506 1805 649 1845 Belgicae,
668 1807 701 1836 in

109 1846 186 1885 ripis
210 1846 298 1876 fluvii
324 1846 482 1885 Sambre,
499 1846 584 1877 circa
603 1848 700 1878 Cam-

111 1887 196 1918 brai.

69 1927 298 1967 Nicephorius,
325 1927 442 1958 fluvius
471 1929 649 1965 Armeniae,
668 1929 701 1959 in

109 1969 229 2040 {igrim
241 1969 375 1999 innuens
384 1993 392 2007 ,
407 1968 481 1999 fort.
497 1969 552 2009 qui
565 1969 596 2000 h.
612 1970 701 2001 Kha-

131 2018 206 2040 our.

66 2049 248 2089 Nicopolis,
274 2049 427 2089 oppidum
456 2050 601 2091 Achaiae,
626 2051 647 2082 i.
672 2061 699 2083 e.

109 2091 237 2122 Graeciae
248 2115 256 2131 ,
293 2091 325 2121 in
364 2092 557 2131 Acarnania,
603 2101 702 2133 prope

109 2132 249 2169 Actium,
264 2132 297 2162 h.
313 2134 473 2164 Prcvcsa.

68 2171 188 2210 Ninus,
206 2173 284 2204 urbs
306 2174 461 2213 Assyriae,
485 2174 577 2213 cuius
601 2175 702 2207 ruinae

109 2221 208 2253 prope
220 2215 369 2245 Mossoul
385 2214 435 2245 vel
451 2217 597 2247 Noum'a.

68 2252 204 2292 Nisibis,
219 2255 372 2294 oppidum
396 2257 651 2295 Mesopotamiae,
666 2258 698 2289 h.

110 2293 202 2325 vicus
216 2296 355 2334 Nisbin‚
378 2306 475 2336 prope
505 2298 698 2329 Diarbelzir.

70 2334 161 2372 Nola,
172 2335 324 2374 oppidum
338 2338 532 2377 Campaniae,
546 2339 579 2369 in
595 2341 702 2370 Terra

113 2374 147 2406 di
161 2377 306 2412 Lavoro,
325 2377 358 2407 h.
373 2379 476 2410 Nola.

71 2416 234 2456 Noricum,
243 2417 406 2457 provincia
419 2421 608 2462 Germaniae,
617 2421 702 2454 l'Au·

1313 183 1373 213 497

783 251 890 282 {riche
906 252 1051 290 (proprie
1065 252 1188 291 dicta),
1203 253 1237 284 ἰιῑ
1263 256 1375 295 Sty-rie

781 295 811 322 et
827 293 861 323 lrz
880 293 1065 326 Cra-lullus:

740 334 875 364 Novaria
887 357 895 372 ,
912 334 1123 374 municipium
1147 335 1253 366 Galliae
1275 335 1373 367 Cisal-

781 375 865 414 pinae
878 399 886 414 ,
901 384 964 405 non
986 375 1078 415 longe
1093 376 1271 407 Mediolano
1284 401 1292 416 ,
1309 379 1375 408 Νο-

780 425 878 447 vara.

740 457 929 496 Novesium,
950 457 1101 497 oppidum
1125 458 1320 498 Germaniae,
1342 459 1374 490 in

781 500 909 537 regione
923 498 1198 537 Dusseldorfiensi‚
1211 501 1331 530 Neuss.

740 541 887 577 Nuceria,
903 540 1025 570 colonia
1040 541 1237 580 Campaniae,
1252 541 1292 571 ad
1304 544 1373 572 Sar·

778 590 855 611 num
874 581 1018 619 fluvium,
1034 583 1177 613 Nocera.

740 622 935 661 Nuithones,
968 622 1105 662 populus
1140 623 1314 654 Germaniae
1343 623 1376 653 in

781 663 935 693 comitatu
965 663 1113 694 Marchia]
1150 664 1261 695 Mediae
1274 688 1282 703 ,
1321 664 1376 694 uhi

781 704 898 734 fluvius
922 704 1038 735 Noectlze
1066 707 1098 735 et
1123 705 1275 745 oppidum
1303 708 1374 736 Ser-

782 747 871 776 vesia
886 745 1046 784 (Zet'bsl).

1026 790 1082 830 O.

741 862 941 899 Ocriculum,
956 860 1110 901 oppidum
1132 861 1231 892 Italiae
1250 861 1282 891 in
1301 865 1374 892 Um-

780 902 848 933 bria
861 927 868 941 ,
887 911 986 942 prope
1011 902 1208 933 confluentes
1231 903 1323 933 Naris
1344 905 1376 933 et

781 943 916 982 Tiberis,
934 944 1084 974 Otrlcolz'.

740 983 891 1023 Odrysae,
907 984 1043 1023 populus
1059 984 1202 1014 Thrac-ize
1218 984 1300 1013 circa
1314 987 1373 1015 He-

780 1025 873 1055 brum
911 1025 1045 1055 fluvium
1081 1026 1091 1065 (
1106 1026 1258 1056 ‚Uarilza
1273 1025 1283 1063 )
1296 1047 1305 1062 ,
1340 1025 1372 1055 in

783 1067 968 1097 Romu-Ili.

741 1108 884 1137 OEenses
897 1131 905 1145 ,
930 1106 1068 1146 populus
1082 1106 1195 1137 Africae
1212 1107 1294 1137 inter
1318 1110 1374 1137 Le·

782 1147 851 1186 plin
868 1152 1013 1186 Magnam
1035 1149 1067 1178 et
1082 1148 1189 1187 Syrtin
1206 1147 1375 1187 Minorem,

782 1188 836 1218 ubi
851 1189 881 1218 h.
903 1189 1039 1228 Tripoli.

741 1229 937 1268 Opitergium
951 1254 959 1268 ‚
1010 1229 1163 1269 oppidum
1208 1230 1351 1260 Venetiae
1364 1253 1373 1267 ‚

784 1270 923 1301 (marzo.

741 1311 891 1349 Orcades,
900 1311 1014 1342 insulae
1027 1310 1290 1351 septentrionales
1300 1315 1372 1343 Seo—

780 1352 853 1391 tiae,
871 1352 1014 1391 Orlmegs.

740 1393 935 1431 Ordovices,
961 1393 1099 1433 populus
1123 1392 1316 1431 Britanniae,
1342 1392 1376 1422 in

782 1435 1080 1473 septentrionalibus
1115 1433 1299 1473 regionibus
1326 1432 1374 1464 du

780 1484 868 1514 pays
884 1475 924 1506 (le
946 1476 1073 1507 Galles.

741 1516 814 1553 Osi,
832 1516 969 1556 populus
994 1516 1190 1554 Germaniae,
1214 1516 1298 1546 inter
1323 1514 1376 1545 vi-

781 1557 897 1588 stulam
909 1560 940 1588 et
950 1560 1044 1589 Tatra
1061 1559 1204 1588 montem
1215 1556 1247 1587 iu
1259 1555 1376 1587 Galicia

781 1599 1007 1638 cracoviaque.

740 1639 850 1678 Ostia,
866 1639 1046 1678 emporium
1068 1643 1199 1677 Romae,
1222 1637 1297 1669 hod.
1324 1646 1374 1669 eo-

781 1688 853 1710 uem
872 1689 1021 1712 nomme«

1030 1737 1081 1777 P.

741 1808 861 1847 Padus,
879 1808 996 1838 fluvius
1013 1808 1121 1839 Galliae
1137 1806 1326 1847 Cisalpinae,
1342 1807 1373 1838 le

782 1848 844 1880 Po'.

740 1889 882 1929 Pagyda,
898 1889 1014 1920 fluvius
1030 1889 1141 1920 Africae
1157 1890 1188 1919 in
1206 1888 1374 1927 Numidia,

780 1931 943 1961 videturis
952 1931 1006 1971 qui
1018 1930 1111 1961 hodie
1126 1928 1376 1960 ‹liciturAhead.

740 1971 938 2011 Pamphylia,
952 1971 1039 2011 regio
1052 1980 1166 2010 magna
1181 1971 1263 2001 Asiae
1278 1970 1377 2001 Mino·

781 2013 825 2043 ris
851 2012 933 2044 inter
961 2013 1107 2044 Ciliciam
1120 2036 1128 2051 ,
1154 2012 1323 2051 Phrygiam
1345 2013 1378 2041 et

782 2053 915 2086 Cariam.
1151 2086 1156 2087 ⁷

740 2096 857 2133 Panda,
876 2095 993 2128 ssuvius
1010 2094 1173 2127 Sarmatiae
1188 2092 1351 2125 Asiaticae.

740 2137 929 2168 Pandataria
939 2161 947 2175 ,
967 2137 1073 2168 insula
1086 2135 1240 2174 Tyrrheni
1255 2134 1352 2164 maris
1366 2156 1375 2172 ‚

782 2178 820 2208 ad
843 2177 918 2209 litus
939 2179 1038 2217 Latii,
1055 2178 1148 2210 [sola
1166 2175 1374 2207 Vandotz'na.

740 2219 1005 2258 Pannonia,inter
1019 2218 1183 2255 Noricum,
1199 2215 1375 2255 Illyricum,

781 2260 921 2290 Moesiam
946 2263 978 2291 et
994 2260 1177 2292 Danubium
1190 2282 1198 2297 ,
1215 2265 1290 2297 pars
1316 2260 1375 2286 Au-

782 2301 868 2331 striae
880 2304 912 2332 et
927 2302 1104 2340 Hungariae.

740 2342 864 2381 Paphus
877 2366 885 2380 ,
907 2342 984 2372 urbs
1006 2342 1040 2373 in
1075 2339 1264 2372 occidentali
1286 2339 1375 2378 parte

781 2388 823 2422 Cy
829 2383 876 2422 pri
892 2384 1012 2414 insulae.

741 2426 925 2463 Patavium,
940 2424 1017 2456 urbs
1033 2423 1175 2458 Venetiae
1194 2421 1234 2453 ad
1253 2419 1376 2452 Medoa-
