1539 2668
533 93 568 123 A.
591 94 628 123 U.
650 94 685 123 C.
710 93 782 123 801.
806 94 844 123 A.
867 95 903 124 C.
926 95 978 125 48.
1359 105 1419 134 159

91 170 252 213 quatiens,
265 168 422 208 juxtaque
434 167 528 200 silius
544 167 662 199 hedera
676 168 819 208 vinctus,
836 178 945 209 gerere
958 171 1133 203 cothurnos
1146 172 1170 212 ¹,
1183 174 1289 214 Jacere
1305 180 1417 219 caput,

91 220 253 258 strepente
275 216 399 247 circum
421 215 550 256 procaci
573 216 683 246 choro.
711 218 830 248 Ferunt
846 218 991 249 Vettium
1017 218 1184 251 Valentem
1201 246 1209 260 ‚
1228 222 1358 256 lascivia
1383 225 1416 257 in

89 266 256 307 praealtam
274 264 420 295 arborem
436 262 605 294 connisum
616 261 628 279 ²
643 286 651 301 ‚
669 262 941 303 interrogantibus
958 265 1043 306 quid
1065 268 1257 306 aspiceret?
1283 279 1416 311 respon-

89 312 175 344 disse
193 312 423 351 tempestatem
438 309 480 340 ab
500 311 595 341 Ostia
610 311 774 350 atrocem,
786 310 855 342 sive
872 314 1015 352 coeperat
1031 311 1042 330 ³
1060 321 1098 344 ea
1113 314 1248 355 species,
1265 325 1320 349 seu
1334 319 1417 350 sorte

87 358 177 400 lapsa
191 368 256 390 vox
268 359 302 390 in
317 357 508 398 praesagium
522 356 630 387 vertit.

128 411 249 439 XXXII.
274 409 344 437 Non
361 412 470 435 rumor
490 403 632 443 interea,
653 403 708 435 sed
726 404 872 445 undique
897 405 1004 437 nuntii
1026 405 1200 448 incedunt,
1231 409 1285 450 qui
1302 419 1417 451 ynam

88 454 236 487 Claudio
249 455 386 491 cuneta,
401 453 435 483 et
452 453 566 483 venire
580 454 782 492 promptum
801 454 924 485 ultioni
947 454 1109 486 afferrent.
1128 455 1226 495 igitur
1244 459 1415 491 Messalina

84 502 288 534 Lucullianos
304 500 337 531 in
354 498 485 530 hortos¹
505 523 515 538 ‚
538 499 634 530 Silius
651 499 890 531 dissimulando
908 503 998 532 metu
1024 502 1062 533 ad
1089 503 1200 534 munia
1224 504 1286 536 fori
1308 506 1415 546 digre-

85 549 229 581 diuntur.
252 546 365 578 ceteris
383 546 504 586 passim
522 546 740 578 dilabentibus
758 546 880 578 affuere
899 549 1124 589 centuriones,
1154 550 1321 592 inditaque
1338 555 1415 585 sunt

83 597 226 635 vincula,
242 597 278 626 ut
292 594 365 634 quis
375 593 593 633 reperiebatur
611 593 643 624 in
662 593 792 634 publico
809 597 864 625 aut
878 604 933 635 per
948 596 1095 627 latebras.
1108 599 1277 631 Messalina
1289 601 1413 641 tamen,

82 651 282 686 quamquam
299 651 349 672 res
362 641 506 673 adversae
520 641 691 672 consilium
706 641 905 681 eximerent,
928 643 974 674 ire
991 643 1122 675 obviam
1141 647 1173 676 et
1187 647 1287 686 aspici
1309 657 1327 679 a
1343 657 1414 679 ma-

82 693 158 731 rito,
175 690 264 731 quod
277 698 363 729 saepe
379 688 557 720 subsidium
576 688 746 727 habuerat,
761 689 845 720 haud
861 690 1000 729 segniter
1017 691 1156 724 intendit
1170 692 1197 733 ²,
1215 695 1372 736 missique
1384 695 1412 736 ³,

80 742 123 772 ut
135 739 360 772 Britannicus
375 738 407 768 et
424 738 565 767 Octavia
579 738 611 767 in
628 737 844 777 complerwn
857 739 972 776 patris
981 742 1178 777 perperent.
1193 742 1225 772 et
1234 742 1411 782 Vibidiam,

80 786 241 827 *virginum
252 784 427 815 Vestalium
436 783 687 815 vetustissimam
703 808 711 822 ,
724 784 829 815 oravit
841 784 1014 824 pontificis
1028 789 1169 817 maximi
1181 797 1284 820 (mres
1297 790 1410 832 adire,

80 835 300 867 clementiam
314 833 484 870 espelere.
501 832 598 870 atque
614 830 741 861 interim
758 831 862 862 tribus
877 831 1010 862 omnino
1028 833 1261 867 comitantibus
1279 837 1331 876 (id
1358 848 1410 871 re-

79 882 175 922 pente
191 878 373 911 solitudinis
398 878 486 918 erat)
500 902 509 916 ,
534 877 676 917 spatium
695 878 789 909 Urbis
812 877 951 918 pedibus
971 887 1099 910 emensa
1114 904 1124 919 ,
1152 882 1301 914 vehiculo
1316 908 1325 923 ,
1345 894 1410 925 quo

78 928 292 969 purgamenta
308 926 475 956 hortorum
494 924 700 964 eripiuntur⁴
719 948 728 964 ‚
747 926 931 957 Ostiensem
959 925 1045 956 riam
1062 927 1177 966 intrat,
1196 930 1284 961 nulla
1300 932 1410 971 cujus-

78 984 177 1016 quam
193 972 430 1010 misericordia,
447 972 522 1012 quia
536 972 729 1011 flagitiorum
747 972 938 1004 deformitas
953 973 1163 1012 praevalebat.

119 1025 256 1054 xxxin.
280 1019 512 1059 Trepidabatur
528 1019 741 1051 nihilominus
769 1029 787 1050 a
813 1023 939 1051 Caesare
963 1029 970 1049 ε
993 1021 1112 1060 quippe
1138 1022 1246 1061 Getae,
1265 1026 1409 1063 praetorii

77 1070 231 1111 praesecto
244 1091 254 1107 ,
283 1067 368 1098 liaud
401 1067 480 1097 satis
506 1066 648 1106 fidebat,
682 1067 723 1098 ad
752 1067 889 1098 honesta
911 1076 968 1098 seu
997 1076 1096 1107 prava
1117 1068 1210 1107 juxta
1234 1070 1306 1102 levi.
1334 1081 1409 1113 ergo

77 1117 246 1149 Narcissus
257 1139 265 1153 ‚
280 1114 456 1154 assumptis
473 1113 591 1152 quibus
605 1113 690 1145 idem
706 1116 828 1152 metus,
846 1123 911 1146 non
930 1114 1039 1145 aliam
1052 1124 1143 1154 spem
1157 1118 1409 1153 incolumitatis

79 1165 227 1198 Goesarz‘s
243 1162 384 1192 affirmat
396 1185 404 1199 ,
419 1168 527 1201 quam
545 1162 646 1201 εἰμες
662 1162 817 1193 mililum
836 1161 842 1178 ¹
860 1170 928 1192 uno
943 1162 1005 1192 illo
1021 1162 1076 1193 dic
1089 1164 1125 1193 in
1143 1163 1295 1204 aliquem
1310 1166 1410 1198 liber-

77 1214 192 1244 torum
221 1208 451 1247 transferret,-
474 1216 576 1247 seque
593 1209 691 1239 offert
716 1210 971 1248 snsceptmum.
990 1217 1028 1240 ac
1054 1218 1112 1249 ne,
1133 1210 1212 1241 dum
1237 1211 1270 1242 in
1289 1213 1407 1246 Urbem

74 1259 205 1291 vehitur
218 1256 228 1274 ²
241 1280 250 1290 .
265 1256 305 1286 ad
320 1255 543 1295 poenitentiam
558 1264 576 1285 a
590 1257 625 1286 L.
645 1255 774 1287 Vitellio
787 1258 819 1287 et
836 1259 870 1287 P.
896 1260 997 1295 Largo
1014 1256 1141 1288 Caecina
1164 1259 1357 1300 mutaretur,
1375 1262 1407 1293 in

75 1305 188 1338 eodem
202 1304 380 1344 gestamine
393 1301 502 1333 sedem
526 1302 627 1341 poscit
645 1303 821 1342 sumitque.

116 1354 250 1384 XXXIV.
277 1350 395 1381 Crebra
416 1351 488 1388 post
510 1349 579 1380 hac
606 1350 691 1380 fama
719 1349 799 1388 fuit,
832 1349 916 1381 inter
941 1349 1084 1381 diversas
1108 1350 1265 1391 Principis
1278 1352 1405 1397 {voces,

74 1408 176 1441 quum
193 1397 291 1429 modo
308 1397 470 1427 incusaret
487 1396 605 1435 flagitia
628 1397 739 1427 uxoris
753 1421 762 1436 ‚
789 1396 966 1436 aliquando
993 1397 1034 1428 ad
1054 1398 1245 1430 memoriam
1264 1401 1406 1443 conjugii

73 1449 107 1479 et
132 1446 300 1478 infantiam
323 1444 500 1474 liberorum
526 1444 767 1483 revolveretur,
795 1453 859 1474 non
882 1444 969 1475 aliud
999 1445 1205 1485 prolocutum
1235 1447 1405 1482 Vitellium

73 1503 171 1536 quam
184 1492 378 1532 ofacinus!
392 1501 410 1521 o
425 1491 558 1522 scelus!
578 1491 722 1522 Instabat
745 1491 876 1531 quidem
898 1491 1067 1523 Narcissus
1083 1494 1221 1532 aperire
1243 1495 1404 1536 cembaqes

70 1543 106 1574 et
124 1543 195 1573 veri
217 1538 481 1580 copiamsacerc
501 1549 511 1569 .·
533 1538 590 1569 sed
611 1547 677 1569 non
700 1538 771 1569 idco
798 1538 936 1579 pervicit
955 1562 964 1577 ‚
994 1539 1074 1579 quin
1101 1548 1256 1579 suspensa
1283 1543 1315 1573 et
1337 1552 1404 1583 quo

72 1588 267 1620 ducerentur
293 1586 509 1617 inclinatura¹
544 1585 778 1626 responderet,
808 1586 1021 1626 exemploque
1044 1586 1113 1625 ejus
1140 1591 1258 1626 Largus
1278 1591 1404 1624 Caecina

71 1637 226 1667 uteretur.
246 1636 278 1666 et
288 1637 354 1672 jam
368 1635 435 1664 erat
453 1633 485 1663 in
499 1636 632 1672 aspectu
650 1632 820 1664 Messalina
833 1656 841 1670 ,
859 1633 1128 1673 clamitabatque,
1144 1634 1285 1666 audiret
1305 1638 1404 1669 Octa-

70 1685 136 1715 viae
150 1684 184 1714 et
198 1682 397 1714 Britannici
416 1682 574 1716 υκαι-ειη,
595 1689 696 1720 quum
712 1680 914 1720 obstreperet
930 1683 1118 1720 accusator,
1136 1682 1262 1713 Silium
1281 1684 1315 1714 et
1341 1692 1403 1715 nu-

67 1733 164 1772 ptias
181 1729 343 1760 referens:
363 1728 459 1759 simul
485 1727 651 1759 codicillos
679 1727 851 1758 libidinum
876 1727 1000 1759 iudices
1019 1727 1175 1768 tradidit,
1206 1730 1279 1769 quis
1309 1731 1401 1762 visus

69 1777 204 1810 Caesaris
221 1777 378 1806 averteret
394 1774 419 1805 ².
435 1784 495 1806 nec
511 1775 615 1806 multo
629 1777 703 1815 post
717 1774 836 1806 Urbem
861 1774 1054 1814 ingredienti
1076 1775 1297 1807 offerebantur
1316 1785 1401 1809 com-

69 1832 186 1855 munes
211 1822 320 1860 liberi,
345 1821 406 1851 nisi
425 1821 592 1852 Narcissus
617 1822 765 1852 amoveri
791 1829 845 1852 eos
862 1821 1025 1861 jussisset.
1050 1822 1213 1853 Vibidiam
1243 1823 1402 1863 depellere

69 1869 229 1911 nequivit,
243 1868 321 1908 quin
337 1869 438 1899 multa
452 1877 526 1899 cum
540 1868 666 1899 invidia
681 1867 692 1885 ³
711 1867 879 1907 flagitaret,
896 1877 938 1900 ne
951 1868 1134 1907 indefensa
1149 1870 1278 1909 0072chOE
1291 1872 1400 1902 exitio

69 1918 229 1950 daretur.
243 1915 340 1955 igitur
357 1914 564 1947 auditurum
577 1916 777 1954 Principem
797 1914 918 1954 etfore
931 1914 1089 1946 diluendi
1110 1917 1266 1947 criminis
1274 1916 1401 1956 facul-

69 1967 177 1999 tatem
194 1962 359 2003 respondit
374 1974 380 1990 :
395 1964 460 1993 iret
475 1963 615 1993 interim
631 1963 727 2001 virqo
744 1963 776 1992 ct
790 1970 894 1993 sacra
905 1964 1105 2001 capesseret.

110 2015 228 2043 XXXV.
253 2011 369 2042 Mirum
390 2010 472 2040 inter
486 2009 557 2040 haec
577 2008 744 2040 silentium
763 2008 912 2048 Claudii3
930 2009 1080 2040 Vitellius
1104 2009 1216 2050 ignaro
1239 2010 1371 2051 propior
1390 2020 1398 2041 :

67 2059 178 2091 omnia
191 2058 306 2090 liberto
325 2057 526 2089 obediebant.
540 2055 703 2097 patefieri
715 2055 855 2087 domum
870 2055 1027 2088 adulteri
1041 2058 1150 2097 atque
1170 2057 1258 2089 illac
1274 2057 1398 2090 deduci

97 2163 196 2189 XXXI.
212 2167 232 2186 i.
243 2162 278 2186 Ut
288 2161 419 2186 Bacchus.
433 2175 462 2179 —
472 2166 495 2185 2.
511 2161 637 2185 Fortasse
650 2162 681 2184 ut
696 2160 845 2184 Pentheum
860 2159 1031 2185 assimilaret.
1050 2174 1076 2177 -
1091 2167 1117 2184 ¹⁵.
1130 2161 1196 2185 Orta
1208 2163 1277 2185 erat.

99 2198 211 2223 XXXII.
239 2203 258 2221 ι.
278 2198 308 2221 V.
331 2203 354 2221 c.
384 2203 404 2221 ι.
416 2201 476 2220 —2.
495 2197 650 2221 Machinata
667 2197 715 2220 est.
730 2209 756 2212 —
772 2202 795 2219 5.
809 2197 851 2220 Sc.
874 2196 946 2220 servi
963 2196 1010 2226 qui
1027 2196 1164 2226 dicerent,
1185 2197 1324 2226 juberent.
1337 2203 1399 2222 -4.

69 2233 160 2258 Hortis
171 2234 266 2263 erepta
279 2233 442 2257 avehuntur.

98 2268 224 2293 XXXIII.
243 2274 263 2292 ¹.
277 2268 320 2292 Sc.
338 2268 580 2298 praetorianorum
596 2272 692 2290 corum
709 2267 862 2296 imperium.
877 2279 905 2283 -
916 2271 937 2290 ε.
950 2266 1088 2291 Claudius.

99 2303 223 2328 XXXIV.
239 2309 260 2327 ι.
273 2304 360 2328 Verba
377 2303 467 2332 dubia.
482 2308 540 2331 quae
551 2308 565 2326 a
580 2303 794 2332 colloquentem
807 2308 867 2326 eam
880 2307 961 2332 quam
978 2302 1063 2326 vellet
1074 2304 1180 2332 partem
1195 2302 1267 2326 trahi
1278 2303 1399 2332 possent.

70 2352 99 2362 ,-
110 2344 133 2364 2.
144 2339 187 2364 Sc.
198 2338 231 2364 ab
241 2344 335 2364 uxore.
351 2352 377 2356 -
390 2344 411 2362 5.
424 2338 518 2363 Verbis
534 2337 648 2362 multum
662 2338 770 2363 invidiae
783 2339 810 2361 et
824 2338 880 2362 odii
899 2337 1075 2368 minantibus,
1089 2339 1138 2362 uisi
1156 2338 1369 2368 obtemperaret.
