1539 2668
526 184 562 213 A.
586 183 624 212 U.
649 183 682 212 C.
707 183 779 212 822.
804 183 840 211 A.
864 183 901 212 C.
924 183 977 212 69.
1285 196 1288 198 ’
1358 184 1420 214 353

91 262 269 296 sciscitanti
291 269 422 293 causam
449 258 546 300 apud
569 258 741 291 Caecinam
761 259 909 289 Tuscum
926 255 938 274 ³
957 255 1098 297 epulari
1119 257 1246 288 multos
1261 281 1270 297 ,
1296 260 1420 299 praecz'-

89 319 201 352 puum
208 311 336 343 honore
345 309 491 341 Junium
507 307 658 338 Bloesum
668 305 847 336 nuntiatur.
861 305 968 336 cetera
980 303 1014 335 in
1027 303 1134 343 majus
1146 303 1156 321 ⁴
1165 328 1173 343 ,
1188 303 1227 335 de
1239 308 1422 345 apparatu

91 359 124 389 et
134 358 254 390 solutis
271 359 306 388 in
326 356 505 388 lasciviam
520 354 656 385 animis.
681 361 741 384 nec
758 352 890 384 defuere
908 351 964 392 qui
982 351 1091 392 ipsum
1109 355 1254 382 Tuscum
1272 354 1304 383 et
1320 354 1399 386 alios
1412 380 1421 395 ‚

90 405 146 436 sed
171 404 376 437 criminosius
399 402 536 434 Blaesum
563 401 771 439 incusarent,
801 399 892 441 quod
914 408 1006 440 aeyro
1033 400 1199 439 Principe
1224 399 1322 431 laetos
1351 402 1422 435 dies

91 454 219 492 aqeret.
238 451 294 483 ubi
309 452 493 491 asperatum
510 448 679 479 Vitellium
696 448 728 479 et
746 456 840 487 posse
858 447 995 478 blaesum
1014 446 1155 487 perverti
1171 446 1248 477 satis
1264 448 1371 487 patuit
1385 450 1424 482 iis

90 499 144 539 qui
168 500 353 539 Principum
379 497 517 528 offensas
538 496 656 528 acriter
675 495 885 535 speculantur
899 519 907 534 ,
933 494 1020 526 datae
1042 495 1080 526 L.
1109 493 1239 525 Vitellio
1256 494 1426 528 delationis

88 547 207 587 partes.
226 546 279 577 ille
302 545 449 576 infensus
467 544 569 576 Blaeso
591 543 802 575 aemulatione
825 551 941 582 prava,
959 542 1045 583 quod
1062 550 1138 573 eum
1159 541 1249 573 omni
1265 541 1425 575 dedecore

89 594 292 625 maculosum
306 594 434 632 egregia
449 592 535 624 fama
549 592 714 631 anteibat,
736 590 926 622 cubiculum
944 589 1150 630 Imperatoris
1163 592 1304 630 reserat,
1324 590 1424 623 silium

88 641 157 681 eJus
179 641 250 672 sinu
271 640 461 681 complexus
477 642 511 672 et
527 634 663 680 genibus
685 637 846 669 accidens.
867 646 998 668 causam
1024 637 1228 669 confusionis
1243 638 1425 678 quaerenti,

92 701 108 716 «
128 697 192 720 non
213 697 247 719 se
268 687 398 728 proprio
415 689 504 718 metu
521 696 581 718 nec
596 686 647 717 sui
665 686 800 717 anxium
812 709 821 725 ,
836 685 892 716 sed
909 694 967 725 pro
982 684 1101 724 fratre,
1119 694 1177 725 pro
1194 684 1303 717 liberis
1318 685 1427 717 fratris

91 747 108 763 κ
125 744 237 775 preces
264 735 479 774 lacrimasque
506 733 666 766 attulisse.
690 733 810 765 frustra
832 732 1071 773 Vespasianum
1095 733 1228 773 timeri,
1255 741 1352 773 quem
1378 734 1428 766 tot

92 795 107 811 ι
125 783 323 814 Germanicae
338 783 495 822 legiones,
513 784 563 813 tot
583 781 761 822 provinciae
779 781 899 813 virtute
912 789 950 811 ac
965 781 1028 813 fide
1039 805 1049 820 ,
1066 783 1195 812 tantum
1209 780 1348 821 denique
1364 782 1425 812 ter·

91 842 107 858 ι
125 839 234 862 rarun.
259 839 297 861 ac
321 830 420 860 maris
441 830 610 860 immensis
627 830 741 869 spatiis
768 830 888 859 arceat.
912 829 947 859 in
968 828 1054 859 Urbe
1083 837 1120 859 ac
1144 828 1216 858 sinu
1243 828 1426 860 cavendum

90 889 106 906 α
123 877 249 909 hostem
264 877 376 908 Junios
390 877 611 916 Antoniosque
625 876 634 893 ⁵
652 884 731 906 avos
745 876 936 914 J'actantem,
949 875 1004 915 qui
1020 884 1054 906 se
1071 875 1170 915 stirpe
1184 876 1427 916 impe1·atoria⁰‚

90 936 106 953 ιι
123 933 249 956 comem
266 933 303 955 ac
322 924 529 964 magnificum
548 923 707 954 militibus
724 924 878 955 ostentet.
895 931 1004 954 versas
1024 922 1103 953 illuc
1120 923 1268 953 omnium
1284 926 1407 954 mentes
1418 947 1428 963 ,

89 983 106 1001 α
123 972 202 1003 dum
219 971 366 1003 Vitellius
384 972 566 1003 amicorum
584 971 859 1011 inimicorumque
878 970 1045 1010 negligens
1063 970 1150 1001 fovet
1167 971 1322 1001 aemulum
1338 971 1428 1002 Prin-

90 1033 107 1049 «
124 1020 205 1061 cipis
225 1019 350 1051 labores
363 1019 372 1037 ⁷
394 1029 411 1051 e
428 1020 580 1051 convivio
599 1020 876 1060 prospectantem.
894 1018 1094 1049 reddendam
1118 1027 1177 1058 pro
1200 1018 1429 1058 intempestiva.

90 1081 108 1097 α
125 1068 238 1100 laetitia
256 1070 403 1098 moestam
422 1069 454 1098 et
473 1067 639 1098 funebrem
660 1069 787 1097 noctem
802 1091 810 1105 ,
831 1075 896 1106 qua
913 1065 993 1097 sciat
1013 1069 1045 1097 et
1065 1066 1185 1097 sentiat
1207 1066 1316 1098 vivere
1331 1066 1428 1098 Vitel-

91 1128 108 1145 α
124 1115 204 1147 lium
218 1117 249 1146 et
263 1115 422 1155 imperare
435 1116 468 1146 et
484 1115 510 1145 si
528 1114 607 1154 quid
626 1115 691 1145 fato
709 1113 852 1152 accidat,
870 1113 973 1145 filium
990 1113 1118 1145 habere.
1136 1127 1151 1140 n

130 1165 263 1194 XXXIX.
288 1161 477 1202 Trepidanti
494 1162 580 1193 inter
606 1161 711 1192 scelus
730 1163 939 1200 metumque,
964 1169 1004 1192 ne
1024 1160 1124 1191 dilata
1140 1160 1233 1192 Blaesi
1251 1171 1337 1193 mors
1361 1171 1426 1195 ma-

89 1209 197 1241 turam
223 1209 401 1250 perniciem
415 1233 423 1248 ,
451 1209 555 1249 palam
571 1208 662 1248 jussa
679 1209 824 1239 atrocem
840 1207 995 1238 invidiam
1021 1208 1141 1246 ferret,
1160 1209 1281 1247 placuit
1301 1218 1428 1243 veneno

88 1257 235 1297 grassari.
257 1256 384 1288 addidit
403 1256 538 1287 facinori
563 1256 657 1287 tidem
684 1255 785 1287 nobili
801 1256 806 1272 ¹
826 1255 961 1293 gaudio,
980 1255 1118 1286 Blaesum
1133 1255 1278 1287 visendo.
1299 1257 1379 1297 quin
1395 1259 1429 1291 et

90 1304 201 1335 audita
219 1306 267 1335 est
284 1304 462 1335 saevissima
476 1303 596 1334 vitellii
616 1312 678 1334 vox
694 1327 702 1341 ‚
718 1312 782 1342 qua
799 1311 833 1333 sc
858 1303 941 1342 (ipsa
958 1303 1043 1332 enini
1068 1302 1166 1333 verba
1194 1303 1350 1344 referam)
1369 1313 1429 1345 pa-

88 1352 174 1382 visse
194 1351 310 1382 oculos
323 1352 483 1391 spectata
503 1351 635 1381 inimici
655 1352 766 1380 morte
781 1350 928 1389 jactavit.
943 1349 1041 1380 Blaeso
1060 1358 1158 1388 super
1176 1350 1356 1381 claritatem
1374 1361 1429 1384 na-

87 1398 201 1430 talium
220 1400 252 1430 et
269 1398 463 1437 elegantiam
482 1406 610 1428 morum
639 1396 713 1428 fidei
739 1396 917 1427 obstinatio
936 1396 1008 1428 suit.
1033 1397 1168 1435 integris
1186 1407 1315 1437 quoque
1333 1398 1429 1431 rebus

88 1454 107 1477 a
122 1445 249 1477 Caecina
261 1448 293 1477 et
309 1445 508 1486 primoribus
525 1444 668 1485 partium
685 1444 752 1482 jam
768 1443 931 1474 Vitellium
949 1444 1198 1483 aspernantibus
1214 1445 1355 1476 ambitus
1369 1445 1425 1476 ab·

88 1501 189 1525 nuere
206 1493 435 1533 perseveravit.
459 1496 592 1523 sanctus
604 1516 614 1531 ,
638 1491 823 1522 inturbidus
836 1515 844 1531 ,
863 1491 982 1522 nullius
998 1491 1160 1531 repentini
1180 1492 1329 1531 lionoris,
1346 1493 1428 1526 adeo

88 1547 155 1570 non
168 1538 180 1557 ²
201 1540 402 1581 principatus
420 1542 574 1580 appetens
587 1563 596 1580 ,
616 1548 729 1579 parum
747 1539 905 1578 effugerat
918 1538 929 1556 ³
950 1547 989 1569 ne
1008 1538 1127 1578 dignus
1145 1539 1340 1570 crederetur.

129 1591 192 1619 XL.
216 1588 336 1619 Fabius
354 1588 483 1619 interim
496 1587 612 1618 Valens
627 1587 731 1617 multo
746 1595 782 1617 ac
800 1586 890 1617 molli
905 1585 1160 1617 concubinarum
1176 1587 1427 1628 spadonumque

89 1635 216 1676 agmine
233 1635 364 1675 segnius
381 1644 479 1675 quam
497 1635 536 1665 ad
563 1635 681 1665 bellum
698 1633 866 1673 incedens,
878 1633 1059 1674 proditam
1082 1644 1103 1666 a
1123 1635 1227 1665 Luc-20
1242 1636 1349 1666 Basso
1362 1638 1428 1668 Ra·

89 1684 274 1716 vennatem
291 1683 435 1714 classem
456 1682 642 1722 pernicibus
662 1682 787 1713 nuntiis
804 1681 939 1722 accepit.
967 1682 1001 1712 et
1023 1680 1050 1712 si
1075 1684 1218 1721 emptum
1236 1682 1296 1713 iter
1313 1691 1426 1723 prope-

90 1731 210 1767 rasset,
230 1731 400 1761 nutantem
419 1731 580 1761 Caecinam
605 1729 784 1769 praevenire
801 1732 858 1761 aut
873 1730 949 1760 ante
965 1729 1139 1760 discrimen
1159 1739 1274 1770 pugnae
1298 1727 1439 1771 assequi·

89 1776 232 1817 legiones
257 1777 429 1816 potuisset.
449 1786 509 1808 nec
525 1777 659 1807 deerant
674 1777 730 1816 qui
750 1780 919 1808 monerent
935 1778 976 1808 ut
993 1785 1071 1808 cum
1082 1777 1267 1817 fidissimis
1288 1786 1354 1818 per
1375 1787 1426 1810 oc-

88 1824 199 1856 cultos
215 1826 385 1863 tramites,
398 1826 511 1856 vitata
522 1827 698 1862 Ravenna,
715 1824 899 1855 Hostiliam
915 1825 1159 1855 Cremonamve
1169 1826 1341 1864 perperce-
1356 1825 1426 1858 aliis

87 1870 233 1912 placebat
245 1873 364 1902 accitis
372 1879 415 1902 ex
430 1871 514 1902 Urbe
522 1872 703 1911 praelorz'z‘s
717 1870 913 1902 cohortibus
927 1870 1050 1901 valida
1063 1879 1173 1902 manu
1185 1879 1423 1911 perrumpere.

87 1918 157 1959 ipse
183 1918 291 1949 inutili
316 1920 522 1950 cunctatione
546 1917 660 1958 agendi
685 1920 834 1958 tempora
859 1916 1072 1948 consultando
1089 1917 1294 1958 consumpsit
1316 1927 1324 1948 :
1346 1927 1424 1950 mox

88 1966 264 2006 utrumque
282 1966 455 1996 consilium
481 1967 690 2006 aspernatus.
716 1964 805 2005 quod
829 1964 912 1996 inter
938 1964 1093 2005 ancipitia
1118 1964 1331 1997 deterrimum
1356 1966 1422 2006 est,

85 2012 165 2044 dum
182 2013 288 2045 media
303 2014 462 2054 sequitur,
483 2022 544 2045 nec
559 2023 658 2045 ausus
675 2016 725 2045 est
743 2012 822 2045 satis
838 2021 898 2045 nec
914 2012 1065 2053 providit.
1272 2040 1282 2048 ,

127 2064 204 2092 XLI.
227 2060 334 2092 Missis
351 2061 391 2092 ad
406 2061 572 2093 Vitellium
591 2062 705 2093 litteris
719 2061 877 2092 auxilium
896 2060 1044 2101 postulat.
1061 2069 1176 2092 venere
1192 2059 1258 2091 tres
1271 2060 1421 2092 cohortes

87 2115 162 2139 cum
179 2107 229 2139 ala
244 2108 445 2149 Britannica,
464 2118 568 2150 neque
588 2109 627 2140 ad
646 2107 840 2140 fallendum¹
862 2110 957 2149 aptus
971 2116 1125 2139 numerus
1142 2116 1248 2148 neque
1266 2107 1306 2139 ad
1325 2116 1420 2149 pene-

88 2191 199 2218 Sueton.
214 2199 240 2218 c.
255 2199 349 2219 47.—5.
363 2195 545 2219 memoratum
562 2195 830 2224 Ann.X111,2o.-⁴.
848 2195 937 2218 Aucta
948 2195 1176 2218 nuntiantur.—5.
1188 2194 1309 2224 Quorum
1322 2194 1419 2219 Junlus

87 2226 185 2252 Brutus
198 2230 328 2254 Caesarem
341 2230 451 2258 occidit,
466 2231 501 2255 Μ.
515 2232 649 2255 Antonius
660 2232 758 2255 eontra
774 2231 924 2260 Augustum
938 2230 1080 2260 pugnavit.
1096 2243 1124 2247 —
1134 2235 1154 2254 6.
1169 2231 1250 2254 Pater
1260 2230 1319 2259 ejus
1330 2230 1404 2260 impe

87 2264 173 2287 rator
186 2264 319 2289 salutatus
331 2271 347 2290 a
360 2266 498 2296 militibus,
511 2268 588 2290 Anu.
600 2267 643 2296 lli,
656 2272 749 2291 74.—7.
761 2266 896 2291 Morbum.

117 2299 240 2323 XXXIX.
260 2306 281 2324 i.
298 2301 379 2330 Quasi
390 2302 464 2326 dicas
478 2302 617 2331 noscibili,
634 2305 796 2332 conspicuo.
812 2302 849 2325 De
869 2307 899 2325 re
914 2301 986 2326 cont.
1002 2303 1112 2326 narrata
1132 2302 1265 2326 Suetonio
1283 2307 1307 2326 c.
1325 2306 1416 2326 ¹⁴.—2.

87 2333 260 2359 Nedum—5.
271 2337 362 2360 Graece
377 2334 449 2374 παρ’
466 2333 567 2373 ὀλίγον
582 2334 701 2374 ἔφυγεν.
718 2339 881 2368 Quanquam
893 2336 945 2360 fide
963 2338 1138 2361 sanctissima
1153 2338 1181 2361 et
1192 2337 1417 2365 modestissimus,

86 2369 129 2393 nis
142 2370 288 2394 virtutibus
301 2377 372 2401 aegre
387 2374 554 2403 impediebat
567 2375 632 2404 quin
652 2374 739 2404 palam
759 2373 865 2403 dianus
881 2373 995 2402 imperio
1009 2372 1196 2402 crederetur:
1217 2378 1277 2404 quae
1293 2378 1337 2398 res
1354 2373 1413 2397 tum

85 2406 238 2436 perniciem
253 2406 398 2432 afferebat.

118 2441 189 2466 XLI.
204 2447 224 2466 ι.
239 2442 398 2467 Lateudum.
