1539 2668
578 161 615 189 A.
638 162 678 190 U*
701 162 739 190 C.
762 161 838 190 819.
861 161 898 190 A.
921 161 963 190 C„
980 161 1031 189 66.
1410 160 1470 190 263

184 236 293 266 XVIII.
320 237 365 264 De
382 236 416 265 C.
436 232 586 264 Petronio
602 240 705 272 pauca
722 240 817 271 supra
836 232 842 248 ¹
862 231 1036 272 repetenda
1059 232 1144 262 sunt.
1170 239 1244 262 nam
1264 230 1311 262 illi
1332 229 1400 263 dies
1415 241 1472 273 per

144 289 312 320 somnum,
331 290 396 312 nox
415 279 530 311 officiis
550 281 582 310 et
602 279 850 310 oblectamentis
879 279 955 310 vitae
981 277 1232 317 transigebatur;
1258 281 1363 318 utque
1390 278 1472 311 alios

145 327 322 366 industria,
338 328 384 359 ita
397 328 485 358 hunc
501 325 629 367 ignavia
645 326 684 356 ad
702 325 821 357 famam
835 326 1020 366 protulerat,
1036 325 1275 365 habebaturque
1290 335 1358 357 non
1371 334 1472 366 ganeo

145 375 177 406 et
193 375 387 415 profligator,
411 376 446 405 ut
468 373 610 414 plerique
627 382 684 404 sua
702 372 938 413 haurientium,
969 371 1025 404 sed
1050 371 1177 404 erudito
1204 372 1292 402 luxu.
1320 381 1361 404 ac
1386 372 1472 404 dicta

144 421 293 463 factaque
309 423 378 462 ejus
394 422 516 462 quanto
532 420 688 452 solutiora
707 423 738 451 et
751 420 912 461 quandam
930 419 980 452 sui
996 419 1220 459 negligentiam
1243 419 1448 460 praeferentia
1461 443 1471 459 ,

143 469 234 501 tanto
255 470 376 509 gratius
403 469 434 500 in
461 468 600 509 speciem
630 468 850 508 simplicitatis
879 466 1129 508 accipiebantur.
1164 467 1333 507 proconsul
1358 468 1472 498 tamen

143 516 299 556 Bithyniae
315 518 347 547 et
374 525 449 546 mox
476 515 587 546 consul
603 514 614 532 ²
644 516 805 554 vigentem
823 524 855 545 se
872 524 909 546 ac
925 523 1035 555 parem
1053 513 1189 553 negotiis
1205 513 1346 545 ostendit
1363 526 1369 543 :
1397 513 1471 544 dein

142 563 307 594 revolutus
324 563 363 594 ad
383 563 462 594 vitia
476 572 530 594 sen
549 563 705 594 vitiorum
723 562 938 593 imitationem
952 562 1035 593 inter
1050 569 1167 601 paucos
1184 560 1391 591 familiarium
1412 563 1472 591 Ne-

141 609 212 640 roni
226 612 409 651 assumptus
423 614 470 641 cst
485 610 649 650 elegantiae
665 610 795 649 arbiter,
813 609 889 640 dum
907 609 984 641 nihil
998 617 1160 639 amoenum
1174 610 1205 639 et
1220 608 1315 639 molle
1332 608 1472 639 affluen-

140 655 185 687 tia
201 659 312 696 putat,
331 658 393 688 nisi
424 657 510 697 quod
538 653 566 689 ei
592 657 760 688 Petronius
780 657 1037 697 approbavisset.
1062 655 1148 686 unde
1176 654 1298 686 invidia
1322 654 1472 696 Tigellini

140 703 232 743 quasi
247 704 401 735 adversus
422 705 576 735 aemulum
600 707 631 735 et
645 704 778 735 scientia
795 704 999 744 voluptatum
1014 702 1181 744 potiorem.
1200 711 1275 741 ergo
1294 701 1472 734 crudelita-
1495 701 1497 712 '

138 749 205 781 tem
222 751 378 792 Principis
391 776 398 790 ,
417 751 468 782 cui
486 754 602 783 ceterae
616 750 768 782 libidines
785 751 960 791 cedebant,
984 749 1168 791 aggreditur
1185 749 1360 780 amicitiam
1380 750 1464 780 Scae*
1493 749 1495 753 '

138 797 207 828 vini
224 798 375 829 Petronio
393 799 575 838 obJectans,
602 801 752 838 corrupto
770 798 809 829 ad
826 798 982 829 indicium
1009 806 1102 829 servo
1120 797 1336 837 ademptaque
1355 795 1456 828 defen
1493 801 1496 806 ’

137 843 228 877 sione
242 847 274 876 et
291 846 412 886 majore
425 849 516 886 parte
535 845 662 876 familiae
676 846 708 875 in
723 845 827 876 vincla
841 846 941 886 rapta.

179 894 258 923 XIX.
283 895 376 924 Forte
396 893 458 924 illis
479 893 594 924 diebus
612 892 818 932 Campaniam
847 892 1007 932 petiverat
1029 894 1145 929 Caesar,
1169 891 1201 922 et
1227 895 1345 923 Cumas
1363 899 1466 933 usque

135 946 321 979 progressus
339 940 509 971 Petronius
526 940 592 971 illic
609 938 817 971 attinebatur.
840 947 900 969 nec
914 938 990 969 vtulit
1007 938 1088 969 ultra
1105 937 1231 970 timoris
1246 940 1302 970 aut
1315 940 1384 979 spei
1399 946 1465 970 mo-

135 991 197 1015 ras.
217 994 321 1026 neque
339 990 446 1018 tamen
462 995 605 1027 praeceps
621 987 719 1017 vitam
746 985 887 1026 expulit,
917 985 973 1017 sed
996 985 1113 1016 incisas
1130 994 1241 1025 venas,
1255 988 1292 1016 ut
1315 985 1443 1017 libitum
1454 1009 1464 1026 ,

135 1030 292 1072 obligatas
305 1058 314 1073 ,
335 1035 458 1074 aperire
475 1043 621 1073 rursum,
638 1035 668 1065 et
695 1033 813 1073 alloqui
840 1033 980 1073 amicos,
1012 1041 1074 1064 non
1093 1041 1148 1072 per
1163 1032 1246 1063 seria
1274 1034 1330 1065 aut
1347 1032 1466 1073 quihus

135 1081 327 1112 constantim
345 1082 477 1122 glorium
491 1083 625 1122 peteret.
644 1081 859 1121 audiebatque
876 1081 1061 1120 referentes,
1072 1079 1152 1110 nihil
1168 1079 1207 1111 de
1223 1079 1467 1112 immortalitate

135 1128 251 1161 animae
268 1132 300 1162 et
319 1131 511 1171 sapientium
525 1131 665 1172 placitis,
676 1131 730 1162 sed
745 1131 827 1162 levia
840 1130 981 1162 carmina
994 1132 1026 1162 et
1043 1130 1149 1161 faciles
1163 1138 1285 1169 versuS‚
1297 1138 1464 1162 servorum

135 1174 214 1206 alios
223 1175 401 1217 largitione,
422 1179 580 1218 quosdam
597 1178 786 1209 verberibus
803 1178 923 1209 affecit.
937 1177 1009 1209 iniit
1026 1177 1135 1217 epulas
1150 1177 1175 1216 ¹,
1194 1186 1307 1208 somno
1317 1176 1463 1217 indulsit,

140 1224 177 1254 ut
194 1232 391 1264 quamquam
416 1228 528 1257 coacta
545 1235 631 1256 mors
654 1225 795 1256 fortuitae
820 1225 935 1256 similis
957 1227 1052 1256 esset.
1085 1233 1124 1254 ne
1152 1223 1307 1254 codicillis
1332 1223 1463 1264 quidem

134 1269 231 1310 (quod
247 1271 390 1311 plerique
404 1272 623 1312 pereuntium)
644 1276 803 1303 Neronem
821 1273 875 1302 aut
892 1271 1080 1311 Tigellinum
1098 1271 1153 1301 aut
1170 1279 1265 1310 quem
1284 1270 1381 1301 alium
1405 1279 1464 1311 po·

134 1317 272 1349 tentium
287 1318 437 1350 adulatus
455 1321 503 1351 est
522 1330 528 1350 :
547 1320 600 1351 sed
619 1319 739 1359 flagitia
756 1319 910 1359 Principis
927 1318 988 1349 sub
1005 1318 1187 1349 nominihus
1203 1318 1401 1348 exoletorum
1416 1317 1464 1348 fe-

133 1363 357 1405 minarumque
370 1368 402 1397 et
416 1366 558 1398 novitate
572 1365 745 1406 cujusque²
755 1365 937 1406 perscripsit
948 1366 1044 1405 atque
1056 1364 1224 1403 obsignata
1233 1363 1321 1395 misit
1331 1363 1462 1396 Neroni.

132 1410 289 1452 fregitque
302 1413 457 1444 annulum
471 1413 498 1453 ⁴,
515 1422 556 1445 ne
577 1423 651 1444 mox
669 1414 742 1444 usui
758 1414 838 1444 esset
853 1412 892 1443 ad
908 1412 1052 1443 facienda
1066 1412 1217 1452 pericula.

173 1462 237 1491 XX.
263 1460 443 1500 Ambigenti
466 1461 580 1492 Neroni
600 1460 849 1500 quonammodo
868 1460 1011 1491 noctium
1026 1469 1156 1490 suarum
1180 1458 1305 1498 ingenia
1318 1460 1462 1491 notesce-

132 1506 218 1544 rent,
238 1506 375 1538 ofl'ertur
389 1507 463 1539 Silia
481 1508 689 1538 matrimonio
705 1507 862 1539 senatoris
885 1506 972 1538 haud
1000 1507 1108 1547 ignota
1130 1507 1162 1537 et
1180 1506 1238 1546 ipsi
1264 1506 1303 1537 ad
1331 1515 1461 1538 omnem

133 1551 298 1584 libidinem
318 1554 416 1585 ascita
429 1564 465 1586 ac
481 1555 631 1586 Petronio
652 1564 808 1595 perquam
829 1554 1004 1585 familiaris.
1024 1554 1130 1593 agitur
1142 1553 1176 1584 in
1193 1552 1342 1583 exsilium
1354 1577 1363 1593 ,
1381 1555 1462 1585 tam·

132 1608 228 1640 quam
251 1609 315 1632 non
336 1601 478 1633 siluisset
502 1611 575 1642 quae
601 1602 726 1634 viderat
758 1602 888 1642 proprio
912 1601 997 1632 odio.
1027 1602 1066 1632 At
1093 1600 1269 1631 Minucium
1285 1600 1462 1632 Thermum

132 1651 273 1687 praetura
296 1648 441 1680 functum
463 1650 608 1690 Tigellini
635 1649 855 1680 simultatibus
881 1648 1006 1680 dedidit
1028 1648 1050 1687 ¹,
1068 1648 1150 1687 ,quia
1176 1646 1310 1678 libertus
1333 1647 1462 1679 Thermi

132 1695 280 1734 quaedam
294 1695 333 1727 de
355 1696 509 1736 Tigellino
527 1697 700 1728 criminose
717 1696 897 1735 detulerat,
915 1704 989 1736 quae
1008 1694 1205 1726 cruciatibus
1225 1695 1461 1726 tormentorum

131 1741 217 1782 ipse,
241 1745 394 1782 patronus
409 1744 477 1784 ejus
495 1753 572 1775 nece
589 1744 747 1775 immerita
765 1744 877 1775 lueret.

173 1792 252 1820 XXI.
277 1790 457 1822 Trucidatis
473 1792 519 1822 tot
535 1791 714 1830 insignibus
730 1791 805 1821 viris
820 1790 858 1821 ad
874 1790 1073 1831 postremum
1088 1792 1171 1821 Nero
1186 1788 1341 1819 virtutem
1356 1787 1461 1828 ipsam

133 1835 320 1868 exscindere
335 1838 520 1877 concupivit
534 1837 701 1869 interfecto
715 1838 853 1868 Thrasea
864 1838 950 1868 Paeto
965 1840 996 1868 et
1006 1841 1104 1868 Barea
1123 1840 1260 1873 Sorano,
1278 1835 1354 1865 olim
1370 1834 1463 1866 utris—

133 1891 194 1922 que
211 1882 364 1923 infensus,
382 1886 414 1914 et
432 1884 660 1915 accedentibus
676 1884 783 1914 causis
803 1884 835 1914 in
853 1884 1025 1914 Thraseam
1038 1907 1047 1922 ,
1074 1883 1160 1922 quod
1182 1882 1292 1912 senatu
1317 1889 1462 1920 egressus

134 1931 181 1961 est
195 1938 294 1970 quum
319 1930 359 1961 de
381 1931 553 1971 Agrippina
582 1931 767 1970 referretur,
798 1932 833 1962 ut
851 1929 1028 1961 memoravi
1046 1929 1070 1968 ¹,
1095 1928 1246 1968 quodque
1260 1927 1460 1967 juvenatium

133 1976 258 2008 ludicro
275 1985 387 2017 parum
405 1978 654 2018 exspectabilem
672 1977 683 1995 ²
706 1986 836 2018 operam
859 1977 1061 2018 p1·aebuerat;
1083 1984 1184 2015 eaque
1208 1974 1342 2005 offensio
1366 1975 1462 2005 altius

134 2023 338 2063 penetrabat,
356 2024 431 2064 quia
449 2024 534 2055 idem
555 2024 692 2056 Thrasea
710 2024 855 2063 Patavii,
882 2023 968 2055 unde
985 2024 1078 2055 ortus
1097 2025 1186 2060 erat,
1204 2021 1288 2052 ludis
1307 2020 1459 2052 cesticis³

133 2079 152 2103 a
166 2070 303 2110 Trojano
321 2073 482 2103 Antenore
499 2071 658 2103 institutis
677 2071 786 2103 habitu
809 2071 933 2111 tragico
948 2071 1120 2102 cecinerat.
1151 2069 1201 2100 die
1218 2077 1368 2109 quoque,
1396 2075 1461 2107 quo

134 2118 252 2159 praetor
265 2118 424 2150 Antistius
440 2118 482 2150 ob
499 2119 615 2159 probra
632 2119 664 2150 in
683 2123 841 2151 Neronem
863 2118 1043 2159 composita
1059 2117 1098 2149 ad
1119 2118 1257 2147 mortem
1283 2114 1460 2146 damnaba-

164 2200 258 2225 xvnt.
271 2206 290 2224 ι.
304 2201 398 2228 Attius,
412 2207 443 2225 cx
458 2201 652 2232 superioribus
667 2201 741 2225 Idem
754 2202 871 2225 vocatur
890 2201 970 2226 Titus
990 2200 1134 2226 Petronius
1147 2199 1219 2229 apud
1232 2198 1346 2223 Plinium
1361 2200 1388 2222 et
1402 2199 1462 2223 Plu-

136 2235 328 2260 tarchum—2.
346 2236 493 2260 Suffectus.

169 2269 242 2294 XIX.
258 2276 278 2295 ι.
302 2272 364 2296 Mss.
377 2272 449 2296 iniit
472 2273 501 2296 et
520 2272 591 2301 vias,
608 2271 766 2296 ambulavit.
781 2284 811 2290 -
822 2277 845 2296 2.
860 2274 934 2297 Avec
948 2272 1025 2297 leurs
1034 2271 1104 2301 plus
1119 2271 1332 2294 monstrueuses
1345 2268 1461 2293 recher-

139 2303 208 2333 ches,
222 2305 302 2329 Burn.
317 2312 366 2330 -5-
381 2307 572 2335 Signatorium.

168 2340 226 2364 XX.
240 2346 259 2365 ι.
270 2341 350 2366 Plane
361 2343 491 2371 permisit,
506 2347 649 2372 passurum
664 2348 723 2372 quae
734 2343 864 2368 suaderet
873 2344 914 2367 ira
925 2342 1063 2373 Tigellini.

166 2375 238 2400 XXI.
250 2381 270 2399 ι.
287 2377 356 2404 XIV,
373 2382 407 2401 ¹2.
417 2390 446 2394 —
458 2383 481 2401 2.
494 2377 557 2402 Non
568 2384 626 2403 eam
641 2385 700 2407 quae
714 2379 938 2409 exspectabatur.
951 2391 978 2396 --
989 2384 1014 2402 3.
1033 2378 1053 2401 Α
1068 2378 1156 2400 cestu.
1174 2375 1227 2399 Sed
1239 2375 1374 2399 Manuscr.
1388 2374 1461 2398 ceta-

136 2410 197 2435 stis.
212 2411 324 2441 Ignotus
336 2412 416 2437 hodie
429 2418 500 2443 agon
510 2414 616 2443 patrius
631 2415 735 2439 Patavii
747 2414 886 2444 trigesimo
906 2419 1014 2444 quoque
1026 2418 1098 2438 anno
1112 2411 1275 2440 celebratus,
1290 2415 1306 2434 a
1317 2409 1461 2435 conditore
