1539 2668
525 169 985 199 AMUca17UAUco4
1363 173 1422 203 243

43 242 48 256 “
77 241 183 274 tractu
203 243 337 274 navium
355 244 551 273 moveretur.
588 250 684 272 naves
712 250 790 272 auro
816 244 847 273 et
877 242 972 273 ebore
998 241 1179 283 distinctae3
1206 246 1407 288 remigesque

47 287 52 333 ζ
77 289 194 320 exoleti
213 298 268 330 per
286 291 398 321 aetates
418 291 450 320 et
467 288 636 321 scientiam
655 288 824 319 libidinum
843 289 1132 329 componebantur.
1152 292 1301 325 volucres
1315 296 1348 326 et
1365 295 1406 327 se-

48 347 51 351 *
76 344 130 367 ras
146 336 283 368 diversis
296 345 314 368 e
326 337 421 368 terris
433 338 466 368 et
482 336 632 368 animalia
647 336 743 366 maiis
761 340 886 368 Oceano
903 337 1047 377 abusque
1064 339 1232 378 petiverat
1258 341 1288 371 in
1308 342 1406 382 cropi-

77 381 210 415 dinibus
228 384 332 425 stagni
360 384 429 416 loca
445 384 621 415 illustribus
647 384 772 415 seminis
789 384 972 425 completa:
987 386 1094 424 gestus
1115 389 1286 427 motusque
1308 389 1408 421 illibe-

78 431 182 462 rales·
175 456 183 471 ‚
215 433 247 463 et
278 432 448 472 postquam
482 431 624 462 tenebrae
654 431 868 470 incedebant,
891 435 1050 471 quantum
1082 433 1175 471 juxta
1206 437 1346 467 nammis
1375 437 1407 467 et

78 477 285 518 circumjecta
303 481 385 510 tecta
403 487 578 510 consonare
601 481 697 509 cantu
716 480 747 509 et
766 456 941 510 luminibus
957 480 1137 511 clarescere.
1160 485 1231 521 lpse
1247 491 1302 522 per
1319 483 1405 515 licita

81 527 177 565 atque
193 526 303 557 illicita
323 525 461 557 t'u‘datus
477 525 556 556 nibil
575 525 683 565 flagitii
713 525 887 565 reliquerat
913 535 976 566 quo
993 529 1172 567 corruptior
1195 533 1318 569 ageret,
1345 531 1405 564 nisi

73 581 194 612 paucos
222 575 293 613 post
316 573 383 604 dies
405 573 459 604 uni
483 582 521 604 ex
552 573 606 604 illo
632 573 925 605 contaminatorum
942 576 1079 614 (nomen
1095 576 1306 617 Pythaqorce
1331 578 1404 617 suit)

72 620 106 651 in
123 620 256 651 modum
273 621 452 652 solennium
472 621 693 661 conjugiorum
719 621 937 660 denupsisset.
956 622 1094 653 inditum
1115 625 1302 664 Imperatori
1320 626 1406 657 ilam-

72 675 201 708 meum5
232 668 293 699 visi
322 668 509 708 auspices³,
534 668 593 699 dos
616 670 648 699 ct
660 667 790 708 genialis
804 670 894 699 torus
918 672 949 700 et
975 670 1060 701 faces
1088 672 1265 712 nuptiales;
1289 675 1405 704 cuncta

71 714 211 754 denique
231 717 394 755 spectata,
419 724 492 755 qum
511 715 608 746 etiam
628 715 660 745 in
684 715 802 746 femina
820 725 882 746 nox
905 717 1022 756 operit.

112 765 277 794 XXXVJII.
302 762 452 801 Sequitur
466 761 591 801 clades,
615 762 695 793 sorte
723 771 763 793 an
792 763 866 794 dolo
896 764 1052 804 Principis
1084 764 1243 796 incertum
1272 766 1278 783 ¹
1308 766 1404 805 (nam

72 811 246 848 utrumque
263 810 412 840 auctores
432 808 638 848 prodidere),
657 810 712 840 sed
729 809 897 848 omnibus,
916 820 989 850 quac
1017 811 1091 842 liuic
1108 811 1185 843 Urbi
1210 821 1265 852 per
1282 813 1404 844 violen-

70 856 149 888 tiam
173 856 295 896 ignium
315 856 522 894 acciderunt,
539 857 667 896 gravior
685 859 780 897 atque
797 858 947 888 atrocior.
967 858 1094 888 initium
1117 859 1147 889 in
1163 868 1198 890 ea
1216 863 1305 899 parte
1319 860 1403 893 Circi

70 905 178 934 ortum
191 926 199 941 ,
230 911 303 942 quae
333 903 478 934 Palatino
511 903 672 943 Caelioque
692 903 859 934 montibus
890 904 1039 943 contigua
1057 907 1106 936 est
1125 915 1131 935 :
1147 906 1201 935 ubi
1221 916 1274 946 per
1300 907 1402 940 taber-

69 949 165 989 nas2,
183 949 301 989 quibus
321 949 353 981 id
381 950 629 981 mercimonium
658 952 762 982 inerat
790 959 854 990 qno
881 951 1010 982 ilamma
1035 952 1142 990 alitur,
1161 953 1255 983 simul
1280 956 1405 995 coeptus

69 996 152 1037 ignis
171 998 203 1028 et
219 996 330 1028 statim
349 996 476 1028 validus
494 1006 531 1028 ac
547 999 645 1029 vento
660 998 745 1029 citus
762 997 998 1037 longitudinem
1012 999 1093 1030 Circi
1111 1000 1265 1039 corripuit
1279 1010 1285 1030 :
1301 1010 1404 1042 neque

67 1044 154 1075 enim
183 1044 300 1075 domus
326 1044 540 1076 munimentis
571 1048 671 1084 septae
696 1045 747 1076 vel
766 1045 884 1085 templa
911 1046 1012 1076 muris
1029 1047 1135 1077 cincta
1151 1048 1297 1088 autquid
1315 1048 1403 1080 aliud

68 1099 170 1122 morae
183 1091 403 1130 interjacebat.
422 1091 545 1131 impetu
561 1095 769 1132 pervagatum
791 1093 976 1124 incendium
995 1093 1088 1133 plana
1106 1095 1243 1133 primum
1255 1120 1263 1134 ‚
1286 1095 1403 1128 deinde

69 1137 104 1168 in
121 1138 207 1169 edita
225 1147 395 1177 assurgens
410 1162 419 1177 ‚
437 1141 469 1170 et
486 1148 614 1169 rursum
633 1139 782 1170 interiora
798 1140 980 1180 populando
991 1165 998 1177 ,
1026 1141 1138 1171 anteiit
1160 1142 1299 1173 remedia
1315 1144 1402 1175 velo-

71 1184 169 1216 citate
181 1185 256 1216 mali
271 1186 302 1216 et
320 1185 459 1216 obnoxia
476 1185 487 1203 ³
504 1185 589 1217 Urbe
607 1186 703 1217 arctis
725 1187 896 1217 itineribus
913 1188 1039 1226 hucque
1056 1191 1087 1218 et
1101 1188 1176 1219 illuc
1194 1188 1283 1221 flexis
1305 1192 1404 1230 atque

71 1232 263 1264 enormibus
281 1231 363 1263 vicis
376 1256 384 1271 ,
418 1231 520 1272 qualis
542 1235 636 1263 vetus
659 1237 759 1264 Roma
778 1234 838 1264 suit
855 1233 879 1263 ⁴.
899 1233 947 1264 Ad
977 1234 1035 1264 lioc
1061 1234 1198 1266 lamenta
1215 1238 1403 1275 paventium

70 1278 262 1310 feminarum
275 1303 284 1318 ,
303 1280 381 1310 sessa
403 1279 413 1297 ⁵
443 1288 479 1310 ac
497 1279 586 1311 rudis
608 1281 756 1320 pueritiae
770 1283 864 1319 aetas,
894 1281 1012 1321 quique
1029 1281 1090 1312 sibi
1103 1283 1223 1322 quique
1245 1284 1316 1316 aliis
1330 1293 1403 1317 con-

70 1326 234 1366 sulebant,
258 1327 336 1358 dum
350 1327 483 1358 trabunt
505 1327 662 1359 invalidos
679 1329 735 1359 aut
757 1329 980 1368 opperiuntur,
1000 1337 1072 1367 pars
1094 1331 1201 1368 mora,
1221 1340 1294 1370 pars
1313 1332 1402 1364 sesti-

70 1381 148 1405 nans
169 1376 285 1405 cuncta
304 1373 544 1414 impediebant:
562 1376 595 1405 et
612 1384 714 1415 saepe,
732 1375 807 1406 dum
834 1375 867 1405 in
886 1377 1010 1414 tergum
1030 1379 1225 1415 respectant,
1247 1379 1401 1411 lateribus

69 1421 125 1454 aut
142 1422 248 1452 fronte
263 1421 621 1462 circumveniebantiir3
646 1423 697 1454 vel
713 1423 740 1453 si
761 1423 792 1453 in
811 1422 956 1462 proxima
979 1427 1164 1462 evaserant,
1186 1425 1247 1455 illis
1273 1434 1402 1466 quoque

70 1467 133 1509 igni
149 1469 339 1509 correptis&
357 1468 454 1500 etiam
474 1478 547 1509 quae
566 1469 740 1510 longinqua
757 1470 959 1501 crediderant
982 1470 1012 1500 in
1029 1470 1140 1501 eodem
1165 1480 1239 1502 casu
1266 1474 1400 1513 reperie-

70 1515 198 1548 bantur.
214 1519 375 1557 postremo
390 1540 398 1555 ‚
416 1516 493 1556 quid
513 1516 674 1556 vitarent,
691 1517 768 1556 quid
788 1520 929 1557 peterent
948 1516 1110 1557 ambigui,
1128 1519 1287 1558 complere
1312 1520 1401 1560 vias,

69 1563 167 1595 sterni
185 1573 240 1604 per
257 1572 370 1603 agros;
386 1563 517 1603 quidam
534 1565 662 1595 amissis
671 1564 821 1595 omnibus
839 1564 984 1602 fortunis,
997 1564 1103 1595 diurni
1118 1574 1248 1605 quoque
1263 1567 1401 1607 victus7,

69 1611 124 1643 alii
139 1612 273 1643 caritate
288 1611 440 1649 suorum,
464 1620 546 1651 quos
560 1612 683 1653 eripere
699 1613 929 1652 nequiverant,
955 1612 1104 1651 quamvis
1134 1615 1261 1653 patente
1283 1613 1402 1654 effugio

69 1657 234 1691 interiere.
272 1666 332 1690 nec
362 1659 534 1698 quisquam
559 1659 731 1691 defendere
759 1659 897 1690 audebat
909 1683 918 1698 ‚
948 1658 1068 1691 crebris
1096 1661 1273 1691 multorum
1305 1661 1402 1693 minis

70 1706 268 1746 restinguere
289 1705 550 1746 prohibentium,
568 1708 600 1738 et
617 1706 693 1746 quia
721 1706 774 1737 alii
794 1707 900 1748 palam
921 1706 1004 1737 faces
1027 1706 1187 1746 jaciebant
1209 1710 1306 1748 atque
1333 1717 1404 1740 esse

64 1753 309 1793 ,sibissauctorem
319 1752 592 1793 vociferabantur,
606 1754 675 1785 sive
688 1755 724 1785 ut
739 1756 850 1794 raptus
862 1753 1012 1784 licentius
1022 1757 1221 1793 exercerent,
1236 1764 1288 1786 seu
1305 1756 1401 1795 jussu

112 1803 244 1832 XXXIX.
268 1803 311 1831 Eo
329 1799 362 1830 iu
379 1801 523 1840 tempore
549 1805 632 1832 Nero
650 1801 736 1832 Antii
752 1810 849 1840 agens
867 1809 931 1830 non
954 1802 1028 1831 ante
1049 1800 1081 1831 in
1099 1801 1218 1832 Urbem
1237 1811 1402 1841 regressus

71 1849 137 1887 est,
152 1855 249 1886 quam
262 1846 375 1877 domui
392 1847 480 1886 ejus,
498 1857 560 1887 qua
577 1848 731 1888 palatium
748 1850 780 1879 et
792 1848 973 1878 Maecenatis
990 1848 1102 1879 hortos
1116 1849 1123 1866 ¹
1144 1849 1401 1891 continuaverat,

72 1895 154 1935 ignis
170 1893 410 1934 propinquaret.
426 1902 532 1933 neque
548 1896 658 1925 tamen
674 1894 745 1925 sisti
760 1895 884 1933 potuit,
908 1894 987 1933 quin
1008 1896 1041 1925 et
1065 1895 1219 1934 palatium
1237 1898 1269 1927 et
1285 1896 1403 1929 domus

73 1944 105 1974 et
122 1942 238 1972 cuncta
260 1941 383 1971 circum
403 1940 618 1972 haurirentur.
639 1941 697 1971 Sed
714 1941 864 1972 solatium
882 1941 1003 1980 populo
1019 1941 1194 1972 exturbato
1214 1943 1246 1973 et
1269 1944 1404 1984 profugo

73 1991 230 2027 Campum
243 1987 352 2018 Martis
371 1995 408 2018 ac
424 1989 635 2019 monumenta
651 1987 798 2028 Agrippae
809 1986 834 2027 ²,
851 1987 964 2018 hortos
978 1987 1059 2027 quin
1076 1988 1174 2019 etiam
1189 1997 1264 2021 suos
1284 1991 1403 2030 patesc-

103 2058 248 2081 xxxviii.
268 2063 287 2081 i.
306 2058 402 2086 specta
421 2057 637 2082 moderationem
655 2057 761 2082 Taciti!
781 2058 950 2087 Scriptorum
970 2063 1038 2085 quos
1054 2057 1136 2081 hodie
1156 2058 1268 2088 legimus
1283 2061 1331 2085 Dio
1343 2062 1405 2085 Cas-

75 2095 130 2117 sius
148 2093 225 2116 malae
246 2093 328 2116 menti
341 2093 455 2117 Neronis
473 2093 569 2117 tribuit
588 2093 654 2117 illud
667 2093 831 2120 incendium,
855 2092 954 2116 dudum
970 2094 1059 2116 animo
1078 2093 1213 2118 volventis
1230 2095 1256 2117 et
1271 2096 1404 2122 Priamum

77 2127 188 2152 felicem
203 2128 386 2158 praedicantia
410 2128 453 2152 cui
466 2129 554 2158 Trojae
568 2129 663 2158 patriae
682 2128 836 2152 incendium
852 2128 936 2151 oculis
950 2134 1063 2152 cernere
1086 2129 1243 2157 contigerit;
1260 2131 1405 2159 Suetonius

77 2164 188 2187 veteres
201 2164 274 2187 aedes
286 2164 313 2186 et
326 2164 467 2187 tortuosas
481 2164 585 2194 plateas
601 2164 680 2189 Urbis
705 2164 877 2193 displicuisse
893 2163 996 2187 Neroni
1012 2163 1114 2193 scribit,
1130 2166 1271 2195 ceteroqui
1287 2168 1405 2196 spatium

78 2204 161 2224 aureo
179 2204 228 2222 suo
241 2198 344 2228 palatio
359 2198 531 2224 desideranti.
549 2213 576 2218 —-
598 2205 620 2224 2.
641 2200 765 2229 Inprimis
782 2199 945 2223 oleariorum
963 2199 990 2223 et
1008 2199 1211 2224 thuriariorum.
1231 2212 1261 2218 —·
1274 2207 1296 2225 5.
1310 2203 1352 2227 Sc.
1367 2204 1406 2228 in-

80 2234 190 2257 cendio.
204 2246 232 2251 -
244 2238 267 2258 ⁴.
283 2235 324 2258 De
337 2240 389 2264 qua
407 2237 470 2264 post
483 2236 613 2260 Gallicum
626 2236 781 2260 incendium
796 2234 972 2258 instauranda
983 2235 1073 2258 Livius
1090 2236 1184 2260 scribit
1194 2237 1222 2265 V,
1235 2242 1263 2260 55
1275 2243 1280 2260 ε
1292 2246 1305 2257 κ
1316 2238 1406 2264 Festi-

81 2268 157 2292 natio
171 2274 263 2292 curam
278 2270 379 2294 exemit
395 2270 471 2295 vicos
484 2271 627 2301 dirigendi,
640 2272 701 2295 dum
718 2271 816 2294 omisso
827 2270 867 2294 sui
885 2270 1019 2300 alienique
1037 2271 1192 2295 discrimine
1204 2272 1230 2294 in
1242 2277 1328 2296 vacuo
1345 2274 1406 2298 aedi-

81 2303 174 2328 ficant-
191 2304 225 2327 Ea
241 2306 283 2328 est
296 2307 416 2329 causant
428 2308 536 2330 veteres
547 2307 656 2335 cloacae,
674 2307 760 2336 primo
776 2311 824 2336 per
839 2305 975 2335 publicum
991 2305 1087 2334 ductae,
1101 2312 1174 2331 nunc
1189 2307 1292 2336 privata
1306 2309 1405 2337 passim

79 2339 197 2363 subeant
206 2340 279 2363 tecta
291 2340 433 2370 formaque
447 2342 526 2366 Urbis
537 2342 572 2366 sit
583 2344 726 2372 occupatae
738 2342 822 2371 magis
834 2346 914 2370 quam
933 2340 1024 2365 divisae
1042 2342 1146 2366 similiS.
1157 2352 1207 2363 υ-
1217 2348 1238 2366 ε.
1253 2343 1363 2368 Senum.
1377 2356 1406 2361 —

80 2378 102 2397 s.
117 2373 214 2403 Suppie
228 2380 234 2397 ε
253 2375 280 2398 et.
290 2375 354 2405 ipsis
366 2376 394 2400 in
411 2376 559 2407 longinqua
574 2376 750 2407 fugientibus.
772 2376 940 2407 Lonquua
957 2382 997 2402 sc.
1012 2377 1046 2402 ab
1058 2378 1196 2402 incendio.
1209 2390 1239 2395 ·—-
1249 2383 1271 2402 7.
1287 2379 1331 2404 Sc.
1347 2378 1406 2403 for-

80 2408 147 2432 tuna
159 2411 268 2435 amissa.

111 2445 233 2469 XXXlX.
247 2451 267 2470 i.
280 2447 310 2470 In
323 2447 448 2477 Esquiliis
465 2448 539 2477 sitos,
554 2450 584 2474 ut
600 2451 695 2475 notum
709 2456 742 2476 ex
761 2451 880 2476 Horatio.
894 2463 922 2468 —
935 2456 958 2478 2.
971 2450 1113 2482 Magnifica
1127 2450 1155 2475 in
1172 2451 1271 2481 Campo
1285 2449 1383 2475 Matilo
1395 2458 1404 2478 ς
