<?xml version="1.0" encoding="UTF-8"?>
<!DOCTYPE html PUBLIC "-//W3C//DTD XHTML 1.0 Transitional//EN"
    "http://www.w3.org/TR/xhtml1/DTD/xhtml1-transitional.dtd">
<html xmlns="http://www.w3.org/1999/xhtml" xml:lang="en" lang="en">
 <head>
  <title>
</title>
<meta http-equiv="Content-Type" content="text/html;charset=utf-8" />
  <meta name='ocr-system' content='tesseract 3.04.00' />
  <meta name='ocr-capabilities' content='ocr_page ocr_carea ocr_par ocr_line ocrx_word'/>
</head>
<body>
  <div class='ocr_page' id='page_1' title='image "./operaquaesupersu00taciuoft/operaquaesupersu00taciuoft_0043.png"; bbox 0 0 1539 2668; ppageno 0'>
   <div class='ocr_carea' id='block_1_1' title="bbox 522 146 1412 181">
    <p class='ocr_par' dir='ltr' id='par_1_1' title="bbox 522 146 1412 181">
     <span class='ocr_line' id='line_1_1' title="bbox 522 146 1412 181; baseline -0.009 -5"><span class='ocrx_word' id='word_1_1' title='bbox 522 149 560 181; x_wconf 72' lang='lat' dir='ltr'><strong>A.</strong></span> <span class='ocrx_word' id='word_1_2' title='bbox 583 148 623 176; x_wconf 81' lang='lat' dir='ltr'><strong>U.</strong></span> <span class='ocrx_word' id='word_1_3' title='bbox 648 148 691 175; x_wconf 43' lang='lat' dir='ltr'><strong>cs</strong></span> <span class='ocrx_word' id='word_1_4' title='bbox 707 146 778 176; x_wconf 77' lang='lat'><strong>767.</strong></span> <span class='ocrx_word' id='word_1_5' title='bbox 802 149 839 175; x_wconf 77' lang='lat' dir='ltr'><strong>A.</strong></span> <span class='ocrx_word' id='word_1_6' title='bbox 863 147 898 175; x_wconf 91' lang='lat' dir='ltr'><strong>c.</strong></span> <span class='ocrx_word' id='word_1_7' title='bbox 925 149 973 176; x_wconf 81' lang='lat'><strong>14.</strong></span> <span class='ocrx_word' id='word_1_8' title='bbox 1371 151 1412 180; x_wconf 61' lang='grc' dir='ltr'><strong>,Η</strong></span> 
     </span>
    </p>
   </div>
   <div class='ocr_carea' id='block_1_2' title="bbox 84 221 1429 1918">
    <p class='ocr_par' dir='ltr' id='par_1_2' title="bbox 85 221 1416 304">
     <span class='ocr_line' id='line_1_2' title="bbox 85 221 1416 262; baseline 0 -5"><span class='ocrx_word' id='word_1_9' title='bbox 85 233 192 257; x_wconf 85' lang='lat' dir='ltr'><strong>causae</strong></span> <span class='ocrx_word' id='word_1_10' title='bbox 206 224 284 256; x_wconf 87' lang='lat' dir='ltr'><strong>satis</strong></span> <span class='ocrx_word' id='word_1_11' title='bbox 299 223 483 255; x_wconf 81' lang='lat' dir='ltr'><strong>ostenderet</strong></span> <span class='ocrx_word' id='word_1_12' title='bbox 495 222 684 254; x_wconf 74' lang='lat' dir='ltr'>necessitate</span> <span class='ocrx_word' id='word_1_13' title='bbox 697 230 860 262; x_wconf 78' lang='lat' dir='ltr'><strong>expressa,</strong></span> <span class='ocrx_word' id='word_1_14' title='bbox 874 230 949 262; x_wconf 86' lang='lat' dir='ltr'><strong>quae</strong></span> <span class='ocrx_word' id='word_1_15' title='bbox 967 230 1025 262; x_wconf 89' lang='lat' dir='ltr'><strong>per</strong></span> <span class='ocrx_word' id='word_1_16' title='bbox 1037 221 1228 254; x_wconf 63' lang='lat' dir='ltr'><strong>modestiam</strong></span> <span class='ocrx_word' id='word_1_17' title='bbox 1248 232 1312 255; x_wconf 93' lang='lat' dir='ltr'><strong>non</strong></span> <span class='ocrx_word' id='word_1_18' title='bbox 1328 224 1416 258; x_wconf 80' lang='lat' dir='ltr'><strong>obti-</strong></span> 
     </span>
     <span class='ocr_line' id='line_1_3' title="bbox 85 272 244 304; baseline 0 0"><span class='ocrx_word' id='word_1_19' title='bbox 85 272 244 304; x_wconf 90' lang='lat' dir='ltr'><strong>nuissent.</strong></span> 
     </span>
    </p>

    <p class='ocr_par' dir='ltr' id='par_1_3' title="bbox 84 315 1424 782">
     <span class='ocr_line' id='line_1_4' title="bbox 126 315 1419 357; baseline -0.001 -6"><span class='ocrx_word' id='word_1_20' title='bbox 126 323 190 351; x_wconf 83' lang='lat' dir='ltr'><strong>XX.</strong></span> <span class='ocrx_word' id='word_1_21' title='bbox 208 320 333 350; x_wconf 80' lang='lat' dir='ltr'><strong>Interea</strong></span> <span class='ocrx_word' id='word_1_22' title='bbox 345 317 499 357; x_wconf 76' lang='lat' dir='ltr'><strong>manipuli</strong></span> <span class='ocrx_word' id='word_1_23' title='bbox 513 318 588 348; x_wconf 89' lang='lat' dir='ltr'><strong>ante</strong></span> <span class='ocrx_word' id='word_1_24' title='bbox 607 317 746 357; x_wconf 81' lang='lat' dir='ltr'><strong>coeptam</strong></span> <span class='ocrx_word' id='word_1_25' title='bbox 762 315 955 348; x_wconf 86' lang='lat' dir='ltr'><strong>seditionem</strong></span> <span class='ocrx_word' id='word_1_26' title='bbox 968 317 1172 357; x_wconf 83' lang='lat' dir='ltr'>Nauportum</span> <span class='ocrx_word' id='word_1_27' title='bbox 1196 316 1287 348; x_wconf 88' lang='lat' dir='ltr'><strong>missi</strong></span> <span class='ocrx_word' id='word_1_28' title='bbox 1308 317 1349 349; x_wconf 93' lang='lat' dir='ltr'><strong>ob</strong></span> <span class='ocrx_word' id='word_1_29' title='bbox 1365 318 1419 350; x_wconf 91' lang='lat' dir='ltr'><strong>iti·</strong></span> 
     </span>
     <span class='ocr_line' id='line_1_5' title="bbox 84 363 1416 406; baseline -0.001 -9"><span class='ocrx_word' id='word_1_30' title='bbox 84 374 162 397; x_wconf 89' lang='lat' dir='ltr'><strong>nera</strong></span> <span class='ocrx_word' id='word_1_31' title='bbox 171 368 202 397; x_wconf 89' lang='lat' dir='ltr'><strong>et</strong></span> <span class='ocrx_word' id='word_1_32' title='bbox 212 367 324 406; x_wconf 85' lang='lat' dir='ltr'><strong>pontes</strong></span> <span class='ocrx_word' id='word_1_33' title='bbox 337 364 457 396; x_wconf 87' lang='lat' dir='ltr'><strong>etalios</strong></span> <span class='ocrx_word' id='word_1_34' title='bbox 467 373 558 402; x_wconf 86' lang='lat' dir='ltr'><strong>usus,</strong></span> <span class='ocrx_word' id='word_1_35' title='bbox 571 365 740 404; x_wconf 81' lang='lat' dir='ltr'><strong>postquam</strong></span> <span class='ocrx_word' id='word_1_36' title='bbox 751 363 918 395; x_wconf 88' lang='lat' dir='ltr'><strong>turbatum</strong></span> <span class='ocrx_word' id='word_1_37' title='bbox 929 363 962 394; x_wconf 92' lang='lat' dir='ltr'><strong>in</strong></span> <span class='ocrx_word' id='word_1_38' title='bbox 970 363 1085 395; x_wconf 83' lang='lat' dir='ltr'><strong>castris</strong></span> <span class='ocrx_word' id='word_1_39' title='bbox 1098 371 1262 403; x_wconf 84' lang='lat' dir='ltr'><strong>accepere,</strong></span> <span class='ocrx_word' id='word_1_40' title='bbox 1276 364 1395 397; x_wconf 84' lang='lat' dir='ltr'><strong>vexilla</strong></span> <span class='ocrx_word' id='word_1_41' title='bbox 1407 367 1416 385; x_wconf 90' lang='lat'><strong>¹</strong></span> 
     </span>
     <span class='ocr_line' id='line_1_6' title="bbox 85 410 1418 452; baseline -0.001 -8"><span class='ocrx_word' id='word_1_42' title='bbox 85 412 282 451; x_wconf 86' lang='lat' dir='ltr'><strong>convellunt,</strong></span> <span class='ocrx_word' id='word_1_43' title='bbox 296 411 493 452; x_wconf 82' lang='lat' dir='ltr'><strong>direptisque</strong></span> <span class='ocrx_word' id='word_1_44' title='bbox 510 410 666 451; x_wconf 81' lang='lat' dir='ltr'><strong>proximis</strong></span> <span class='ocrx_word' id='word_1_45' title='bbox 683 410 762 442; x_wconf 84' lang='lat' dir='ltr'><strong>vicis</strong></span> <span class='ocrx_word' id='word_1_46' title='bbox 775 411 912 451; x_wconf 89' lang='lat' dir='ltr'><strong>ipsoque</strong></span> <span class='ocrx_word' id='word_1_47' title='bbox 928 412 1107 451; x_wconf 82' lang='lat' dir='ltr'><strong>Nauporto,</strong></span> <span class='ocrx_word' id='word_1_48' title='bbox 1125 410 1211 451; x_wconf 93' lang='lat' dir='ltr'><strong>quod</strong></span> <span class='ocrx_word' id='word_1_49' title='bbox 1227 412 1395 452; x_wconf 88' lang='lat' dir='ltr'><strong>municipii</strong></span> <span class='ocrx_word' id='word_1_50' title='bbox 1407 411 1418 431; x_wconf 86' lang='lat'>²</span> 
     </span>
     <span class='ocr_line' id='line_1_7' title="bbox 87 457 1420 498; baseline 0 -8"><span class='ocrx_word' id='word_1_51' title='bbox 87 460 186 491; x_wconf 89' lang='lat' dir='ltr'><strong>instar</strong></span> <span class='ocrx_word' id='word_1_52' title='bbox 207 460 294 498; x_wconf 87' lang='lat' dir='ltr'><strong>erat,</strong></span> <span class='ocrx_word' id='word_1_53' title='bbox 309 459 482 490; x_wconf 86' lang='lat' dir='ltr'><strong>retinentes</strong></span> <span class='ocrx_word' id='word_1_54' title='bbox 497 458 703 489; x_wconf 78' lang='lat' dir='ltr'><strong>centuriones</strong></span> <span class='ocrx_word' id='word_1_55' title='bbox 725 457 819 488; x_wconf 87' lang='lat' dir='ltr'><strong>irrisu</strong></span> <span class='ocrx_word' id='word_1_56' title='bbox 841 460 873 488; x_wconf 86' lang='lat' dir='ltr'><strong>et</strong></span> <span class='ocrx_word' id='word_1_57' title='bbox 889 457 1092 489; x_wconf 84' lang='lat' dir='ltr'><strong>contumeliis</strong></span> <span class='ocrx_word' id='word_1_58' title='bbox 1104 482 1114 496; x_wconf 91' lang='lat'><strong>,</strong></span> <span class='ocrx_word' id='word_1_59' title='bbox 1132 459 1297 498; x_wconf 88' lang='lat' dir='ltr'><strong>postremo</strong></span> <span class='ocrx_word' id='word_1_60' title='bbox 1311 458 1420 490; x_wconf 88' lang='lat' dir='ltr'><strong>verbe-</strong></span> 
     </span>
     <span class='ocr_line' id='line_1_8' title="bbox 85 504 1421 545; baseline 0.001 -8"><span class='ocrx_word' id='word_1_61' title='bbox 85 506 175 538; x_wconf 83' lang='lat' dir='ltr'><strong>ribus</strong></span> <span class='ocrx_word' id='word_1_62' title='bbox 189 507 399 538; x_wconf 87' lang='lat' dir='ltr'><strong>insectantur.</strong></span> <span class='ocrx_word' id='word_1_63' title='bbox 425 505 590 545; x_wconf 78' lang='lat' dir='ltr'><strong>Praecipua</strong></span> <span class='ocrx_word' id='word_1_64' title='bbox 604 505 636 536; x_wconf 94' lang='lat' dir='ltr'><strong>in</strong></span> <span class='ocrx_word' id='word_1_65' title='bbox 658 504 867 536; x_wconf 79' lang='lat' dir='ltr'><strong>Aufidienum</strong></span> <span class='ocrx_word' id='word_1_66' title='bbox 889 505 1008 536; x_wconf 77' lang='lat' dir='ltr'><strong>Rufum</strong></span> <span class='ocrx_word' id='word_1_67' title='bbox 1027 506 1216 545; x_wconf 75' lang='lat' dir='ltr'><strong>praesectum</strong></span> <span class='ocrx_word' id='word_1_68' title='bbox 1239 506 1421 538; x_wconf 85' lang='lat' dir='ltr'><strong>castrorum</strong></span> 
     </span>
     <span class='ocr_line' id='line_1_9' title="bbox 84 551 1422 593; baseline 0.001 -10"><span class='ocrx_word' id='word_1_69' title='bbox 84 552 147 591; x_wconf 89' lang='lat' dir='ltr'><strong>ira,</strong></span> <span class='ocrx_word' id='word_1_70' title='bbox 163 562 260 593; x_wconf 88' lang='lat' dir='ltr'><strong>quem</strong></span> <span class='ocrx_word' id='word_1_71' title='bbox 272 553 441 593; x_wconf 86' lang='lat' dir='ltr'><strong>dereptum</strong></span> <span class='ocrx_word' id='word_1_72' title='bbox 455 552 603 584; x_wconf 88' lang='lat' dir='ltr'><strong>vehiculo</strong></span> <span class='ocrx_word' id='word_1_73' title='bbox 617 552 753 584; x_wconf 83' lang='lat' dir='ltr'><strong>sarcinis</strong></span> <span class='ocrx_word' id='word_1_74' title='bbox 767 554 914 591; x_wconf 82' lang='lat' dir='ltr'><strong>gravant,</strong></span> <span class='ocrx_word' id='word_1_75' title='bbox 934 554 1097 592; x_wconf 77' lang='lat' dir='ltr'><strong>aguntque</strong></span> <span class='ocrx_word' id='word_1_76' title='bbox 1113 552 1216 592; x_wconf 87' lang='lat' dir='ltr'><strong>primo</strong></span> <span class='ocrx_word' id='word_1_77' title='bbox 1232 551 1264 583; x_wconf 92' lang='lat' dir='ltr'><strong>in</strong></span> <span class='ocrx_word' id='word_1_78' title='bbox 1281 553 1422 592; x_wconf 84' lang='lat' dir='ltr'><strong>agmine,</strong></span> 
     </span>
     <span class='ocr_line' id='line_1_10' title="bbox 84 600 1424 641; baseline 0.001 -11"><span class='ocrx_word' id='word_1_79' title='bbox 84 600 328 640; x_wconf 88' lang='lat' dir='ltr'><strong>perludibrium</strong></span> <span class='ocrx_word' id='word_1_80' title='bbox 347 601 542 641; x_wconf 81' lang='lat' dir='ltr'><strong>rogitantes,</strong></span> <span class='ocrx_word' id='word_1_81' title='bbox 556 609 603 631; x_wconf 87' lang='lat' dir='ltr'><strong>an</strong></span> <span class='ocrx_word' id='word_1_82' title='bbox 625 602 700 631; x_wconf 77' lang='lat' dir='ltr'><strong>tam</strong></span> <span class='ocrx_word' id='word_1_83' title='bbox 725 601 893 631; x_wconf 78' lang='lat' dir='ltr'><strong>immensa</strong></span> <span class='ocrx_word' id='word_1_84' title='bbox 915 608 1043 635; x_wconf 80' lang='lat' dir='ltr'><strong>onera,</strong></span> <span class='ocrx_word' id='word_1_85' title='bbox 1071 601 1145 631; x_wconf 76' lang='lat' dir='ltr'><strong>tam</strong></span> <span class='ocrx_word' id='word_1_86' title='bbox 1167 600 1270 640; x_wconf 75' lang='lat' dir='ltr'><strong>lonqa</strong></span> <span class='ocrx_word' id='word_1_87' title='bbox 1293 601 1424 632; x_wconf 75' lang='lat' dir='ltr'><strong>itinera</strong></span> 
     </span>
     <span class='ocr_line' id='line_1_11' title="bbox 85 645 1423 688; baseline 0.001 -12"><span class='ocrx_word' id='word_1_88' title='bbox 85 646 234 680; x_wconf 74' lang='lat' dir='ltr'><strong>libenter</strong></span> <span class='ocrx_word' id='word_1_89' title='bbox 259 648 406 688; x_wconf 63' lang='lat' dir='ltr'><strong>ferret?</strong></span> <span class='ocrx_word' id='word_1_90' title='bbox 424 648 543 688; x_wconf 88' lang='lat' dir='ltr'><strong>quippe</strong></span> <span class='ocrx_word' id='word_1_91' title='bbox 571 647 675 678; x_wconf 82' lang='lat' dir='ltr'><strong>Rufus</strong></span> <span class='ocrx_word' id='word_1_92' title='bbox 701 646 758 678; x_wconf 87' lang='lat' dir='ltr'><strong>diu</strong></span> <span class='ocrx_word' id='word_1_93' title='bbox 792 646 1020 686; x_wconf 88' lang='lat' dir='ltr'><strong>manipularis,</strong></span> <span class='ocrx_word' id='word_1_94' title='bbox 1047 645 1123 677; x_wconf 90' lang='lat' dir='ltr'><strong>dein</strong></span> <span class='ocrx_word' id='word_1_95' title='bbox 1149 646 1298 678; x_wconf 86' lang='lat' dir='ltr'><strong>centurio</strong></span> <span class='ocrx_word' id='word_1_96' title='bbox 1311 671 1320 687; x_wconf 90' lang='lat'>‚</span> <span class='ocrx_word' id='word_1_97' title='bbox 1346 656 1423 678; x_wconf 88' lang='lat' dir='ltr'><strong>mox</strong></span> 
     </span>
     <span class='ocr_line' id='line_1_12' title="bbox 84 693 1424 736; baseline 0.002 -12"><span class='ocrx_word' id='word_1_98' title='bbox 84 695 198 726; x_wconf 82' lang='lat' dir='ltr'><strong>eastris</strong></span> <span class='ocrx_word' id='word_1_99' title='bbox 213 696 398 736; x_wconf 79' lang='lat' dir='ltr'><strong>praefectus,</strong></span> <span class='ocrx_word' id='word_1_100' title='bbox 413 695 581 734; x_wconf 84' lang='lat' dir='ltr'><strong>antiquam</strong></span> <span class='ocrx_word' id='word_1_101' title='bbox 593 694 775 735; x_wconf 88' lang='lat' dir='ltr'><strong>duramque</strong></span> <span class='ocrx_word' id='word_1_102' title='bbox 790 694 940 725; x_wconf 84' lang='lat' dir='ltr'><strong>militiam</strong></span> <span class='ocrx_word' id='word_1_103' title='bbox 957 693 1143 733; x_wconf 86' lang='lat' dir='ltr'><strong>revocabat,</strong></span> <span class='ocrx_word' id='word_1_104' title='bbox 1156 695 1251 725; x_wconf 85' lang='lat' dir='ltr'><strong>vetus</strong></span> <span class='ocrx_word' id='word_1_105' title='bbox 1266 694 1374 735; x_wconf 89' lang='lat' dir='ltr'><strong>operis</strong></span> <span class='ocrx_word' id='word_1_106' title='bbox 1386 703 1424 727; x_wconf 83' lang='lat' dir='ltr'><strong>ac</strong></span> 
     </span>
     <span class='ocr_line' id='line_1_13' title="bbox 85 742 847 782; baseline 0 -9"><span class='ocrx_word' id='word_1_107' title='bbox 85 742 206 775; x_wconf 89' lang='lat' dir='ltr'><strong>laboris</strong></span> <span class='ocrx_word' id='word_1_108' title='bbox 216 742 243 782; x_wconf 83' lang='lat'><strong>³,</strong></span> <span class='ocrx_word' id='word_1_109' title='bbox 259 745 292 775; x_wconf 87' lang='lat' dir='ltr'><strong>et</strong></span> <span class='ocrx_word' id='word_1_110' title='bbox 308 752 346 774; x_wconf 90' lang='lat' dir='ltr'><strong>eo</strong></span> <span class='ocrx_word' id='word_1_111' title='bbox 362 743 530 781; x_wconf 87' lang='lat' dir='ltr'><strong>immitior,</strong></span> <span class='ocrx_word' id='word_1_112' title='bbox 549 742 626 782; x_wconf 87' lang='lat' dir='ltr'><strong>quia</strong></span> <span class='ocrx_word' id='word_1_113' title='bbox 640 743 847 773; x_wconf 83' lang='lat' dir='ltr'><strong>toleraverat.</strong></span> 
     </span>
    </p>

    <p class='ocr_par' dir='ltr' id='par_1_4' title="bbox 85 788 1427 1301">
     <span class='ocr_line' id='line_1_14' title="bbox 126 788 1424 829; baseline -0.001 -7"><span class='ocrx_word' id='word_1_114' title='bbox 126 794 206 822; x_wconf 85' lang='lat' dir='ltr'><strong>XXI.</strong></span> <span class='ocrx_word' id='word_1_115' title='bbox 222 794 343 822; x_wconf 86' lang='lat' dir='ltr'><strong>Eorum</strong></span> <span class='ocrx_word' id='word_1_116' title='bbox 362 790 503 821; x_wconf 83' lang='lat' dir='ltr'><strong>adventu</strong></span> <span class='ocrx_word' id='word_1_117' title='bbox 516 789 756 829; x_wconf 87' lang='lat' dir='ltr'><strong>redintegratur</strong></span> <span class='ocrx_word' id='word_1_118' title='bbox 773 788 903 828; x_wconf 89' lang='lat' dir='ltr'><strong>seditio,</strong></span> <span class='ocrx_word' id='word_1_119' title='bbox 925 790 958 820; x_wconf 90' lang='lat' dir='ltr'><strong>et</strong></span> <span class='ocrx_word' id='word_1_120' title='bbox 971 788 1045 827; x_wconf 82' lang='lat' dir='ltr'><strong>vagi</strong></span> <span class='ocrx_word' id='word_1_121' title='bbox 1065 788 1275 828; x_wconf 84' lang='lat' dir='ltr'><strong>circumjecta</strong></span> <span class='ocrx_word' id='word_1_122' title='bbox 1291 790 1424 829; x_wconf 82' lang='lat' dir='ltr'><strong>popula-</strong></span> 
     </span>
     <span class='ocr_line' id='line_1_15' title="bbox 86 835 1426 878; baseline 0 -11"><span class='ocrx_word' id='word_1_123' title='bbox 86 836 215 869; x_wconf 87' lang='lat' dir='ltr'><strong>bantur.</strong></span> <span class='ocrx_word' id='word_1_124' title='bbox 233 838 353 869; x_wconf 77' lang='lat' dir='ltr'><strong>Blaesus</strong></span> <span class='ocrx_word' id='word_1_125' title='bbox 367 846 507 878; x_wconf 81' lang='lat' dir='ltr'><strong>paucos,</strong></span> <span class='ocrx_word' id='word_1_126' title='bbox 532 836 675 868; x_wconf 81' lang='lat' dir='ltr'><strong>maxime</strong></span> <span class='ocrx_word' id='word_1_127' title='bbox 696 836 808 877; x_wconf 67' lang='lat' dir='ltr'><strong>praeda</strong></span> <span class='ocrx_word' id='word_1_128' title='bbox 831 839 968 867; x_wconf 82' lang='lat' dir='ltr'><strong>onustos</strong></span> <span class='ocrx_word' id='word_1_129' title='bbox 981 858 989 873; x_wconf 92' lang='lat'>‚</span> <span class='ocrx_word' id='word_1_130' title='bbox 1006 835 1044 866; x_wconf 85' lang='lat' dir='ltr'><strong>ad</strong></span> <span class='ocrx_word' id='word_1_131' title='bbox 1063 838 1222 866; x_wconf 86' lang='lat' dir='ltr'><strong>terrorem</strong></span> <span class='ocrx_word' id='word_1_132' title='bbox 1243 838 1426 867; x_wconf 83' lang='lat' dir='ltr'><strong>ceterorum</strong></span> 
     </span>
     <span class='ocr_line' id='line_1_16' title="bbox 85 882 1427 925; baseline -0.001 -9"><span class='ocrx_word' id='word_1_133' title='bbox 85 883 173 916; x_wconf 81' lang='lat' dir='ltr'><strong>affici</strong></span> <span class='ocrx_word' id='word_1_134' title='bbox 189 885 398 925; x_wconf 88' lang='lat' dir='ltr'><strong>verberibus,</strong></span> <span class='ocrx_word' id='word_1_135' title='bbox 415 884 521 916; x_wconf 87' lang='lat' dir='ltr'><strong>claudi</strong></span> <span class='ocrx_word' id='word_1_136' title='bbox 536 892 664 916; x_wconf 74' lang='lat' dir='ltr'><strong>carcere</strong></span> <span class='ocrx_word' id='word_1_137' title='bbox 676 884 771 923; x_wconf 76' lang='lat' dir='ltr'><strong>Jubet</strong></span> <span class='ocrx_word' id='word_1_138' title='bbox 790 894 798 914; x_wconf 90' lang='grc'>;</span> <span class='ocrx_word' id='word_1_139' title='bbox 814 892 889 914; x_wconf 83' lang='lat' dir='ltr'><strong>nani</strong></span> <span class='ocrx_word' id='word_1_140' title='bbox 906 883 1003 913; x_wconf 83' lang='lat' dir='ltr'><strong>etiam</strong></span> <span class='ocrx_word' id='word_1_141' title='bbox 1018 884 1088 913; x_wconf 87' lang='lat' dir='ltr'><strong>tum</strong></span> <span class='ocrx_word' id='word_1_142' title='bbox 1113 882 1218 921; x_wconf 81' lang='lat' dir='ltr'><strong>legato</strong></span> <span class='ocrx_word' id='word_1_143' title='bbox 1235 891 1253 913; x_wconf 93' lang='lat' dir='ltr'><strong>a</strong></span> <span class='ocrx_word' id='word_1_144' title='bbox 1266 883 1427 916; x_wconf 88' lang='lat' dir='ltr'><strong>centurio-</strong></span> 
     </span>
     <span class='ocr_line' id='line_1_17' title="bbox 85 929 1423 972; baseline 0 -10"><span class='ocrx_word' id='word_1_145' title='bbox 85 931 182 963; x_wconf 88' lang='lat' dir='ltr'><strong>nibus</strong></span> <span class='ocrx_word' id='word_1_146' title='bbox 195 934 228 964; x_wconf 90' lang='lat' dir='ltr'><strong>et</strong></span> <span class='ocrx_word' id='word_1_147' title='bbox 245 932 368 972; x_wconf 85' lang='lat' dir='ltr'><strong>optimo</strong></span> <span class='ocrx_word' id='word_1_148' title='bbox 383 940 513 972; x_wconf 84' lang='lat' dir='ltr'><strong>quoque</strong></span> <span class='ocrx_word' id='word_1_149' title='bbox 527 931 783 972; x_wconf 85' lang='lat' dir='ltr'><strong>manipularium</strong></span> <span class='ocrx_word' id='word_1_150' title='bbox 797 930 982 971; x_wconf 83' lang='lat' dir='ltr'><strong>parebatur.</strong></span> <span class='ocrx_word' id='word_1_151' title='bbox 999 929 1045 960; x_wconf 92' lang='lat' dir='ltr'><strong>illi</strong></span> <span class='ocrx_word' id='word_1_152' title='bbox 1060 929 1162 960; x_wconf 84' lang='lat' dir='ltr'><strong>obniti</strong></span> <span class='ocrx_word' id='word_1_153' title='bbox 1178 929 1385 962; x_wconf 85' lang='lat' dir='ltr'><strong>trahentibus</strong></span> <span class='ocrx_word' id='word_1_154' title='bbox 1398 930 1423 970; x_wconf 94' lang='lat'><strong>¹,</strong></span> 
     </span>
     <span class='ocr_line' id='line_1_18' title="bbox 86 976 1426 1020; baseline -0.001 -9"><span class='ocrx_word' id='word_1_155' title='bbox 86 987 238 1020; x_wconf 88' lang='lat' dir='ltr'><strong>prensare</strong></span> <span class='ocrx_word' id='word_1_156' title='bbox 260 980 544 1011; x_wconf 83' lang='lat' dir='ltr'><strong>circumstantium</strong></span> <span class='ocrx_word' id='word_1_157' title='bbox 559 988 678 1019; x_wconf 84' lang='lat' dir='ltr'><strong>genua,</strong></span> <span class='ocrx_word' id='word_1_158' title='bbox 704 979 791 1010; x_wconf 91' lang='lat' dir='ltr'><strong>ciere</strong></span> <span class='ocrx_word' id='word_1_159' title='bbox 812 978 910 1009; x_wconf 81' lang='lat' dir='ltr'><strong>niodo</strong></span> <span class='ocrx_word' id='word_1_160' title='bbox 936 976 1069 1008; x_wconf 78' lang='lat' dir='ltr'><strong>nomina</strong></span> <span class='ocrx_word' id='word_1_161' title='bbox 1086 976 1303 1017; x_wconf 84' lang='lat' dir='ltr'><strong>singulorum,</strong></span> <span class='ocrx_word' id='word_1_162' title='bbox 1329 976 1426 1009; x_wconf 91' lang='lat' dir='ltr'><strong>modo</strong></span> 
     </span>
     <span class='ocr_line' id='line_1_19' title="bbox 87 1024 1427 1068; baseline 0 -10"><span class='ocrx_word' id='word_1_163' title='bbox 87 1027 269 1060; x_wconf 85' lang='lat' dir='ltr'><strong>centuriam</strong></span> <span class='ocrx_word' id='word_1_164' title='bbox 284 1028 434 1068; x_wconf 86' lang='lat' dir='ltr'><strong>quisque,</strong></span> <span class='ocrx_word' id='word_1_165' title='bbox 451 1027 546 1067; x_wconf 83' lang='lat' dir='ltr'><strong>cujus</strong></span> <span class='ocrx_word' id='word_1_166' title='bbox 564 1027 779 1067; x_wconf 86' lang='lat' dir='ltr'><strong>manipularis</strong></span> <span class='ocrx_word' id='word_1_167' title='bbox 793 1030 874 1065; x_wconf 83' lang='lat' dir='ltr'><strong>erat,</strong></span> <span class='ocrx_word' id='word_1_168' title='bbox 890 1026 1058 1057; x_wconf 82' lang='lat' dir='ltr'><strong>cohortem</strong></span> <span class='ocrx_word' id='word_1_169' title='bbox 1072 1048 1081 1063; x_wconf 93' lang='lat'><strong>,</strong></span> <span class='ocrx_word' id='word_1_170' title='bbox 1100 1024 1258 1064; x_wconf 85' lang='lat' dir='ltr'><strong>legionem</strong></span> <span class='ocrx_word' id='word_1_171' title='bbox 1272 1049 1281 1064; x_wconf 89' lang='lat'>‚</span> <span class='ocrx_word' id='word_1_172' title='bbox 1304 1025 1427 1058; x_wconf 81' lang='lat' dir='ltr'><strong>eadem</strong></span> 
     </span>
     <span class='ocr_line' id='line_1_20' title="bbox 87 1071 1425 1113; baseline -0.001 -7"><span class='ocrx_word' id='word_1_173' title='bbox 87 1075 244 1107; x_wconf 76' lang='lat' dir='ltr'><strong>omnibus</strong></span> <span class='ocrx_word' id='word_1_174' title='bbox 272 1077 453 1106; x_wconf 73' lang='lat' dir='ltr'><strong>imminere</strong></span> <span class='ocrx_word' id='word_1_175' title='bbox 477 1075 702 1112; x_wconf 80' lang='lat' dir='ltr'><strong>clamitantes;</strong></span> <span class='ocrx_word' id='word_1_176' title='bbox 730 1074 826 1105; x_wconf 90' lang='lat' dir='ltr'><strong>simul</strong></span> <span class='ocrx_word' id='word_1_177' title='bbox 853 1073 971 1113; x_wconf 85' lang='lat' dir='ltr'><strong>probra</strong></span> <span class='ocrx_word' id='word_1_178' title='bbox 1000 1072 1034 1103; x_wconf 90' lang='lat' dir='ltr'><strong>iu</strong></span> <span class='ocrx_word' id='word_1_179' title='bbox 1063 1071 1204 1110; x_wconf 80' lang='lat' dir='ltr'><strong>legatum</strong></span> <span class='ocrx_word' id='word_1_180' title='bbox 1234 1073 1425 1112; x_wconf 82' lang='lat' dir='ltr'><strong>cumulant,</strong></span> 
     </span>
     <span class='ocr_line' id='line_1_21' title="bbox 86 1118 1425 1161; baseline -0.002 -7"><span class='ocrx_word' id='word_1_181' title='bbox 86 1122 203 1154; x_wconf 85' lang='lat' dir='ltr'><strong>coelurn</strong></span> <span class='ocrx_word' id='word_1_182' title='bbox 226 1130 263 1153; x_wconf 87' lang='lat' dir='ltr'><strong>ae</strong></span> <span class='ocrx_word' id='word_1_183' title='bbox 282 1122 358 1153; x_wconf 88' lang='lat' dir='ltr'><strong>deos</strong></span> <span class='ocrx_word' id='word_1_184' title='bbox 379 1122 588 1153; x_wconf 82' lang='lat' dir='ltr'><strong>obtestantur</strong></span> <span class='ocrx_word' id='word_1_185' title='bbox 603 1146 612 1161; x_wconf 94' lang='lat'>‚</span> <span class='ocrx_word' id='word_1_186' title='bbox 637 1122 715 1153; x_wconf 80' lang='lat' dir='ltr'><strong>nihil</strong></span> <span class='ocrx_word' id='word_1_187' title='bbox 733 1121 849 1161; x_wconf 80' lang='lat' dir='ltr'><strong>reliqui</strong></span> <span class='ocrx_word' id='word_1_188' title='bbox 873 1120 997 1151; x_wconf 82' lang='lat' dir='ltr'><strong>faciunt</strong></span> <span class='ocrx_word' id='word_1_189' title='bbox 1021 1119 1196 1159; x_wconf 89' lang='lat' dir='ltr'><strong>quominus</strong></span> <span class='ocrx_word' id='word_1_190' title='bbox 1211 1118 1222 1137; x_wconf 85' lang='lat'>²</span> <span class='ocrx_word' id='word_1_191' title='bbox 1247 1120 1402 1151; x_wconf 88' lang='lat' dir='ltr'><strong>invidiam</strong></span> <span class='ocrx_word' id='word_1_192' title='bbox 1415 1144 1425 1160; x_wconf 91' lang='lat'><strong>,</strong></span> 
     </span>
     <span class='ocr_line' id='line_1_22' title="bbox 87 1166 1427 1208; baseline -0.001 -8"><span class='ocrx_word' id='word_1_193' title='bbox 87 1168 342 1201; x_wconf 86' lang='lat' dir='ltr'><strong>misericordiam</strong></span> <span class='ocrx_word' id='word_1_194' title='bbox 357 1193 365 1207; x_wconf 92' lang='lat'><strong>‚</strong></span> <span class='ocrx_word' id='word_1_195' title='bbox 382 1170 505 1199; x_wconf 87' lang='lat' dir='ltr'><strong>metum</strong></span> <span class='ocrx_word' id='word_1_196' title='bbox 519 1171 552 1199; x_wconf 88' lang='lat' dir='ltr'><strong>et</strong></span> <span class='ocrx_word' id='word_1_197' title='bbox 565 1169 630 1199; x_wconf 87' lang='lat' dir='ltr'><strong>iras</strong></span> <span class='ocrx_word' id='word_1_198' title='bbox 653 1169 882 1208; x_wconf 82' lang='lat' dir='ltr'><strong>permoverent</strong></span> <span class='ocrx_word' id='word_1_199' title='bbox 895 1167 919 1197; x_wconf 83' lang='lat'><strong>³.</strong></span> <span class='ocrx_word' id='word_1_200' title='bbox 938 1166 1119 1197; x_wconf 86' lang='lat' dir='ltr'><strong>accurritur</strong></span> <span class='ocrx_word' id='word_1_201' title='bbox 1137 1166 1178 1197; x_wconf 89' lang='lat' dir='ltr'><strong>ab</strong></span> <span class='ocrx_word' id='word_1_202' title='bbox 1196 1167 1358 1199; x_wconf 89' lang='lat' dir='ltr'><strong>universis</strong></span> <span class='ocrx_word' id='word_1_203' title='bbox 1370 1192 1378 1207; x_wconf 88' lang='lat'>‚</span> <span class='ocrx_word' id='word_1_204' title='bbox 1393 1169 1427 1200; x_wconf 83' lang='lat' dir='ltr'><strong>et</strong></span> 
     </span>
     <span class='ocr_line' id='line_1_23' title="bbox 86 1213 1423 1254; baseline -0.001 -6"><span class='ocrx_word' id='word_1_205' title='bbox 86 1225 214 1248; x_wconf 87' lang='lat' dir='ltr'><strong>carcere</strong></span> <span class='ocrx_word' id='word_1_206' title='bbox 238 1216 371 1247; x_wconf 79' lang='lat' dir='ltr'><strong>effracto</strong></span> <span class='ocrx_word' id='word_1_207' title='bbox 400 1216 533 1246; x_wconf 83' lang='lat' dir='ltr'><strong>solvunt</strong></span> <span class='ocrx_word' id='word_1_208' title='bbox 560 1215 712 1253; x_wconf 86' lang='lat' dir='ltr'><strong>vincula,</strong></span> <span class='ocrx_word' id='word_1_209' title='bbox 745 1213 994 1253; x_wconf 87' lang='lat' dir='ltr'><strong>desertoresque</strong></span> <span class='ocrx_word' id='word_1_210' title='bbox 1024 1222 1062 1244; x_wconf 86' lang='lat' dir='ltr'><strong>ac</strong></span> <span class='ocrx_word' id='word_1_211' title='bbox 1089 1221 1199 1244; x_wconf 84' lang='lat' dir='ltr'><strong>rerum</strong></span> <span class='ocrx_word' id='word_1_212' title='bbox 1232 1214 1423 1254; x_wconf 85' lang='lat' dir='ltr'><strong>capitalium</strong></span> 
     </span>
     <span class='ocr_line' id='line_1_24' title="bbox 88 1262 579 1301; baseline -0.004 -6"><span class='ocrx_word' id='word_1_213' title='bbox 88 1263 261 1296; x_wconf 87' lang='lat' dir='ltr'><strong>damnatos</strong></span> <span class='ocrx_word' id='word_1_214' title='bbox 276 1262 337 1293; x_wconf 90' lang='lat' dir='ltr'><strong>sibi</strong></span> <span class='ocrx_word' id='word_1_215' title='bbox 349 1262 416 1301; x_wconf 79' lang='lat' dir='ltr'><strong>J&#39;am</strong></span> <span class='ocrx_word' id='word_1_216' title='bbox 432 1262 579 1293; x_wconf 86' lang='lat' dir='ltr'><strong>miscent.</strong></span> 
     </span>
    </p>

    <p class='ocr_par' dir='ltr' id='par_1_5' title="bbox 87 1306 1429 1823">
     <span class='ocr_line' id='line_1_25' title="bbox 128 1306 1426 1348; baseline -0.002 -6"><span class='ocrx_word' id='word_1_217' title='bbox 128 1313 224 1342; x_wconf 78' lang='lat' dir='ltr'><strong>XXII.</strong></span> <span class='ocrx_word' id='word_1_218' title='bbox 243 1310 443 1348; x_wconf 76' lang='lat' dir='ltr'><strong>Flagrantior</strong></span> <span class='ocrx_word' id='word_1_219' title='bbox 457 1309 532 1340; x_wconf 85' lang='lat' dir='ltr'><strong>inde</strong></span> <span class='ocrx_word' id='word_1_220' title='bbox 546 1309 607 1347; x_wconf 81' lang='lat' dir='ltr'><strong>vis,</strong></span> <span class='ocrx_word' id='word_1_221' title='bbox 622 1308 734 1348; x_wconf 88' lang='lat' dir='ltr'><strong>plures</strong></span> <span class='ocrx_word' id='word_1_222' title='bbox 745 1306 896 1339; x_wconf 82' lang='lat' dir='ltr'><strong>seditioni</strong></span> <span class='ocrx_word' id='word_1_223' title='bbox 911 1306 1021 1337; x_wconf 76' lang='lat' dir='ltr'><strong>duces.</strong></span> <span class='ocrx_word' id='word_1_224' title='bbox 1037 1307 1071 1337; x_wconf 88' lang='lat' dir='ltr'><strong>et</strong></span> <span class='ocrx_word' id='word_1_225' title='bbox 1086 1306 1263 1338; x_wconf 88' lang='lat' dir='ltr'><strong>Vibulenus</strong></span> <span class='ocrx_word' id='word_1_226' title='bbox 1277 1308 1426 1347; x_wconf 81' lang='lat' dir='ltr'><strong>quidam.</strong></span> 
     </span>
     <span class='ocr_line' id='line_1_26' title="bbox 87 1353 1427 1399; baseline -0.001 -11"><span class='ocrx_word' id='word_1_227' title='bbox 87 1357 251 1399; x_wconf 83' lang='lat' dir='ltr'><strong>gregarius</strong></span> <span class='ocrx_word' id='word_1_228' title='bbox 269 1357 360 1387; x_wconf 79' lang='lat' dir='ltr'><strong>miles</strong></span> <span class='ocrx_word' id='word_1_229' title='bbox 374 1381 382 1395; x_wconf 93' lang='lat'><strong>,</strong></span> <span class='ocrx_word' id='word_1_230' title='bbox 401 1358 476 1387; x_wconf 81' lang='lat' dir='ltr'><strong>ante</strong></span> <span class='ocrx_word' id='word_1_231' title='bbox 503 1355 645 1386; x_wconf 85' lang='lat' dir='ltr'><strong>tribunal</strong></span> <span class='ocrx_word' id='word_1_232' title='bbox 670 1354 762 1386; x_wconf 65' lang='lat' dir='ltr'><strong>Blaesi</strong></span> <span class='ocrx_word' id='word_1_233' title='bbox 784 1354 943 1385; x_wconf 70' lang='lat' dir='ltr'><strong>allevatus</strong></span> <span class='ocrx_word' id='word_1_234' title='bbox 960 1353 1243 1384; x_wconf 81' lang='lat' dir='ltr'><strong>circumstantium</strong></span> <span class='ocrx_word' id='word_1_235' title='bbox 1264 1354 1427 1396; x_wconf 87' lang='lat' dir='ltr'><strong>humeris,</strong></span> 
     </span>
     <span class='ocr_line' id='line_1_27' title="bbox 91 1399 1427 1445; baseline -0.001 -9"><span class='ocrx_word' id='word_1_236' title='bbox 91 1405 175 1445; x_wconf 87' lang='lat' dir='ltr'><strong>apud</strong></span> <span class='ocrx_word' id='word_1_237' title='bbox 186 1404 348 1444; x_wconf 83' lang='lat' dir='ltr'><strong>turbatos,</strong></span> <span class='ocrx_word' id='word_1_238' title='bbox 366 1406 409 1441; x_wconf 89' lang='lat' dir='ltr'><strong>et,</strong></span> <span class='ocrx_word' id='word_1_239' title='bbox 424 1403 502 1443; x_wconf 89' lang='lat' dir='ltr'><strong>quid</strong></span> <span class='ocrx_word' id='word_1_240' title='bbox 517 1405 663 1443; x_wconf 87' lang='lat' dir='ltr'><strong>pararet,</strong></span> <span class='ocrx_word' id='word_1_241' title='bbox 680 1403 843 1440; x_wconf 86' lang='lat' dir='ltr'><strong>intentos,</strong></span> <span class='ocrx_word' id='word_1_242' title='bbox 869 1403 928 1433; x_wconf 82' lang='lat' dir='ltr'><strong>Vos</strong></span> <span class='ocrx_word' id='word_1_243' title='bbox 946 1399 1104 1441; x_wconf 72' lang='lat' dir='ltr'><strong>quidem,</strong></span> <span class='ocrx_word' id='word_1_244' title='bbox 1123 1400 1227 1439; x_wconf 88' lang='lat' dir='ltr'><strong>inquit</strong></span> <span class='ocrx_word' id='word_1_245' title='bbox 1242 1424 1251 1439; x_wconf 93' lang='lat'><strong>,</strong></span> <span class='ocrx_word' id='word_1_246' title='bbox 1266 1401 1320 1433; x_wconf 71' lang='lat' dir='ltr'><strong>his</strong></span> <span class='ocrx_word' id='word_1_247' title='bbox 1334 1406 1427 1434; x_wconf 81' lang='lat' dir='ltr'><strong>mno-</strong></span> 
     </span>
     <span class='ocr_line' id='line_1_28' title="bbox 88 1447 1427 1489; baseline -0.003 -4"><span class='ocrx_word' id='word_1_248' title='bbox 88 1452 243 1485; x_wconf 79' lang='lat' dir='ltr'><strong>centz&#39;bus</strong></span> <span class='ocrx_word' id='word_1_249' title='bbox 263 1454 297 1483; x_wconf 82' lang='lat' dir='ltr'><strong>ee</strong></span> <span class='ocrx_word' id='word_1_250' title='bbox 313 1453 519 1482; x_wconf 74' lang='lat' dir='ltr'><strong>miserrimis</strong></span> <span class='ocrx_word' id='word_1_251' title='bbox 537 1451 649 1482; x_wconf 79' lang='lat' dir='ltr'><strong>lucem</strong></span> <span class='ocrx_word' id='word_1_252' title='bbox 671 1451 704 1481; x_wconf 77' lang='lat' dir='ltr'><strong>et</strong></span> <span class='ocrx_word' id='word_1_253' title='bbox 718 1450 884 1489; x_wconf 76' lang='lat' dir='ltr'><strong>spiritum</strong></span> <span class='ocrx_word' id='word_1_254' title='bbox 906 1447 1106 1479; x_wconf 76' lang='lat' dir='ltr'><strong>reddidistis</strong></span> <span class='ocrx_word' id='word_1_255' title='bbox 1122 1458 1132 1479; x_wconf 93' lang='grc'><strong>.·</strong></span> <span class='ocrx_word' id='word_1_256' title='bbox 1148 1448 1208 1479; x_wconf 83' lang='lat' dir='ltr'><strong>sed</strong></span> <span class='ocrx_word' id='word_1_257' title='bbox 1225 1450 1302 1488; x_wconf 75' lang='lat' dir='ltr'><strong>quis</strong></span> <span class='ocrx_word' id='word_1_258' title='bbox 1316 1448 1427 1482; x_wconf 77' lang='lat' dir='ltr'><strong>fratri</strong></span> 
     </span>
     <span class='ocr_line' id='line_1_29' title="bbox 87 1494 1428 1540; baseline -0.002 -8"><span class='ocrx_word' id='word_1_259' title='bbox 87 1509 160 1533; x_wconf 85' lang='lat' dir='ltr'><strong>meo</strong></span> <span class='ocrx_word' id='word_1_260' title='bbox 174 1502 303 1539; x_wconf 76' lang='lat' dir='ltr'><strong>vitam,</strong></span> <span class='ocrx_word' id='word_1_261' title='bbox 319 1498 561 1540; x_wconf 77' lang='lat' dir='ltr'><strong>quisfralrem</strong></span> <span class='ocrx_word' id='word_1_262' title='bbox 578 1498 663 1530; x_wconf 72' lang='lat' dir='ltr'><strong>mihi</strong></span> <span class='ocrx_word' id='word_1_263' title='bbox 681 1497 820 1529; x_wconf 72' lang='lat' dir='ltr'><strong>reddit?</strong></span> <span class='ocrx_word' id='word_1_264' title='bbox 837 1505 937 1538; x_wconf 79' lang='lat' dir='ltr'><strong>quem</strong></span> <span class='ocrx_word' id='word_1_265' title='bbox 951 1497 1095 1526; x_wconf 73' lang='lat' dir='ltr'><strong>missum</strong></span> <span class='ocrx_word' id='word_1_266' title='bbox 1111 1494 1159 1526; x_wconf 83' lang='lat' dir='ltr'><strong>ad</strong></span> <span class='ocrx_word' id='word_1_267' title='bbox 1176 1504 1233 1526; x_wconf 83' lang='lat' dir='ltr'><strong>vos</strong></span> <span class='ocrx_word' id='word_1_268' title='bbox 1247 1504 1270 1527; x_wconf 85' lang='lat' dir='ltr'><strong><em>a</em></strong></span> <span class='ocrx_word' id='word_1_269' title='bbox 1287 1498 1428 1529; x_wconf 85' lang='lat' dir='ltr'><strong>Germa·</strong></span> 
     </span>
     <span class='ocr_line' id='line_1_30' title="bbox 88 1543 1428 1584; baseline -0.004 -3"><span class='ocrx_word' id='word_1_270' title='bbox 88 1550 166 1582; x_wconf 79' lang='lat' dir='ltr'><strong>nico</strong></span> <span class='ocrx_word' id='word_1_271' title='bbox 183 1549 337 1580; x_wconf 68' lang='lat' dir='ltr'><strong>exercitu</strong></span> <span class='ocrx_word' id='word_1_272' title='bbox 357 1546 398 1578; x_wconf 81' lang='lat' dir='ltr'><strong>de</strong></span> <span class='ocrx_word' id='word_1_273' title='bbox 411 1546 647 1578; x_wconf 68' lang='lat' dir='ltr'><strong>communibus</strong></span> <span class='ocrx_word' id='word_1_274' title='bbox 672 1544 854 1577; x_wconf 73' lang='lat' dir='ltr'><strong>commodis</strong></span> <span class='ocrx_word' id='word_1_275' title='bbox 875 1544 971 1574; x_wconf 78' lang='lat' dir='ltr'><strong>nocte</strong></span> <span class='ocrx_word' id='word_1_276' title='bbox 982 1544 1145 1582; x_wconf 78' lang='lat' dir='ltr'><strong>proxima</strong></span> <span class='ocrx_word' id='word_1_277' title='bbox 1154 1543 1339 1583; x_wconf 75' lang='lat' dir='ltr'><strong>juqulavit</strong></span> <span class='ocrx_word' id='word_1_278' title='bbox 1360 1552 1428 1584; x_wconf 82' lang='lat' dir='ltr'><strong>per</strong></span> 
     </span>
     <span class='ocr_line' id='line_1_31' title="bbox 88 1589 1429 1637; baseline -0.004 -10"><span class='ocrx_word' id='word_1_279' title='bbox 88 1594 304 1637; x_wconf 76' lang='lat' dir='ltr'><strong>qladiatores</strong></span> <span class='ocrx_word' id='word_1_280' title='bbox 327 1603 406 1625; x_wconf 84' lang='lat' dir='ltr'><strong>suos</strong></span> <span class='ocrx_word' id='word_1_281' title='bbox 423 1595 446 1632; x_wconf 92' lang='lat'><strong>¹,</strong></span> <span class='ocrx_word' id='word_1_282' title='bbox 477 1602 560 1634; x_wconf 83' lang='lat' dir='ltr'><strong>quos</strong></span> <span class='ocrx_word' id='word_1_283' title='bbox 576 1595 611 1624; x_wconf 76' lang='lat' dir='ltr'><strong>in</strong></span> <span class='ocrx_word' id='word_1_284' title='bbox 629 1594 779 1624; x_wconf 71' lang='lat' dir='ltr'><strong>exilium</strong></span> <span class='ocrx_word' id='word_1_285' title='bbox 801 1591 955 1622; x_wconf 67' lang='lat' dir='ltr'><strong>villicum</strong></span> <span class='ocrx_word' id='word_1_286' title='bbox 980 1589 1083 1621; x_wconf 75' lang='lat' dir='ltr'><strong>habet</strong></span> <span class='ocrx_word' id='word_1_287' title='bbox 1100 1591 1206 1630; x_wconf 79' lang='lat' dir='ltr'><strong>atque</strong></span> <span class='ocrx_word' id='word_1_288' title='bbox 1228 1592 1357 1621; x_wconf 81' lang='lat' dir='ltr'><strong>armat.</strong></span> <span class='ocrx_word' id='word_1_289' title='bbox 1378 1600 1429 1623; x_wconf 82' lang='lat' dir='ltr'><strong>re-</strong></span> 
     </span>
     <span class='ocr_line' id='line_1_32' title="bbox 89 1636 1425 1684; baseline -0.004 -10"><span class='ocrx_word' id='word_1_290' title='bbox 89 1642 228 1684; x_wconf 77' lang='lat' dir='ltr'><strong>sponde,</strong></span> <span class='ocrx_word' id='word_1_291' title='bbox 242 1642 365 1680; x_wconf 78' lang='lat' dir='ltr'><strong>Bloese,</strong></span> <span class='ocrx_word' id='word_1_292' title='bbox 380 1641 439 1672; x_wconf 74' lang='lat' dir='ltr'><strong>ubi</strong></span> <span class='ocrx_word' id='word_1_293' title='bbox 457 1641 610 1672; x_wconf 83' lang='lat' dir='ltr'><strong>cadaver</strong></span> <span class='ocrx_word' id='word_1_294' title='bbox 626 1639 792 1679; x_wconf 76' lang='lat' dir='ltr'><strong>abjeceris</strong></span> <span class='ocrx_word' id='word_1_295' title='bbox 805 1638 816 1656; x_wconf 87' lang='lat'><strong>²</strong></span> <span class='ocrx_word' id='word_1_296' title='bbox 828 1642 846 1669; x_wconf 65' lang='grc' dir='ltr'><em>Ρ</em></span> <span class='ocrx_word' id='word_1_297' title='bbox 869 1646 910 1669; x_wconf 82' lang='lat' dir='ltr'><strong>ne</strong></span> <span class='ocrx_word' id='word_1_298' title='bbox 928 1637 1040 1669; x_wconf 82' lang='lat' dir='ltr'><strong>hostes</strong></span> <span class='ocrx_word' id='word_1_299' title='bbox 1059 1636 1199 1677; x_wconf 77' lang='lat' dir='ltr'><strong>quidem</strong></span> <span class='ocrx_word' id='word_1_300' title='bbox 1211 1638 1397 1677; x_wconf 76' lang='lat' dir='ltr'><strong>sepullum</strong></span> <span class='ocrx_word' id='word_1_301' title='bbox 1414 1636 1425 1654; x_wconf 86' lang='lat'>³</span> 
     </span>
     <span class='ocr_line' id='line_1_33' title="bbox 88 1685 1427 1730; baseline -0.004 -9"><span class='ocrx_word' id='word_1_302' title='bbox 88 1689 256 1722; x_wconf 72' lang='lat' dir='ltr'><strong>invident.</strong></span> <span class='ocrx_word' id='word_1_303' title='bbox 275 1697 384 1730; x_wconf 76' lang='lat' dir='ltr'><strong>quum</strong></span> <span class='ocrx_word' id='word_1_304' title='bbox 397 1689 523 1719; x_wconf 75' lang='lat' dir='ltr'><strong>osculis</strong></span> <span class='ocrx_word' id='word_1_305' title='bbox 533 1712 543 1728; x_wconf 87' lang='lat'><strong>,</strong></span> <span class='ocrx_word' id='word_1_306' title='bbox 558 1695 665 1728; x_wconf 78' lang='lat' dir='ltr'><strong>quum</strong></span> <span class='ocrx_word' id='word_1_307' title='bbox 679 1687 837 1718; x_wconf 73' lang='lat' dir='ltr'><strong>lacrimis</strong></span> <span class='ocrx_word' id='word_1_308' title='bbox 851 1685 1005 1716; x_wconf 73' lang='lat' dir='ltr'><strong>dolorem</strong></span> <span class='ocrx_word' id='word_1_309' title='bbox 1018 1692 1133 1715; x_wconf 78' lang='lat' dir='ltr'><strong>meum</strong></span> <span class='ocrx_word' id='word_1_310' title='bbox 1150 1685 1336 1724; x_wconf 68' lang='lat' dir='ltr'><strong>implevero</strong></span> <span class='ocrx_word' id='word_1_311' title='bbox 1347 1709 1355 1724; x_wconf 94' lang='lat'>‚</span> <span class='ocrx_word' id='word_1_312' title='bbox 1373 1693 1427 1716; x_wconf 67' lang='lat' dir='ltr'><strong>lme</strong></span> 
     </span>
     <span class='ocr_line' id='line_1_34' title="bbox 90 1731 1427 1778; baseline -0.005 -9"><span class='ocrx_word' id='word_1_313' title='bbox 90 1745 224 1778; x_wconf 83' lang='lat' dir='ltr'><strong>quoque</strong></span> <span class='ocrx_word' id='word_1_314' title='bbox 241 1736 414 1768; x_wconf 73' lang='lat' dir='ltr'><strong>trucidari</strong></span> <span class='ocrx_word' id='word_1_315' title='bbox 420 1735 524 1776; x_wconf 79' lang='lat' dir='ltr'><strong>Jube,</strong></span> <span class='ocrx_word' id='word_1_316' title='bbox 542 1734 647 1766; x_wconf 79' lang='lat' dir='ltr'><strong>clum⁴</strong></span> <span class='ocrx_word' id='word_1_317' title='bbox 669 1735 870 1774; x_wconf 81' lang='lat' dir='ltr'><strong>interseclos</strong></span> <span class='ocrx_word' id='word_1_318' title='bbox 884 1731 1026 1764; x_wconf 81' lang='lat' dir='ltr'><strong>nullum</strong></span> <span class='ocrx_word' id='word_1_319' title='bbox 1045 1731 1087 1762; x_wconf 86' lang='lat' dir='ltr'><strong>ob</strong></span> <span class='ocrx_word' id='word_1_320' title='bbox 1103 1731 1238 1771; x_wconf 80' lang='lat' dir='ltr'><strong>scelus,</strong></span> <span class='ocrx_word' id='word_1_321' title='bbox 1264 1731 1325 1763; x_wconf 82' lang='lat' dir='ltr'><strong>sed</strong></span> <span class='ocrx_word' id='word_1_322' title='bbox 1341 1733 1427 1772; x_wconf 78' lang='lat' dir='ltr'><strong>quia</strong></span> 
     </span>
     <span class='ocr_line' id='line_1_35' title="bbox 90 1780 980 1823; baseline -0.009 -5"><span class='ocrx_word' id='word_1_323' title='bbox 90 1784 245 1818; x_wconf 71' lang='lat' dir='ltr'><strong>utilitati</strong></span> <span class='ocrx_word' id='word_1_324' title='bbox 261 1784 435 1823; x_wconf 74' lang='lat' dir='ltr'><strong>leqionum</strong></span> <span class='ocrx_word' id='word_1_325' title='bbox 448 1782 711 1814; x_wconf 75' lang='lat' dir='ltr'><strong>consulebamus</strong></span> <span class='ocrx_word' id='word_1_326' title='bbox 721 1805 730 1821; x_wconf 91' lang='lat'><strong>,</strong></span> <span class='ocrx_word' id='word_1_327' title='bbox 745 1780 782 1812; x_wconf 75' lang='lat' dir='ltr'><strong>Izi</strong></span> <span class='ocrx_word' id='word_1_328' title='bbox 794 1780 980 1820; x_wconf 77' lang='lat' dir='ltr'><strong>sepeliant.</strong></span> 
     </span>
    </p>

    <p class='ocr_par' dir='ltr' id='par_1_6' title="bbox 91 1824 1427 1918">
     <span class='ocr_line' id='line_1_36' title="bbox 130 1824 1427 1868; baseline -0.005 -6"><span class='ocrx_word' id='word_1_329' title='bbox 130 1834 241 1862; x_wconf 84' lang='lat' dir='ltr'><strong>XXIII.</strong></span> <span class='ocrx_word' id='word_1_330' title='bbox 264 1829 461 1862; x_wconf 82' lang='lat' dir='ltr'><strong>Incendebat</strong></span> <span class='ocrx_word' id='word_1_331' title='bbox 475 1828 564 1860; x_wconf 78' lang='lat' dir='ltr'><strong>liaec¹</strong></span> <span class='ocrx_word' id='word_1_332' title='bbox 595 1828 671 1860; x_wconf 86' lang='lat' dir='ltr'><strong>fletu</strong></span> <span class='ocrx_word' id='word_1_333' title='bbox 692 1829 725 1860; x_wconf 86' lang='lat' dir='ltr'><strong>et</strong></span> <span class='ocrx_word' id='word_1_334' title='bbox 747 1830 860 1868; x_wconf 86' lang='lat' dir='ltr'><strong>pectus</strong></span> <span class='ocrx_word' id='word_1_335' title='bbox 886 1828 987 1866; x_wconf 84' lang='lat' dir='ltr'><strong>atque</strong></span> <span class='ocrx_word' id='word_1_336' title='bbox 1002 1834 1039 1857; x_wconf 90' lang='lat' dir='ltr'><strong>os</strong></span> <span class='ocrx_word' id='word_1_337' title='bbox 1059 1824 1212 1857; x_wconf 90' lang='lat' dir='ltr'><strong>manibus</strong></span> <span class='ocrx_word' id='word_1_338' title='bbox 1226 1824 1402 1857; x_wconf 79' lang='lat' dir='ltr'><strong>verberans</strong></span> <span class='ocrx_word' id='word_1_339' title='bbox 1419 1836 1427 1856; x_wconf 91' lang='grc'>;</span> 
     </span>
     <span class='ocr_line' id='line_1_37' title="bbox 91 1872 1426 1918; baseline -0.004 -9"><span class='ocrx_word' id='word_1_340' title='bbox 91 1886 169 1909; x_wconf 88' lang='lat' dir='ltr'><strong>mox</strong></span> <span class='ocrx_word' id='word_1_341' title='bbox 183 1877 329 1917; x_wconf 84' lang='lat' dir='ltr'><strong>disjectis</strong></span> <span class='ocrx_word' id='word_1_342' title='bbox 343 1876 356 1894; x_wconf 87' lang='lat'><em>²</em></span> <span class='ocrx_word' id='word_1_343' title='bbox 374 1885 513 1918; x_wconf 88' lang='lat' dir='ltr'><strong>quorum</strong></span> <span class='ocrx_word' id='word_1_344' title='bbox 528 1885 584 1915; x_wconf 89' lang='lat' dir='ltr'><strong>per</strong></span> <span class='ocrx_word' id='word_1_345' title='bbox 599 1876 752 1906; x_wconf 85' lang='lat' dir='ltr'><strong>humeros</strong></span> <span class='ocrx_word' id='word_1_346' title='bbox 761 1874 997 1912; x_wconf 84' lang='lat' dir='ltr'><strong>sustinebatur,</strong></span> <span class='ocrx_word' id='word_1_347' title='bbox 1012 1880 1157 1913; x_wconf 79' lang='lat' dir='ltr'><strong>praeceps</strong></span> <span class='ocrx_word' id='word_1_348' title='bbox 1169 1874 1203 1904; x_wconf 91' lang='lat' dir='ltr'><strong>et</strong></span> <span class='ocrx_word' id='word_1_349' title='bbox 1224 1872 1426 1913; x_wconf 86' lang='lat' dir='ltr'><strong>singulorum</strong></span> 
     </span>
    </p>
   </div>
   <div class='ocr_carea' id='block_1_3' title="bbox 90 1959 1429 2451">
    <p class='ocr_par' dir='ltr' id='par_1_7' title="bbox 90 1959 1428 2135">
     <span class='ocr_line' id='line_1_38' title="bbox 119 1959 1427 1992; baseline -0.004 -2"><span class='ocrx_word' id='word_1_350' title='bbox 119 1966 180 1991; x_wconf 76' lang='lat' dir='ltr'><strong>xx.</strong></span> <span class='ocrx_word' id='word_1_351' title='bbox 195 1970 218 1989; x_wconf 84' lang='lat' dir='ltr'><strong>I.</strong></span> <span class='ocrx_word' id='word_1_352' title='bbox 231 1965 323 1988; x_wconf 84' lang='lat' dir='ltr'><strong>Terrae</strong></span> <span class='ocrx_word' id='word_1_353' title='bbox 336 1963 428 1990; x_wconf 76' lang='lat' dir='ltr'><strong>infixa.</strong></span> <span class='ocrx_word' id='word_1_354' title='bbox 443 1963 551 1992; x_wconf 86' lang='lat' dir='ltr'><strong>quando</strong></span> <span class='ocrx_word' id='word_1_355' title='bbox 565 1962 700 1986; x_wconf 80' lang='lat' dir='ltr'><strong>exercitus</strong></span> <span class='ocrx_word' id='word_1_356' title='bbox 713 1961 741 1986; x_wconf 91' lang='lat' dir='ltr'><strong>in</strong></span> <span class='ocrx_word' id='word_1_357' title='bbox 755 1962 851 1985; x_wconf 65' lang='lat' dir='ltr'><strong>castrts</strong></span> <span class='ocrx_word' id='word_1_358' title='bbox 865 1962 1001 1985; x_wconf 58' lang='lat' dir='ltr'><strong>erat-2.</strong></span> <span class='ocrx_word' id='word_1_359' title='bbox 1015 1959 1212 1989; x_wconf 74' lang='lat' dir='ltr'><strong>Municipium</strong></span> <span class='ocrx_word' id='word_1_360' title='bbox 1225 1959 1278 1984; x_wconf 89' lang='lat' dir='ltr'><strong>hoe</strong></span> <span class='ocrx_word' id='word_1_361' title='bbox 1294 1959 1355 1985; x_wconf 89' lang='lat' dir='ltr'><strong>loco</strong></span> <span class='ocrx_word' id='word_1_362' title='bbox 1365 1961 1427 1985; x_wconf 88' lang='lat' dir='ltr'><strong>sim-</strong></span> 
     </span>
     <span class='ocr_line' id='line_1_39' title="bbox 91 1994 1428 2034; baseline -0.003 -9"><span class='ocrx_word' id='word_1_363' title='bbox 91 2001 198 2034; x_wconf 81' lang='lat' dir='ltr'><strong>pliciter</strong></span> <span class='ocrx_word' id='word_1_364' title='bbox 210 2000 280 2024; x_wconf 80' lang='lat' dir='ltr'><strong>vicis</strong></span> <span class='ocrx_word' id='word_1_365' title='bbox 294 2000 455 2029; x_wconf 84' lang='lat' dir='ltr'><strong>opponitur,</strong></span> <span class='ocrx_word' id='word_1_366' title='bbox 470 2005 502 2022; x_wconf 85' lang='lat' dir='ltr'><strong>ac</strong></span> <span class='ocrx_word' id='word_1_367' title='bbox 522 1999 543 2022; x_wconf 88' lang='lat' dir='ltr'><strong>si</strong></span> <span class='ocrx_word' id='word_1_368' title='bbox 560 1998 664 2022; x_wconf 77' lang='lat' dir='ltr'><strong>diceret</strong></span> <span class='ocrx_word' id='word_1_369' title='bbox 683 1998 832 2027; x_wconf 75' lang='lat' dir='ltr'><strong>oppidum.</strong></span> <span class='ocrx_word' id='word_1_370' title='bbox 855 1996 950 2026; x_wconf 86' lang='lat' dir='ltr'><strong>Neque</strong></span> <span class='ocrx_word' id='word_1_371' title='bbox 969 1996 1013 2019; x_wconf 85' lang='lat' dir='ltr'><strong>hic</strong></span> <span class='ocrx_word' id='word_1_372' title='bbox 1033 2000 1120 2024; x_wconf 81' lang='lat' dir='ltr'><strong>neque</strong></span> <span class='ocrx_word' id='word_1_373' title='bbox 1134 1994 1197 2018; x_wconf 91' lang='lat' dir='ltr'><strong>alibi</strong></span> <span class='ocrx_word' id='word_1_374' title='bbox 1209 2000 1280 2025; x_wconf 82' lang='lat' dir='ltr'><strong>saepe</strong></span> <span class='ocrx_word' id='word_1_375' title='bbox 1294 1997 1365 2026; x_wconf 88' lang='lat' dir='ltr'><strong>apud</strong></span> <span class='ocrx_word' id='word_1_376' title='bbox 1379 1998 1428 2021; x_wconf 89' lang='lat' dir='ltr'><strong>Ta-</strong></span> 
     </span>
     <span class='ocr_line' id='line_1_40' title="bbox 91 2029 1428 2064; baseline -0.004 -3"><span class='ocrx_word' id='word_1_377' title='bbox 91 2038 175 2062; x_wconf 80' lang='lat' dir='ltr'><strong>citum</strong></span> <span class='ocrx_word' id='word_1_378' title='bbox 194 2034 308 2064; x_wconf 84' lang='lat' dir='ltr'><strong>cogitari</strong></span> <span class='ocrx_word' id='word_1_379' title='bbox 322 2034 405 2058; x_wconf 80' lang='lat' dir='ltr'><strong>debet</strong></span> <span class='ocrx_word' id='word_1_380' title='bbox 427 2033 460 2057; x_wconf 86' lang='lat' dir='ltr'><strong>de</strong></span> <span class='ocrx_word' id='word_1_381' title='bbox 477 2035 538 2063; x_wconf 86' lang='lat' dir='ltr'><strong>jure</strong></span> <span class='ocrx_word' id='word_1_382' title='bbox 561 2033 728 2063; x_wconf 83' lang='lat' dir='ltr'><strong>municipum</strong></span> <span class='ocrx_word' id='word_1_383' title='bbox 748 2032 883 2056; x_wconf 81' lang='lat' dir='ltr'><strong>vocabulo</strong></span> <span class='ocrx_word' id='word_1_384' title='bbox 899 2030 1052 2060; x_wconf 70' lang='lat' dir='ltr'><strong>municipia·</strong></span> <span class='ocrx_word' id='word_1_385' title='bbox 1066 2029 1137 2059; x_wconf 89' lang='lat' dir='ltr'><strong>apud</strong></span> <span class='ocrx_word' id='word_1_386' title='bbox 1161 2030 1266 2059; x_wconf 78' lang='lat' dir='ltr'><strong>priores</strong></span> <span class='ocrx_word' id='word_1_387' title='bbox 1279 2031 1428 2060; x_wconf 85' lang='lat' dir='ltr'><strong>scriptores</strong></span> 
     </span>
     <span class='ocr_line' id='line_1_41' title="bbox 90 2065 1428 2100; baseline -0.003 -5"><span class='ocrx_word' id='word_1_388' title='bbox 90 2071 208 2098; x_wconf 71' lang='lat' dir='ltr'><strong>incluso,</strong></span> <span class='ocrx_word' id='word_1_389' title='bbox 232 2083 259 2087; x_wconf 93' lang='lat'>—</span> <span class='ocrx_word' id='word_1_390' title='bbox 284 2075 309 2094; x_wconf 70' lang='lat' dir='ltr'><strong>z.</strong></span> <span class='ocrx_word' id='word_1_391' title='bbox 335 2070 386 2100; x_wconf 88' lang='lat' dir='ltr'><strong>Qui</strong></span> <span class='ocrx_word' id='word_1_392' title='bbox 404 2069 494 2093; x_wconf 80' lang='lat' dir='ltr'><strong>multis</strong></span> <span class='ocrx_word' id='word_1_393' title='bbox 515 2069 592 2093; x_wconf 89' lang='lat' dir='ltr'><strong>annis</strong></span> <span class='ocrx_word' id='word_1_394' title='bbox 614 2069 643 2093; x_wconf 82' lang='lat' dir='ltr'><strong>in</strong></span> <span class='ocrx_word' id='word_1_395' title='bbox 658 2073 742 2099; x_wconf 85' lang='lat' dir='ltr'><strong>opere</strong></span> <span class='ocrx_word' id='word_1_396' title='bbox 764 2069 889 2092; x_wconf 85' lang='lat' dir='ltr'><strong>versatus</strong></span> <span class='ocrx_word' id='word_1_397' title='bbox 914 2068 988 2096; x_wconf 85' lang='lat' dir='ltr'><strong>erat,</strong></span> <span class='ocrx_word' id='word_1_398' title='bbox 1015 2066 1072 2095; x_wconf 87' lang='lat' dir='ltr'><strong>ejus</strong></span> <span class='ocrx_word' id='word_1_399' title='bbox 1096 2065 1222 2095; x_wconf 83' lang='lat' dir='ltr'><strong>peritiam</strong></span> <span class='ocrx_word' id='word_1_400' title='bbox 1245 2065 1325 2096; x_wconf 86' lang='lat' dir='ltr'><strong>longa</strong></span> <span class='ocrx_word' id='word_1_401' title='bbox 1349 2073 1428 2097; x_wconf 85' lang='lat' dir='ltr'><strong>expe-</strong></span> 
     </span>
     <span class='ocr_line' id='line_1_42' title="bbox 91 2105 331 2135; baseline -0.013 -4"><span class='ocrx_word' id='word_1_402' title='bbox 91 2106 190 2131; x_wconf 84' lang='lat' dir='ltr'><strong>rientia</strong></span> <span class='ocrx_word' id='word_1_403' title='bbox 203 2105 331 2135; x_wconf 84' lang='lat' dir='ltr'><strong>adeptus.</strong></span> 
     </span>
    </p>

    <p class='ocr_par' dir='ltr' id='par_1_8' title="bbox 92 2135 1429 2241">
     <span class='ocr_line' id='line_1_43' title="bbox 120 2135 1428 2167; baseline -0.003 -2"><span class='ocrx_word' id='word_1_404' title='bbox 120 2141 192 2165; x_wconf 78' lang='lat' dir='ltr'><strong>XXI.</strong></span> <span class='ocrx_word' id='word_1_405' title='bbox 208 2146 227 2165; x_wconf 80' lang='lat' dir='ltr'><strong>i.</strong></span> <span class='ocrx_word' id='word_1_406' title='bbox 242 2139 467 2165; x_wconf 76' lang='lat' dir='ltr'><strong>Abstrahentibus</strong></span> <span class='ocrx_word' id='word_1_407' title='bbox 480 2139 507 2163; x_wconf 88' lang='lat' dir='ltr'><strong>in</strong></span> <span class='ocrx_word' id='word_1_408' title='bbox 518 2143 726 2164; x_wconf 73' lang='lat' dir='ltr'><strong>carcerem—2.</strong></span> <span class='ocrx_word' id='word_1_409' title='bbox 733 2137 803 2163; x_wconf 84' lang='lat' dir='ltr'><strong>Nihil</strong></span> <span class='ocrx_word' id='word_1_410' title='bbox 814 2136 1014 2167; x_wconf 84' lang='lat' dir='ltr'><strong>relinquebant,</strong></span> <span class='ocrx_word' id='word_1_411' title='bbox 1026 2135 1274 2166; x_wconf 72' lang='lat' dir='ltr'><strong>praetermittebant</strong></span> <span class='ocrx_word' id='word_1_412' title='bbox 1283 2138 1428 2166; x_wconf 84' lang='lat' dir='ltr'><strong>quominus</strong></span> 
     </span>
     <span class='ocr_line' id='line_1_44' title="bbox 92 2171 1429 2205; baseline -0.004 -5"><span class='ocrx_word' id='word_1_413' title='bbox 92 2177 161 2205; x_wconf 60' lang='lat' dir='ltr'><strong>etc„</strong></span> <span class='ocrx_word' id='word_1_414' title='bbox 174 2176 192 2199; x_wconf 87' lang='lat' dir='ltr'><strong>i.</strong></span> <span class='ocrx_word' id='word_1_415' title='bbox 208 2181 233 2200; x_wconf 91' lang='lat' dir='ltr'><strong>e.</strong></span> <span class='ocrx_word' id='word_1_416' title='bbox 245 2176 335 2200; x_wconf 84' lang='lat' dir='ltr'><strong>omnia</strong></span> <span class='ocrx_word' id='word_1_417' title='bbox 348 2175 485 2199; x_wconf 69' lang='lat' dir='ltr'><strong>faciebant</strong></span> <span class='ocrx_word' id='word_1_418' title='bbox 498 2176 528 2199; x_wconf 87' lang='lat' dir='ltr'><strong>ut</strong></span> <span class='ocrx_word' id='word_1_419' title='bbox 543 2176 599 2199; x_wconf 86' lang='lat' dir='ltr'><strong>etc.</strong></span> <span class='ocrx_word' id='word_1_420' title='bbox 621 2174 720 2199; x_wconf 71' lang='lat' dir='ltr'><strong>Confer</strong></span> <span class='ocrx_word' id='word_1_421' title='bbox 735 2173 924 2203; x_wconf 77' lang='lat' dir='ltr'><strong>lucrifacere,</strong></span> <span class='ocrx_word' id='word_1_422' title='bbox 937 2172 1086 2202; x_wconf 75' lang='lat' dir='ltr'><strong>compendi</strong></span> <span class='ocrx_word' id='word_1_423' title='bbox 1094 2171 1204 2202; x_wconf 80' lang='lat' dir='ltr'><strong>facore.</strong></span> <span class='ocrx_word' id='word_1_424' title='bbox 1217 2184 1248 2189; x_wconf 90' lang='lat'>—</span> <span class='ocrx_word' id='word_1_425' title='bbox 1264 2176 1288 2195; x_wconf 78' lang='lat' dir='ltr'><strong>s.</strong></span> <span class='ocrx_word' id='word_1_426' title='bbox 1309 2172 1370 2196; x_wconf 87' lang='lat' dir='ltr'><strong>Plus</strong></span> <span class='ocrx_word' id='word_1_427' title='bbox 1388 2173 1429 2195; x_wconf 75' lang='lat' dir='ltr'><strong>est</strong></span> 
     </span>
     <span class='ocr_line' id='line_1_45' title="bbox 93 2207 1375 2241; baseline -0.004 -6"><span class='ocrx_word' id='word_1_428' title='bbox 93 2217 172 2241; x_wconf 84' lang='lat' dir='ltr'><strong>quau]</strong></span> <span class='ocrx_word' id='word_1_429' title='bbox 184 2212 346 2240; x_wconf 77' lang='lat' dir='ltr'><strong>moverent,</strong></span> <span class='ocrx_word' id='word_1_430' title='bbox 360 2216 392 2235; x_wconf 88' lang='lat' dir='ltr'><strong>ac</strong></span> <span class='ocrx_word' id='word_1_431' title='bbox 405 2211 426 2234; x_wconf 84' lang='lat' dir='ltr'><strong>si</strong></span> <span class='ocrx_word' id='word_1_432' title='bbox 442 2211 516 2234; x_wconf 85' lang='lat' dir='ltr'><strong>dicas</strong></span> <span class='ocrx_word' id='word_1_433' title='bbox 527 2216 604 2240; x_wconf 78' lang='lat' dir='ltr'><strong>pour</strong></span> <span class='ocrx_word' id='word_1_434' title='bbox 620 2209 731 2234; x_wconf 72' lang='lat' dir='ltr'><strong>re&#39;ussir</strong></span> <span class='ocrx_word' id='word_1_435' title='bbox 744 2208 763 2234; x_wconf 76' lang='grc' dir='ltr'><strong>α’,</strong></span> <span class='ocrx_word' id='word_1_436' title='bbox 776 2209 934 2233; x_wconf 84' lang='lat' dir='ltr'><strong>e&#39;mouvoir.</strong></span> <span class='ocrx_word' id='word_1_437' title='bbox 954 2209 998 2232; x_wconf 81' lang='lat' dir='ltr'><strong>Sic</strong></span> <span class='ocrx_word' id='word_1_438' title='bbox 1010 2207 1135 2232; x_wconf 81' lang='lat' dir='ltr'><strong>suadere</strong></span> <span class='ocrx_word' id='word_1_439' title='bbox 1148 2208 1177 2231; x_wconf 88' lang='lat' dir='ltr'><strong>et</strong></span> <span class='ocrx_word' id='word_1_440' title='bbox 1189 2207 1375 2237; x_wconf 76' lang='lat' dir='ltr'><strong>persuadere.</strong></span> 
     </span>
    </p>

    <p class='ocr_par' dir='ltr' id='par_1_9' title="bbox 92 2242 1429 2416">
     <span class='ocr_line' id='line_1_46' title="bbox 122 2242 1428 2276; baseline -0.005 -5"><span class='ocrx_word' id='word_1_441' title='bbox 122 2247 208 2271; x_wconf 81' lang='lat' dir='ltr'><strong>xxu.</strong></span> <span class='ocrx_word' id='word_1_442' title='bbox 224 2252 243 2270; x_wconf 80' lang='lat' dir='ltr'><strong>i.</strong></span> <span class='ocrx_word' id='word_1_443' title='bbox 258 2246 380 2271; x_wconf 67' lang='lat' dir='ltr'><strong>Praefecti</strong></span> <span class='ocrx_word' id='word_1_444' title='bbox 394 2247 605 2276; x_wconf 84' lang='lat' dir='ltr'><strong>provinciarum,</strong></span> <span class='ocrx_word' id='word_1_445' title='bbox 620 2246 701 2270; x_wconf 84' lang='lat' dir='ltr'><strong>etiam</strong></span> <span class='ocrx_word' id='word_1_446' title='bbox 719 2245 802 2268; x_wconf 80' lang='lat' dir='ltr'><strong>duces</strong></span> <span class='ocrx_word' id='word_1_447' title='bbox 816 2245 841 2268; x_wconf 90' lang='lat' dir='ltr'><strong>in</strong></span> <span class='ocrx_word' id='word_1_448' title='bbox 854 2244 962 2268; x_wconf 84' lang='lat' dir='ltr'><strong>stativis</strong></span> <span class='ocrx_word' id='word_1_449' title='bbox 974 2243 1139 2273; x_wconf 82' lang='lat' dir='ltr'><strong>gladiatores</strong></span> <span class='ocrx_word' id='word_1_450' title='bbox 1152 2242 1263 2266; x_wconf 82' lang='lat' dir='ltr'><strong>alebant</strong></span> <span class='ocrx_word' id='word_1_451' title='bbox 1276 2242 1309 2266; x_wconf 82' lang='lat' dir='ltr'><strong>ad</strong></span> <span class='ocrx_word' id='word_1_452' title='bbox 1322 2244 1428 2272; x_wconf 78' lang='lat' dir='ltr'><strong>specta-</strong></span> 
     </span>
     <span class='ocr_line' id='line_1_47' title="bbox 93 2277 1429 2311; baseline -0.003 -6"><span class='ocrx_word' id='word_1_453' title='bbox 93 2281 154 2305; x_wconf 85' lang='lat' dir='ltr'><strong>cula</strong></span> <span class='ocrx_word' id='word_1_454' title='bbox 168 2282 320 2311; x_wconf 69' lang='lat' dir='ltr'><strong>praebenda.</strong></span> <span class='ocrx_word' id='word_1_455' title='bbox 335 2281 482 2310; x_wconf 84' lang='lat' dir='ltr'><strong>Sequentia</strong></span> <span class='ocrx_word' id='word_1_456' title='bbox 497 2287 545 2311; x_wconf 82' lang='lat' dir='ltr'><strong>per</strong></span> <span class='ocrx_word' id='word_1_457' title='bbox 558 2281 648 2305; x_wconf 87' lang='lat' dir='ltr'><strong>odium</strong></span> <span class='ocrx_word' id='word_1_458' title='bbox 661 2280 874 2304; x_wconf 82' lang='lat' dir='ltr'><strong>comminiscitur</strong></span> <span class='ocrx_word' id='word_1_459' title='bbox 887 2281 1019 2304; x_wconf 65' lang='lat' dir='ltr'><strong>oraton-</strong></span> <span class='ocrx_word' id='word_1_460' title='bbox 1030 2283 1052 2302; x_wconf 78' lang='lat'><strong>2.</strong></span> <span class='ocrx_word' id='word_1_461' title='bbox 1069 2278 1193 2307; x_wconf 84' lang='lat' dir='ltr'><strong>Intellige</strong></span> <span class='ocrx_word' id='word_1_462' title='bbox 1205 2277 1346 2307; x_wconf 81' lang='lat' dir='ltr'><strong>abjectum</strong></span> <span class='ocrx_word' id='word_1_463' title='bbox 1358 2278 1429 2302; x_wconf 82' lang='lat' dir='ltr'><strong>reli-</strong></span> 
     </span>
     <span class='ocr_line' id='line_1_48' title="bbox 93 2312 1429 2347; baseline -0.004 -6"><span class='ocrx_word' id='word_1_464' title='bbox 93 2317 190 2347; x_wconf 73' lang='lat' dir='ltr'><strong>queris</strong></span> <span class='ocrx_word' id='word_1_465' title='bbox 202 2335 208 2345; x_wconf 94' lang='lat'><strong>,</strong></span> <span class='ocrx_word' id='word_1_466' title='bbox 223 2319 335 2347; x_wconf 86' lang='lat' dir='ltr'><strong>propter</strong></span> <span class='ocrx_word' id='word_1_467' title='bbox 347 2317 407 2340; x_wconf 80' lang='lat' dir='ltr'><strong>ubi.</strong></span> <span class='ocrx_word' id='word_1_468' title='bbox 422 2329 449 2333; x_wconf 89' lang='lat'><em>-</em></span> <span class='ocrx_word' id='word_1_469' title='bbox 464 2322 484 2340; x_wconf 77' lang='lat'><strong>5.</strong></span> <span class='ocrx_word' id='word_1_470' title='bbox 502 2317 578 2346; x_wconf 81' lang='lat' dir='ltr'><strong>Quod</strong></span> <span class='ocrx_word' id='word_1_471' title='bbox 591 2322 680 2340; x_wconf 80' lang='lat' dir='ltr'><strong>aureae</strong></span> <span class='ocrx_word' id='word_1_472' title='bbox 693 2316 840 2345; x_wconf 85' lang='lat' dir='ltr'><strong>scriptores</strong></span> <span class='ocrx_word' id='word_1_473' title='bbox 853 2315 940 2339; x_wconf 74' lang='lat' dir='ltr'><strong>aetatis</strong></span> <span class='ocrx_word' id='word_1_474' title='bbox 957 2314 1051 2338; x_wconf 88' lang='lat' dir='ltr'><strong>dicunt</strong></span> <span class='ocrx_word' id='word_1_475' title='bbox 1066 2313 1197 2338; x_wconf 80' lang='lat' dir='ltr'><strong>invidere</strong></span> <span class='ocrx_word' id='word_1_476' title='bbox 1210 2314 1302 2337; x_wconf 80' lang='lat' dir='ltr'><strong>alicui</strong></span> <span class='ocrx_word' id='word_1_477' title='bbox 1314 2312 1429 2342; x_wconf 71' lang='lat' dir='ltr'><strong>aliquid</strong></span> 
     </span>
     <span class='ocr_line' id='line_1_49' title="bbox 92 2347 1428 2382; baseline -0.004 -7"><span class='ocrx_word' id='word_1_478' title='bbox 92 2354 120 2380; x_wconf 80' lang='lat' dir='ltr'><strong>(i.</strong></span> <span class='ocrx_word' id='word_1_479' title='bbox 135 2358 161 2376; x_wconf 89' lang='lat' dir='ltr'><strong>e.</strong></span> <span class='ocrx_word' id='word_1_480' title='bbox 175 2357 225 2381; x_wconf 85' lang='lat' dir='ltr'><strong>per</strong></span> <span class='ocrx_word' id='word_1_481' title='bbox 241 2352 368 2376; x_wconf 85' lang='lat' dir='ltr'><strong>invidiam</strong></span> <span class='ocrx_word' id='word_1_482' title='bbox 386 2351 515 2382; x_wconf 82' lang='lat' dir='ltr'><strong>negare),</strong></span> <span class='ocrx_word' id='word_1_483' title='bbox 536 2352 589 2375; x_wconf 84' lang='lat' dir='ltr'><strong>hoc</strong></span> <span class='ocrx_word' id='word_1_484' title='bbox 605 2353 716 2375; x_wconf 85' lang='lat' dir='ltr'><strong>Tacitus</strong></span> <span class='ocrx_word' id='word_1_485' title='bbox 733 2352 760 2375; x_wconf 87' lang='lat' dir='ltr'><strong>et</strong></span> <span class='ocrx_word' id='word_1_486' title='bbox 774 2350 890 2380; x_wconf 68' lang='lat' dir='ltr'><strong>aequales</strong></span> <span class='ocrx_word' id='word_1_487' title='bbox 908 2351 965 2378; x_wconf 78' lang='lat' dir='ltr'><strong>ejus</strong></span> <span class='ocrx_word' id='word_1_488' title='bbox 979 2355 1048 2378; x_wconf 86' lang='lat' dir='ltr'><strong>saepe</strong></span> <span class='ocrx_word' id='word_1_489' title='bbox 1063 2349 1157 2372; x_wconf 84' lang='lat' dir='ltr'><strong>dicunt</strong></span> <span class='ocrx_word' id='word_1_490' title='bbox 1176 2347 1306 2374; x_wconf 74' lang='lat' dir='ltr'><strong>invidere</strong></span> <span class='ocrx_word' id='word_1_491' title='bbox 1326 2347 1428 2376; x_wconf 78' lang='lat' dir='ltr'><strong>aliqua</strong></span> 
     </span>
     <span class='ocr_line' id='line_1_50' title="bbox 93 2384 1166 2416; baseline -0.002 -6"><span class='ocrx_word' id='word_1_492' title='bbox 93 2392 133 2413; x_wconf 79' lang='lat' dir='ltr'><strong>re,</strong></span> <span class='ocrx_word' id='word_1_493' title='bbox 147 2386 266 2410; x_wconf 81' lang='lat' dir='ltr'><strong>dativum</strong></span> <span class='ocrx_word' id='word_1_494' title='bbox 283 2393 405 2416; x_wconf 72' lang='lat' dir='ltr'><strong>personae</strong></span> <span class='ocrx_word' id='word_1_495' title='bbox 418 2388 499 2411; x_wconf 86' lang='lat' dir='ltr'><strong>inodo</strong></span> <span class='ocrx_word' id='word_1_496' title='bbox 512 2387 642 2411; x_wconf 79' lang='lat' dir='ltr'><strong>addentes</strong></span> <span class='ocrx_word' id='word_1_497' title='bbox 656 2386 735 2411; x_wconf 91' lang='lat' dir='ltr'><strong>modo</strong></span> <span class='ocrx_word' id='word_1_498' title='bbox 747 2386 913 2410; x_wconf 73' lang='lat' dir='ltr'><strong>omittentes.</strong></span> <span class='ocrx_word' id='word_1_499' title='bbox 926 2397 953 2401; x_wconf 88' lang='lat'><strong>—</strong></span> <span class='ocrx_word' id='word_1_500' title='bbox 968 2390 989 2409; x_wconf 74' lang='lat'><strong>⁴.</strong></span> <span class='ocrx_word' id='word_1_501' title='bbox 1004 2384 1166 2409; x_wconf 86' lang='lat' dir='ltr'><strong>Dummodo.</strong></span> 
     </span>
    </p>

    <p class='ocr_par' dir='ltr' id='par_1_10' title="bbox 125 2421 961 2451">
     <span class='ocr_line' id='line_1_51' title="bbox 125 2421 961 2451; baseline -0.004 -4"><span class='ocrx_word' id='word_1_502' title='bbox 125 2422 222 2448; x_wconf 78' lang='lat' dir='ltr'><strong>xxm.</strong></span> <span class='ocrx_word' id='word_1_503' title='bbox 237 2428 258 2447; x_wconf 75' lang='grc' dir='ltr'><strong>ι.</strong></span> <span class='ocrx_word' id='word_1_504' title='bbox 271 2423 316 2447; x_wconf 85' lang='lat' dir='ltr'><strong>His</strong></span> <span class='ocrx_word' id='word_1_505' title='bbox 330 2423 455 2448; x_wconf 83' lang='lat' dir='ltr'><strong>ardorem</strong></span> <span class='ocrx_word' id='word_1_506' title='bbox 469 2424 497 2447; x_wconf 82' lang='lat' dir='ltr'><strong>et</strong></span> <span class='ocrx_word' id='word_1_507' title='bbox 511 2423 563 2448; x_wconf 73' lang='lat' dir='ltr'><strong>rim</strong></span> <span class='ocrx_word' id='word_1_508' title='bbox 574 2423 702 2447; x_wconf 82' lang='lat' dir='ltr'><strong>addebat.</strong></span> <span class='ocrx_word' id='word_1_509' title='bbox 719 2433 747 2440; x_wconf 86' lang='lat'><strong>·-</strong></span> <span class='ocrx_word' id='word_1_510' title='bbox 763 2428 786 2446; x_wconf 82' lang='grc' dir='ltr'><strong>·ι.</strong></span> <span class='ocrx_word' id='word_1_511' title='bbox 802 2421 901 2451; x_wconf 80' lang='lat' dir='ltr'><strong>supple</strong></span> <span class='ocrx_word' id='word_1_512' title='bbox 914 2421 961 2445; x_wconf 74' lang='lat' dir='ltr'><strong>iis.</strong></span> 
     </span>
    </p>
   </div>
  </div>
 </body>
</html>
