1539 2668
141 197 197 228 134
534 195 666 225 TAClTl
689 195 898 224 ANNALIUM
920 195 994 223 LIB.
1019 195 1073 223 VI.

137 271 240 304 tantia
257 271 313 301 ant
330 270 407 311 ripis
422 270 558 311 appulsa
581 279 645 300 non
664 278 806 301 cremare
821 268 993 309 quisquam
1004 292 1013 306 ‚
1030 276 1094 299 non
1119 267 1313 307 contingere.
1332 269 1466 302 interci-

135 319 228 350 derat
238 318 335 349 sortis
352 318 502 349 humanae
513 317 742 348 commercium
757 317 790 348 vi
804 318 924 356 metus3
936 317 1158 356 quantumque
1169 315 1294 347 saevitia
1306 316 1464 358 glisceret,

138 364 299 396 miseratio
315 365 497 396 arcebatur.

178 416 241 443 XX.
266 411 331 443 Sub
350 412 436 443 idem
454 414 581 452 tempus
599 415 632 443 C.
652 415 759 443 Caesar
771 434 779 449 ,
797 410 973 442 discedenti
993 414 1128 450 Capreas
1145 419 1207 441 avo
1224 418 1351 450 comes,
1367 411 1464 444 Clau·

132 458 242 499 diam,
271 463 313 490 M.
343 459 439 490 Silani
462 459 559 489 filiam
579 483 587 498 ‚
612 459 761 499 conjugio
782 459 929 498 accepit,
952 458 1126 489 immanem
1157 457 1302 488 animum
1329 459 1466 490 subdola

137 506 298 537 modestia
321 508 451 546 tegens,
481 515 546 536 non
573 507 780 537 damnatione
808 505 943 545 matris,
969 514 1034 536 non
1059 505 1172 536 exsilio
1204 505 1339 536 fratrum
1369 507 1466 546 rupta

134 559 238 591 voce;
261 554 388 593 qualem
418 553 502 584 diem
527 553 674 584 Tiberius
697 552 879 584 induisset¹
899 577 908 592 ‚
942 552 1011 592 pari
1037 552 1149 583 habitu
1165 577 1173 591 ,
1202 552 1288 583 haud
1322 553 1464 585 multum

128 598 331 631 distantibus
349 601 464 631 verbis.
482 600 568 631 uude
584 609 658 631 mox
670 601 787 631 scitum
798 599 938 631 Passieni
954 600 1091 630 oratoris
1103 599 1228 630 dictum
1242 599 1253 617 ²
1267 600 1463 641 percrebuit,

133 652 242 686 neque
255 648 432 678 meliorem
446 656 604 688 unquam
622 656 761 678 servum
784 655 892 687 neque
916 646 1121 677 deteriorem
1141 646 1319 679 dominum
1332 647 1463 687 fuisse.

132 694 203 723 Non
220 694 387 725 omiserim
405 695 600 735 praesagium
617 695 735 725 Tiberii
753 695 791 725 de
807 698 872 725 Ser.
888 693 1004 731 Galba,
1027 697 1098 724 tum
1118 694 1250 725 consule
1266 704 1274 725 :
1293 704 1390 734 quem
1407 704 1465 726 ac-

130 739 233 771 citum
262 743 294 773 et
321 742 457 773 diversis
482 742 685 773 sermonibus
706 744 942 781 pertentatum,
965 744 1128 781 postremo
1154 741 1274 772 Graecis
1298 741 1405 773 verbis
1429 744 1464 773 in

132 785 217 817 hanc
234 790 429 820 sententiam
449 789 619 828 allocutus,
638 791 686 820 Et
702 791 756 827 tu,
776 788 907 826 Galba,
923 788 1129 829 quandoque
1147 788 1345 828 dequstabis
1360 791 1466 830 impe·

133 834 228 865 rium
241 834 266 874 ³,
281 844 384 867 seram
399 846 436 867 ac
455 838 581 867 brevem
598 836 775 876 potentiam
793 835 996 875 significans,
1014 836 1149 866 scientia
1171 836 1393 868 Chaldaeorum
1411 846 1464 868 ar-

128 879 188 919 tis,
204 882 296 921 cujus
314 884 500 922 apiscendae
515 884 617 914 otium
634 883 719 923 apud
737 883 900 922 Rhodum,
917 883 1107 922 magistrum
1121 882 1323 923 Thrasyllum
1339 883 1464 925 habuit,

131 928 280 966 peritiam
298 930 367 970 ejus
385 931 445 961 lioc
459 931 555 961 modo
570 934 735 970 expertus.

176 978 253 1007 XXI.
280 977 416 1015 Quoties
450 987 547 1018 super
578 978 632 1008 tali
661 978 790 1017 negotio
816 978 1035 1017 consultaret,
1064 976 1150 1008 edita
1171 976 1287 1008 domus
1314 979 1406 1018 parte
1428 987 1467 1011 ac

129 1020 238 1053 liberti
255 1024 348 1054 unius
365 1025 565 1056 conscientia
581 1025 745 1056 utebatur.
765 1025 792 1055 is
809 1025 989 1056 litterarum
1010 1024 1140 1063 ignarus
1151 1048 1159 1063 ,
1183 1033 1318 1064 corpore
1331 1025 1439 1057 valido
1454 1049 1465 1065 ‚

132 1075 190 1107 per
203 1070 276 1100 avia
294 1080 331 1101 ac
347 1071 484 1112 derupta
504 1074 596 1111 (nam
615 1073 702 1103 saxis
718 1072 835 1102 domus
849 1072 998 1102 imminet
1012 1071 1022 1110 )
1042 1071 1177 1111 praeibat
1191 1080 1266 1102 eum
1279 1096 1287 1111 ,
1309 1072 1401 1111 cujus
1417 1082 1467 1104 ar·

133 1115 198 1145 tem
215 1119 354 1157 experiri
368 1119 515 1150 Tiberius
528 1120 707 1158 statuisset,
723 1122 755 1150 et
770 1119 1017 1158 regredientem,
1033 1118 1059 1149 si
1077 1118 1228 1149 vanitatis
1241 1120 1298 1149 aut
1314 1119 1465 1151 fraudum

133 1163 274 1203 suspicio
301 1166 499 1205 incesserat,
530 1166 562 1196 in
587 1166 767 1205 subjectum
790 1174 876 1196 mare
900 1165 1142 1205 praecipitabat,
1172 1173 1212 1196 ne
1232 1165 1329 1196 index
1356 1168 1466 1199 arcani

134 1210 318 1242 exsisteret.
337 1212 435 1251 igitur
450 1214 636 1252 'rin-asyllus
653 1213 768 1243 iisdem
788 1213 921 1252 rupibus
939 1213 1093 1243 inductus
1106 1237 1116 1252 ,
1138 1214 1310 1252 postquam
1328 1221 1468 1253 percun-

133 1259 275 1289 ctantem
293 1262 535 1299 commoverat,
566 1263 750 1300 imperium
781 1260 841 1299 ipsi
873 1262 906 1291 et
935 1260 1045 1291 futura
1074 1260 1220 1291 sollerter
1249 1260 1467 1300 patefaciens,

133 1303 345 1345 interrogatur
358 1316 403 1338 an
416 1316 518 1338 suam
538 1316 674 1348 quoque
688 1308 876 1347 (lenitatem
887 1306 1012 1338 horam
1025 1308 1264 1346 comperissem
1279 1316 1380 1347 quem-
1392 1309 1468 1339 tum.

133 1360 280 1391 annum,
299 1355 438 1393 qualem
452 1355 559 1385 dienw
581 1355 756 1385 liaberet?
770 1354 842 1392 Ille,
859 1354 985 1393 positus
1000 1354 1144 1384 siderum
1168 1363 1204 1384 ac
1222 1355 1326 1394 spatia
1343 1354 1467 1385 dimen-

130 1405 187 1428 sus
201 1422 209 1436 ,
228 1399 352 1431 haerere
367 1401 491 1440 primo,
511 1401 585 1432 dein
610 1410 803 1440 pavescere,
824 1402 857 1431 et
872 1403 1031 1440 quantum
1052 1400 1293 1439 introspiceret,
1314 1401 1413 1440 magis
1429 1410 1468 1432 ac

133 1446 236 1485 magis
256 1447 399 1486 trepidus
422 1448 647 1478 admirationis
669 1449 701 1479 et
723 1451 849 1486 metus,
872 1450 1038 1486 postremo
1062 1447 1243 1486 exclamat,
1266 1447 1468 1487 ambiyuum

131 1491 197 1522 sibi
215 1501 256 1524 ac
266 1501 376 1533 prope
392 1495 558 1526 ‘ultimum
575 1495 757 1526 discrimen
775 1496 918 1525 instare.
935 1496 1005 1525 tum
1020 1495 1208 1534 complexus
1218 1503 1292 1525 eum
1303 1494 1467 1535 Tiberius,

129 1542 317 1578 proescz'um
339 1543 580 1580 periculorwn
595 1544 627 1573 et
645 1542 852 1572 incolumem
866 1540 950 1580 sore
966 1543 1135 1581 gratatur;
1154 1550 1291 1581 quaeque
1315 1541 1466 1583 dixerat,

132 1587 230 1617 oracli
244 1588 315 1618 vice
333 1589 492 1628 accipiens
509 1591 593 1620 inter
613 1589 747 1619 intimos
763 1589 942 1619 amicorum
963 1590 1061 1619 tenet.

174 1637 269 1664 XXII.
295 1635 354 1666 Sed
378 1635 456 1665 milii
481 1636 548 1666 benc
565 1645 602 1666 ac
619 1636 696 1666 talia
710 1635 852 1666 audienti
878 1635 912 1666 in
936 1634 1060 1666 incerto
1083 1634 1241 1675 judicium
1264 1638 1335 1676 est,
1359 1637 1468 1668 fatone

133 1688 184 1711 res
201 1682 387 1712 mortalium
405 1685 437 1713 et
461 1683 653 1714 necessitate
668 1682 877 1721 immutabili,
897 1691 937 1713 an
956 1682 1039 1714 forte
1058 1682 1245 1713 volvantur.
1274 1683 1395 1724 quippe
1414 1692 1468 1715 sa·

133 1728 353 1766 pientissimos
370 1732 535 1768 veterum,
559 1731 679 1770 quique
693 1733 813 1761 sectam
827 1738 939 1760 eorum
960 1729 967 1747 ¹
989 1730 1197 1770 aemulantur,
1217 1730 1363 1761 diversos
1379 1739 1469 1770 repe·

133 1775 215 1814 rias,
236 1784 273 1806 ac
291 1776 405 1807 multis
424 1778 552 1808 insitam
571 1778 756 1817 opinionem
776 1777 802 1816 ²,
824 1786 891 1808 non
913 1779 1013 1809 initia
1034 1779 1159 1818 nostri,
1178 1786 1243 1809 non
1253 1777 1383 1817 finem,
1398 1787 1466 1810 non

130 1822 279 1862 demque
295 1823 446 1855 homines
466 1824 528 1856 dits
544 1833 657 1863 cur(e,·
675 1824 748 1855 ideo
761 1824 972 1855 creberrima
989 1827 1022 1856 et
1040 1826 1206 1856 tristiam
1218 1825 1318 1856 bonos
1334 1827 1367 1857 et
1382 1826 1467 1857 laeta
1519 1814 1529 1852 ,³2¹

132 1869 231 1908 apud
258 1869 445 1901 deteriores
479 1880 558 1902 esse.
587 1875 701 1902 contra
728 1871 783 1902 alii
800 1871 811 1888 ³
831 1871 957 1910 ιίαῖηφη
983 1872 1123 1912 quidem
1151 1879 1339 1912 conyruere
1366 1873 1469 1904 rebus
1520 1876 1526 1911 ’ξ

133 1917 271 1956 putant,
285 1917 345 1948 sed
362 1926 429 1948 non
444 1926 461 1948 e
475 1920 570 1958 vassis
588 1919 720 1958 stellis,
738 1927 858 1950 verum
875 1918 971 1958 apud
983 1920 1165 1959 principia
1190 1921 1222 1950 et
1238 1927 1348 1950 nexus
1364 1923 1468 1952 natu·

133 1964 267 1995 ratium
280 1972 472 1996 causarum
487 1975 496 1995 .·
519 1974 561 1996 ac
577 1967 693 1997 minen
710 1966 910 1997 electionem
927 1968 1009 1997 vitce
1026 1965 1120 1998 nobis
1134 1965 1342 2006 relinquunt,
1360 1974 1468 2007 quam

133 2009 193 2040 ubi
210 2010 369 2051 eleqerz's,
386 2013 521 2042 certum
543 2014 797 2043 imminentium
812 2012 978 2044 ordinem.
1005 2021 1114 2053 neque
1137 2013 1236 2043 mala
1260 2013 1312 2044 vel
1337 2012 1425 2044 bona
1439 2012 1467 2052 ⁴,

134 2064 213 2096 quoe
227 2058 354 2097 vulqus
364 2061 468 2098 putet
484 2070 494 2090 .·
510 2060 651 2098 inultos,
666 2061 725 2100 qui
741 2058 938 2099 conflictari
952 2058 1107 2091 adversis
1124 2058 1324 2098 videantur,
1338 2058 1466 2099 beatos,

133 2110 176 2133 ac
186 2104 383 2144 plerosque,
398 2114 614 2146 quamquam
633 2115 777 2147 magmas
792 2114 860 2147 per
874 2113 964 2146 opeS,
981 2107 1201 2145 miserrimae,
1214 2108 1244 2137 ει·
1256 2106 1312 2137 illi
1324 2114 1468 2146 qravem
1518 2098 1521 2134 ἶ

132 2148 318 2187 fortunam
331 2155 533 2184 constanter
548 2154 717 2194 tolerent,
735 2153 772 2186 ln·
786 2161 958 2195 prospera
974 2153 1167 2185 inconsulte
1185 2155 1350 2185 utantur.
1379 2154 1468 2186 cete·
1517 2150 1520 2162 ³

167 2265 226 2289 XX.
243 2270 264 2289 i.
278 2266 500 2297 Qualemcunque
513 2269 567 2292 diei
580 2270 701 2294 colorem
715 2271 762 2294 aut
774 2269 890 2294 formam
905 2269 933 2293 in
948 2274 978 2293 se
991 2269 1192 2299 assumpsisset,
1207 2269 1227 2294 l.
1241 2275 1265 2294 e.
1285 2269 1466 2301 qualemcun—

133 2305 190 2329 que
204 2306 313 2331 quoquo
327 2302 370 2325 die
383 2309 411 2326 se
429 2303 567 2328 exhiberet
580 2305 718 2334 Tiberius,
735 2306 824 2329 laetum
842 2307 889 2329 aut
903 2305 1023 2334 tristem,
1039 2306 1128 2330 lenem
1149 2308 1197 2331 aut
1215 2308 1329 2331 trucem.
1343 2319 1370 2324 -
1381 2311 1403 2331 2.
1424 2308 1466 2331 De
1515 2321 1517 2325 ‹

134 2334 266 2365 Caligula.
278 2343 340 2360 -5.
355 2334 417 2364 Καὶ
434 2334 485 2373 σὺ,
503 2335 609 2366 τέκνον
619 2360 628 2375 ,
645 2340 699 2373 τῆς
713 2337 809 2378 ἀρχῆς
822 2338 911 2376 ἡμῶν
926 2337 1121 2378 παρατρὼξῃ.

169 2372 241 2395 ΧΧΙ.
258 2378 278 2395 ι.
293 2373 436 2402 Faustum,
458 2380 492 2397 an
507 2376 634 2399 miserum
654 2378 703 2406 ipsi
722 2377 803 2401 finem
823 2376 1020 2401 ostendentem.
1038 2378 1103 2401 Nam
1119 2382 1149 2401 ex
1167 2377 1280 2408 genitali
1298 2378 1364 2404 hora
1381 2377 1467 2402 horo·
1504 2384 1531 2418 „f

133 2411 235 2436 scopus
249 2408 403 2437 regebatur,
418 2410 490 2433 unde
504 2411 561 2434 tota
574 2411 620 2435 ina
632 2413 746 2436 scientia
756 2413 864 2442 yenesis
877 2414 905 2436 et
917 2413 1054 2442 yenitura
1067 2414 1211 2443 appellata.

167 2442 250 2468 xxu.
269 2449 289 2468 ι.
303 2445 410 2470 sectam
428 2444 559 2475 cujusque
573 2452 676 2473 eorum.
686 2460 714 2465 —
725 2453 748 2472 a.
761 2448 900 2478 Epicureis
913 2448 1071 2478 praesertim.
1082 2461 1111 2466 —
1124 2454 1145 2473 ³.
1165 2449 1256 2475 stoici.
1268 2461 1294 2468 —
1305 2453 1326 2475 1.
1343 2450 1388 2475 Sc.
1403 2452 1466 2474 esse
1512 2428 1530 2451 ὴ
