1539 2668
451 132 489 162 A.
512 133 551 162 U.
572 133 607 162 C.
632 133 704 162 812.
728 134 764 162 A.
789 135 823 163 C.
848 135 899 164 59.
1281 139 1342 170 213

16 219 133 252 quam,
150 217 215 240 non
228 208 306 240 aetas
322 208 379 240 aut
391 208 453 239 acti
469 208 605 240 honores
621 208 868 251 impedimento,
887 212 1059 252 quominus
1076 213 1177 245 Graeci
1199 213 1344 247 Latinive

17 257 186 290 histrionis
199 258 299 287 artem
316 258 500 287 exercerent
517 264 619 296 usque
641 257 679 287 ad
698 260 807 296 gestus
833 259 1011 299 modosque
1027 260 1112 291 haud
1127 260 1245 293 viriles.
1264 261 1345 302 quin

18 304 52 337 et
67 304 199 336 feminae
215 303 360 334 illustres
381 302 539 334 deformia
555 303 728 343 meditari;
747 306 972 346 exstructaque
994 307 1081 347 apud
1098 316 1232 348 nemus,
1257 308 1345 348 quod

17 350 125 384 navali
141 352 254 390 stagno
271 350 505 390 circumposuit
519 353 683 390 Augustus
702 350 726 390 ²,
745 352 974 385 conventicula
990 355 1023 385 et
1039 363 1214 395 cauponae,
1235 356 1268 386 et
1286 363 1345 395 po·

18 399 82 431 sita
99 407 181 430 veno
197 397 397 429 irritamenta
412 396 515 428 luxui.
536 397 759 438 dabanturque
776 399 876 440 stipes
892 399 919 440 ³,
937 409 1017 441 quas
1043 401 1120 433 boni
1142 401 1345 440 necessitate,

17 446 271 486 intemperantes
287 445 386 485 gloria
401 446 639 476 consumerent.
666 446 743 477 Inde
760 447 894 485 gliscere
911 447 1030 488 flagitia
1052 450 1085 480 et
1110 448 1266 488 infamia3
1287 455 1347 478 nec

18 494 84 527 ulla
98 493 242 525 moribus
264 492 340 523 olim
365 492 524 532 corruptis
540 492 612 532 plus
630 493 800 525 libidinum
823 495 1037 527 circumdedit
1057 505 1155 536 quam
1177 496 1232 528 illa
1249 494 1348 527 colhi-

18 543 100 575 vies.
116 541 170 572 vix
197 540 321 572 artibus
338 539 479 571 honestis
495 540 599 580 pudor
615 541 792 581 retinetur;
818 543 936 574 nedum
962 544 1046 576 inter
1061 544 1240 576 certamina
1257 542 1349 574 vitio-

19 599 92 621 rum
116 588 271 629 pudicitia
300 590 357 619 aut
380 587 541 618 modestia
574 589 629 619 aut
656 589 830 629 quicquam
858 591 949 630 probi
983 592 1083 623 moris
1116 592 1347 623 reservaretur.

19 638 206 669 Postremus
220 636 287 675 ipse
303 643 432 666 scenam
449 635 591 675 incedit,
606 637 707 667 multa
722 646 799 668 cura
814 640 941 669 tentans
958 639 1114 670 citharam
1130 640 1162 671 et
1177 637 1350 679 praemedi-

18 684 91 715 tans
108 683 346 715 assistentibus.
366 682 463 713 sacries
485 685 658 715 accesserat
674 683 701 723 ⁴,
716 684 831 716 cohors
854 686 1011 725 militum,
1031 687 1237 718 centuriones
1249 685 1352 717 tribu-

19 731 119 771 nique
139 732 171 762 et
197 738 337 761 moerens
362 734 483 760 Burrus
499 738 536 760 ac
565 730 712 762 laudans.
742 734 882 772 tuncque
911 734 1050 774 primum
1079 733 1254 774 conscripti
1275 733 1352 765 sunt

19 778 153 818 Equites
169 777 306 809 Romani
323 779 539 816 cognomento
556 779 860 818 Auyustcmorum,
878 783 972 812 aetate
988 790 1026 812 ac
1039 781 1155 812 robore
1171 779 1352 820 conspicui,

21 826 54 856 ct
67 833 142 865 pars
154 823 281 864 ingenio
298 832 459 863 procaces,
473 823 527 854 alii
544 823 577 854 in
591 832 646 863 spe
663 827 817 863 potentiae
828 827 853 857 ⁵.
872 827 903 858 hi
918 828 986 859 dies
1003 836 1041 858 ac
1059 829 1171 858 noctes
1186 826 1354 868 plausibus

20 881 195 913 personare
209 872 345 903 sormam
364 871 521 911 Principis
532 880 712 911 vocemque
725 873 822 904 deum
834 874 1000 905 vocabulis
1016 875 1244 915 a1›pellantes⁵;
1261 871 1354 914 quasi

20 929 77 961 per
89 920 244 951 virtutem
258 919 333 950 clari
351 918 562 958 honoratique
579 927 672 958 agere
682 919 706 949 ⁷.

62 970 144 1000 XVI.
157 970 204 999 Ne
216 968 325 998 tamen
343 966 474 998 ludicrae
485 968 612 998 tantum
624 966 832 1006 Imperatoris
845 968 929 999 artes
942 969 1158 1007 notescerent,
1173 968 1355 999 carminum

21 1023 152 1056 quoque
176 1014 323 1046 studium
340 1014 518 1050 affectavit,
546 1014 719 1045 contractis
743 1014 861 1053 quihus
875 1015 982 1055 aliqua
1005 1016 1164 1056 pangendi
1195 1015 1353 1054 facultas,

22 1062 162 1094 necdum
178 1061 310 1099 insignis
326 1062 404 1092 erat.
423 1061 455 1091 hi
469 1061 563 1092 acciti
582 1061 749 1092 considere
763 1062 861 1092 simul
875 1064 906 1093 et
918 1063 1033 1094 allatos
1048 1064 1099 1094 vel
1117 1063 1237 1094 ibidem
1253 1071 1356 1102 reper-

22 1112 74 1141 tos
88 1117 201 1140 versus
215 1111 406 1139 connectere
421 1110 517 1148 atque
534 1108 637 1148 ipsius
654 1108 753 1139 verba
777 1118 908 1149 quoquo
922 1110 1019 1141 modo
1045 1111 1170 1150 prolata
1194 1110 1353 1150 supplere.

24 1156 112 1197 quod
124 1155 246 1195 species
263 1155 332 1195 ipsa
351 1155 533 1185 carminum
554 1154 649 1185 docet
663 1179 671 1193 ,
686 1164 752 1185 non
771 1156 894 1195 impetu
914 1158 946 1187 et
963 1157 1117 1188 instinctu
1133 1166 1191 1188 nec
1208 1165 1263 1187 ore
1290 1163 1356 1186 uno

24 1204 138 1235 fluens.
157 1202 258 1233 Etiam
280 1201 446 1241 sapientire
476 1200 664 1232 doctoribus
694 1204 823 1241 tempus
853 1203 1059 1242 impartiebat
1084 1206 1157 1243 post
1173 1204 1302 1243 epulas,
1322 1204 1357 1232 ut

24 1249 184 1281 contraria
201 1248 455 1280 asseverantium
469 1247 641 1279 discordiae
661 1251 853 1279 eruerentur
871 1250 877 1266 ¹
892 1260 901 1288 ;
920 1258 978 1281 nec
995 1250 1129 1281 deerant
1146 1251 1200 1290 qui
1214 1258 1269 1280 ore
1287 1249 1355 1280 vul-

23 1299 124 1337 tuque
139 1296 224 1328 tristi
243 1296 326 1327 inter
344 1295 580 1326 oblectamenta
598 1294 683 1334 regia
704 1296 842 1334 spectari
856 1299 1024 1336 cuperent.

65 1347 162 1375 xvn.
187 1342 252 1374 Sub
270 1343 354 1373 idem
373 1345 500 1381 tempus
514 1341 578 1372 levi
590 1342 798 1373 contentione
812 1346 904 1374 atrox
921 1343 1025 1376 caedes
1042 1345 1113 1375 orta
1130 1344 1213 1375 inter
1227 1344 1357 1375 colonos

24 1391 203 1423 Nucerinos
221 1390 508 1429 Pompeianosque,
537 1388 725 1428 gladiatorio
742 1390 946 1430 spectaculo,
963 1391 1050 1430 quod
1070 1391 1235 1422 Livineius
1252 1395 1357 1430 Regu-

24 1438 94 1477 lus,
108 1446 206 1478 quem
220 1438 344 1467 motum
365 1439 478 1467 senatu
497 1435 590 1466 retuli
610 1435 634 1475 ¹,
651 1435 777 1466 edebat.
795 1436 915 1476 quippe
931 1438 1092 1477 oppidana
1115 1438 1250 1468 lascivia
1277 1438 1343 1468 invi

25 1494 95 1517 cem
117 1487 312 1517 incessentes
328 1484 466 1524 probra,
499 1483 615 1514 deinde
643 1491 739 1522 saxa,
764 1487 925 1523 postremo
948 1485 1069 1516 ferrum
1093 1493 1279 1525 sumpsere,
1303 1494 1358 1516 va—

24 1531 141 1564 lidiore
170 1532 439 1572 Pompeianorum
475 1530 586 1570 plebe,
614 1530 698 1569 apud
729 1540 810 1570 quos
834 1533 1052 1571 spectaculum
1086 1532 1251 1564 edebatur.
1284 1541 1357 1571 ergo

26 1579 187 1620 deportati
202 1582 277 1610 sunt
294 1579 326 1609 in
345 1578 463 1610 Urbem
488 1577 583 1608 multi
599 1586 616 1608 e
632 1578 801 1608 Nucerinis
820 1580 936 1610 trunco
950 1589 1006 1620 per
1022 1580 1155 1611 vulnera
1173 1588 1306 1619 corpore
1322 1579 1332 1597 2
1347 1605 1356 1619 ,

26 1636 64 1658 ac
80 1627 223 1667 plerique
239 1627 427 1658 liberorum
440 1627 503 1657 aut
511 1627 702 1665 parentum
714 1627 838 1656 mortes
853 1627 1024 1658 deflebant.
1038 1627 1130 1666 quus
1145 1627 1358 1666 reijudiciuni

25 1675 178 1714 Princeps
194 1674 340 1711 senatui,
361 1675 491 1704 senatus
507 1672 694 1703 consulibus
711 1673 869 1712 permisit.
891 1676 923 1705 et
940 1683 1052 1705 rursus
1070 1683 1104 1707 re
1120 1674 1160 1705 ad
1186 1677 1293 1705 Patres
1308 1682 1357 1704 re-

26 1721 92 1753 lata
106 1721 258 1762 prohibiti
276 1721 404 1761 publice
421 1721 453 1752 in
477 1720 589 1751 decem
606 1728 709 1751 annos
723 1721 883 1759 ejusmodi
900 1723 984 1752 coetu
1000 1721 1199 1762 Pompeiani,
1215 1721 1358 1761 collegia-

25 1778 92 1811 que
108 1768 119 1786 ³
138 1778 212 1808 quac
227 1770 339 1799 contra
362 1769 446 1807 leges
460 1767 688 1806 instituerant,
706 1767 884 1808 dissoluta3
906 1768 1069 1800 Livineius
1083 1769 1114 1799 et
1133 1768 1186 1808 qui
1203 1768 1257 1800 alii
1273 1768 1357 1800 sedi-

28 1816 151 1847 tionem
168 1816 399 1853 couciverant,
423 1814 536 1846 exsilio
551 1814 676 1844 multati
696 1817 785 1845 sunt.

70 1865 182 1894 XVIII.
206 1864 312 1893 Motus
326 1864 438 1892 senatu
459 1864 491 1892 et
509 1860 625 1891 Pedius
650 1860 772 1891 Blaesus
795 1861 1020 1893 accusantibus
1038 1862 1274 1902 Cyrenensibus
1294 1864 1356 1893 υἱο-

31 1909 144 1941 latum
162 1909 206 1940 ab
223 1917 259 1940 eo
283 1908 484 1939 thesaurum
497 1907 710 1945 AEsculaptt¹
729 1906 966 1947 delectumque
984 1909 1174 1939 militarem
1189 1910 1303 1948 prelio
1325 1910 1359 1939 et

29 1956 214 1988 ambitione
231 1957 435 1995 corruptum
447 1953 473 1985 ².
492 1953 591 1984 Iidem
605 1957 804 1992 Cyrenenses
823 1963 912 1985 reum
926 1954 1064 1994 agebant
1079 1954 1213 1986 Acilium
1233 1955 1358 1987 Strabo-

31 2012 106 2035 nem
123 2003 275 2044 praetoria
297 2003 456 2043 potestate
479 2009 575 2032 usum
597 2003 629 2032 et
647 2000 783 2032 missum
799 2000 1050 2041 disceptatorem
1068 2010 1087 2033 a
1110 2001 1244 2033 Claudio
1265 2011 1358 2042 agro-

31 2096 135 2120 sionem
150 2094 225 2118 dedit
234 2093 319 2117 barba
332 2099 393 2117 rasa
404 2093 535 2122 juvenum
546 2092 573 2115 in
584 2091 656 2115 viros
671 2092 881 2115 transeuntium.
893 2104 921 2108 -
935 2096 958 2115 2.
977 2091 1008 2114 V.
1024 2091 1084 2120 XII,
1099 2096 1190 2115 isa—5.
1209 2092 1250 2116 Sc.
1266 2092 1298 2116 ad
1315 2091 1357 2115 lu—

32 2130 96 2157 dos;
107 2135 140 2154 ex
152 2135 211 2158 usu,
223 2129 270 2152 sed
280 2128 343 2152 olim
355 2129 578 2152 honestiore—4.
594 2127 662 2150 Dum
675 2126 916 2155 praemeditabatur
929 2126 1079 2155 Nero,loco
1090 2128 1246 2151 accesserat
1255 2128 1357 2156 species

33 2166 216 2189 consentanea
230 2164 276 2188 tali
289 2163 446 2193 spectaculo
461 2169 467 2185 :
482 2162 643 2192 frequentia,
659 2162 757 2185 attenti
772 2161 871 2190 vultuS,
890 2161 1013 2185 custodia
1027 2162 1120 2191 major,
1136 2163 1243 2186 eta—13.
1254 2163 1357 2192 Repete

29 2205 180 2230 procaces;
194 2200 255 2230 quia
267 2199 416 2229 potentiam
431 2198 589 2228 sperabant.
608 2197 687 2221 Plura
701 2196 734 2220 de
750 2196 793 2219 his
810 2197 974 2226 Augustanis
984 2197 1097 2221 sueton.
1113 2203 1136 2221 c.
1147 2202 1185 2227 20,
1199 2202 1288 2223 ziz-o.
1304 2198 1359 2221 Vo-

34 2241 93 2260 cem
104 2235 248 2263 caelestem,
258 2235 344 2265 ipsum
359 2234 586 2264 Apollinem—⁷.
604 2233 710 2259 Vivere,
725 2237 793 2255 esse.

66 2271 137 2295 XVI.
150 2276 169 2294 ι.
184 2270 214 2293 ln
224 2270 311 2294 lucem
326 2269 521 2300 proferrentur,
536 2269 710 2298 apparerent.

64 2305 147 2330 XVII.
162 2311 182 2330 ι.
197 2305 228 2329 ln
241 2305 384 2335 deperdita
401 2304 479 2334 parte
492 2303 703 2328 Annalium-2.
718 2301 759 2326 Ad
776 2301 977 2326 accusationem
988 2302 1215 2332 Pompeianorum
1230 2302 1257 2326 et
1269 2302 1359 2332 speci-

34 2345 96 2364 mcn
108 2340 300 2364 facinoris—⁵.
311 2339 449 2365 sodalitia.

64 2376 157 2402 xvssl.
170 2381 193 2400 ι.
208 2376 288 2405 Cujus
299 2375 430 2406 templum
438 2374 546 2401 celebre
559 2374 588 2400 et
609 2373 730 2398 donariis
747 2371 826 2397 dives
837 2372 1133 2406 eratCyrenae.-2.1ta
1146 2373 1176 2398 ut
1190 2373 1359 2400 vacationem
