1539 2668
139 174 201 205 372
498 167 632 197 TAcrrl
654 166 932 197 HISTORIARUM
955 165 1029 196 LIB.
1053 165 1107 196 lv.

134 246 183 271 sed
199 251 249 271 nec
265 243 297 267 iis
310 246 363 267 nec
378 239 490 270 reliquis
509 239 664 264 civitatibus
678 244 731 263 nec
745 238 808 268 ipsis
824 238 937 263 ducibus
953 239 1017 263 satis
1037 237 1140 262 consilii
1155 243 1186 262 ac
1203 238 1362 262 concordiae.
1376 239 1463 264 Tutor

135 281 170 305 ad
186 279 307 308 Bingium
327 277 499 301 victus—⁷1.
514 275 623 300 Petilius
638 274 751 299 Cerialis
770 275 969 304 Magontiacum
983 275 1072 302 venit,
1093 280 1154 303 spes
1172 274 1352 298 Romanorum
1370 275 1461 304 erigit.

135 315 306 339 valentinum
320 313 415 336 ducem
430 316 526 340 magna
540 312 633 339 strage
646 311 775 334 affectum
789 311 943 339 capit—72.
956 311 1088 334 Treveros
1102 309 1194 333 intrat.
1208 309 1337 333 militibus
1351 309 1463 332 exitium

135 352 210 374 urbis·
224 347 398 378 poscentibus
411 347 521 371 resistit.
537 347 624 369 victas
634 346 755 375 legiones
768 347 795 370 in
803 347 891 369 castra
904 345 1081 374 recipit—75,
1092 349 1130 367 ⁷4.
1146 346 1278 368 Treveros
1292 346 1319 368 et
1329 345 1463 373 Lingones

135 385 216 409 oflicii
234 384 439 408 sulmonem-75.
457 382 547 406 Civilis
562 383 589 404 et
603 381 738 405 Classicus
756 382 790 405 ad
801 381 931 405 Cerialem
944 380 1049 404 litteras
1064 380 1189 407 mittunt,
1205 380 1238 403 ad
1252 379 1372 409 quasille
1383 378 1460 402 nihil.

134 426 199 444 -7ae;.
217 419 307 443 Civilis
321 418 514 446 cunctandum,
528 417 614 440 Tutor
628 418 656 440 et
668 417 802 441 Classicus
815 417 907 440 statim
925 415 1098 445 pugnandum
1113 416 1314 444 statuunt-7⁷,
1329 420 1368 439 78.
1385 415 1463 438 atrox

135 456 267 485 pru—llum,
285 460 337 483 quo
352 453 463 477 Cerialis
478 453 555 475 initio
570 453 666 481 victus,
683 458 743 476 mox
755 452 842 476 victor
853 453 942 475 castra
956 452 1074 475 hostium
1090 451 1234 474 exscindit.
1246 462 1275 468 --
1285 455 1322 474 79.
1339 449 1464 479 Agrippi·

133 496 231 514 nenses
247 497 260 514 a
275 491 415 513 Germanis
429 488 671 512 desciscunt—80.
688 489 828 512 Mucianus
847 487 945 511 Vitellii
959 487 1042 510 filium
1057 486 1197 510 interficit.
1215 486 1345 510 Antonius
1359 485 1464 510 Primus

133 526 165 549 ad
181 526 370 555 Vespasianum
384 523 523 553 profectus
537 528 590 546 non
604 529 653 552 pro
664 529 712 552 spe
723 524 937 552 excipitur.-8l.
951 522 1040 546 Multis
1052 521 1186 545 miraculis
1200 522 1314 545 coelestis
1328 521 1355 544 in
1366 521 1463 550 Vespa-

133 561 237 584 sianum
253 562 327 584 tavor
343 561 476 583 ostensus.
490 558 547 587 ipse
561 559 701 582 oculorum
715 558 776 581 tabe
791 559 892 585 notum,
907 558 987 581 alium
1003 563 1082 580 manu
1096 563 1196 586 aegrum
1211 557 1321 580 sanitati
1333 556 1462 584 restituit,

135 602 202 619 —1322
223 596 400 619 confirmatur
417 594 506 617 omine
520 593 547 617 in
561 593 664 622 templo
679 593 895 622 Serapidis—85,
911 598 948 616 84.
965 593 1040 622 cujus
1055 593 1132 622 origo
1143 593 1317 621 sinopensis,
1332 590 1462 620 templum

134 631 304 655 Alexandriae
318 629 499 659 magnificum,
514 635 623 653 nomen.
635 642 662 645 -
674 634 708 653 aa.
725 629 881 652 Valentinus
896 628 1026 657 supplicio
1044 628 1167 651 affectus.
1180 640 1206 644 —
1218 633 1255 651 ac.
1274 628 1461 655 Domitianus,

133 666 234 690 frustra
260 667 367 690 tentato
390 665 495 689 Ceriale
518 670 552 688 an
575 664 625 688 sibi
646 665 795 688 exercitum
817 664 1016 693 imperiumque
1037 663 1185 687 traditurus
1202 663 1291 692 toret,
1308 662 1463 687 litterarum

132 703 250 724 stuuium
269 703 296 726 et
308 706 428 724 amorem
443 700 594 724 carminum
609 699 724 723 simulat.

162 738 241 760 uesta
255 737 312 761 liaec
326 737 424 766 partim
436 736 532 760 eodem
547 741 626 764 anno,
638 735 737 765 partim
749 735 888 764 sequentis
900 734 989 758 initio.

726 812 872 823 ——m—

174 885 185 912 1
218 879 389 911 interfecto
405 878 534 909 Vitellio
551 877 672 909 bellum
690 877 791 917 magis
807 875 959 914 desierat,
983 884 1079 915 quam
1098 884 1160 915 pax
1177 875 1330 915 coeperat.
1345 876 1460 907 armati

129 937 186 968 per
197 927 315 959 Urbem
330 926 470 957 victores
483 925 679 965 implacabili
694 924 769 955 odio
785 924 892 955 victos
903 923 1181 955 consectabantur.
1198 923 1301 963 plenae
1315 922 1463 954 caedibus

131 975 192 1005 viae
206 999 214 1012 ‚
234 975 368 1005 cruenta
389 973 458 1004 fora
479 973 666 1012 templaque
679 996 686 1010 ‚
703 970 820 1011 passim
844 970 1031 1010 trucidatis,
1051 974 1086 1001 ut
1101 979 1261 1010 quemque
1282 970 1348 1000 fors
1367 969 1460 1001 obtu-

130 1022 222 1053 lerat.
240 1030 277 1052 ac
291 1030 367 1052 mox
387 1022 580 1060 augescente
598 1019 729 1050 licentia
744 1019 883 1050 scrutari
897 1027 933 1049 ac
948 1018 1134 1059 protrahere
1148 1018 1297 1057 abditos;
1319 1017 1345 1048 si
1365 1026 1461 1057 quem

128 1076 301 1107 procerum
324 1068 437 1099 babitu
462 1069 494 1098 et
514 1067 649 1105 juventa
672 1070 926 1105 conspexerant,
949 1065 1179 1104 obtruncare',
1206 1065 1296 1096 nullo
1321 1064 1462 1096 militum

129 1120 186 1148 aut
204 1116 314 1156 populi
333 1115 531 1146 discrimine.
552 1123 625 1154 quae
641 1114 767 1144 saevitia
790 1113 974 1143 recentibus
988 1113 1071 1143 odiis
1087 1112 1243 1151 sanguine
1259 1112 1463 1153 explebatur,

129 1165 203 1195 dein
224 1164 364 1194 verterat
379 1163 410 1193 in
425 1162 609 1193 avaritiam.
626 1160 706 1191 nillil
725 1169 863 1200 usquam
879 1161 1040 1191 secretum
1056 1161 1110 1190 aut
1132 1160 1278 1190 clausum
1293 1159 1462 1200 sinebant,

133 1211 335 1244 Vitellianos
350 1210 518 1241 occultari
537 1209 739 1240 simulantes.
764 1208 896 1239 initium
916 1207 947 1238 id
964 1207 1267 1248 perfringendarum
1283 1207 1440 1238 domuum
1454 1230 1464 1247 ,

129 1259 180 1289 vrl
199 1258 224 1288 si
242 1258 454 1297 resisteretur,
469 1265 565 1288 causa
582 1256 699 1294 eaedis3
718 1264 776 1286 nec
795 1256 904 1286 deerat
919 1255 1144 1294 egentissimus
1159 1254 1294 1294 quisque
1311 1263 1328 1285 e
1349 1254 1442 1294 plebe
1454 1278 1462 1292 ‚

129 1309 161 1337 ct
179 1305 311 1345 pessimi
332 1305 540 1335 servitiorum
556 1304 692 1344 prodere
711 1303 796 1334 ultro
817 1303 901 1334 dites
918 1303 1067 1334 dominos
1087 1312 1094 1333 ε
1115 1302 1168 1333 alii
1186 1302 1226 1333 ab
1243 1302 1356 1333 amicis
1374 1311 1464 1333 mon-

128 1353 324 1386 strabantur.
361 1352 480 1392 ubique
501 1352 655 1390 lamenta,
680 1351 954 1381 conclamationes
980 1352 1012 1382 et
1036 1349 1199 1381 sortunae2
1227 1351 1330 1390 captae
1350 1349 1463 1388 urbis,

128 1401 209 1431 advo
228 1402 262 1431 ut
284 1400 459 1431 Othoniani
480 1399 709 1438 Vitellianique
728 1398 840 1429 militis
858 1398 1018 1429 invidiosa
1042 1398 1160 1429 antea³
1179 1397 1358 1438 petulantia
1378 1397 1461 1428 desi-

127 1448 304 1478 deraretur.
321 1448 420 1478 duces
435 1447 572 1486 partium
588 1445 795 1477 accendendo
813 1445 899 1476 civili
914 1444 997 1475 bello
1011 1454 1112 1482 acres,
1129 1444 1348 1484 temperandae
1362 1444 1460 1474 victo·

129 1494 186 1524 riae
211 1495 368 1534 impares:
385 1495 504 1534 quippe
524 1494 556 1524 iu
573 1493 685 1524 turbas
700 1496 732 1524 et
753 1492 931 1524 discordias
946 1492 1083 1532 pessimo
1101 1493 1217 1533 cuique
1238 1491 1375 1532 plurima
1392 1491 1463 1530 vis-7

128 1552 188 1582 pax
208 1544 239 1573 et
257 1542 347 1581 quies
364 1542 459 1572 bonis
477 1541 604 1572 artibus
620 1540 773 1580 indigent.

171 1593 209 1620 ll.
236 1594 356 1620 Nomen
373 1589 547 1628 sedemque
562 1588 568 1605 ¹
587 1588 725 1620 Caesaris
738 1587 938 1618 Domitianus
955 1587 1122 1626 acceperat
1137 1595 1144 1616 2
1160 1586 1304 1616 nondum
1315 1585 1353 1616 ad
1369 1593 1462 1618 curas

128 1636 272 1667 intentus
284 1660 292 1675 ‚
321 1636 378 1667 sed
401 1636 520 1675 stupris
548 1636 581 1666 et
610 1634 776 1665 adulteriis
802 1633 901 1664 filium
928 1634 1086 1673 Principis
1112 1633 1237 1671 agebat.
1269 1632 1461 1672 praefectura

129 1683 271 1722 prsrlorii
290 1691 388 1722 penes
415 1682 543 1713 Arrium
565 1685 707 1720 Varum,
738 1689 863 1711 summa
887 1680 1040 1719 potentiae
1067 1681 1098 1710 in
1128 1681 1234 1711 Primo
1264 1679 1411 1710 Antonio.
1435 1680 1462 1710 is

128 1729 296 1770 pecuniam
322 1729 542 1767 familiamque
573 1737 590 1759 e
626 1727 786 1767 Principis
809 1726 907 1757 domo
931 1728 1021 1765 qnasi
1042 1731 1292 1757 Cremonensem
1316 1725 1459 1765 praedam

130 1786 250 1815 rapere.
268 1776 364 1807 ceteri
384 1775 542 1806 modestia
556 1776 605 1805 vel
622 1774 820 1814 ignobilitate
835 1775 871 1804 ut
888 1774 920 1804 in
938 1774 1020 1804 bello
1034 1774 1178 1811 obscuri,
1194 1774 1239 1804 ita
1253 1773 1461 1813 praemiorum

129 1823 310 1863 expui-taff.
329 1823 443 1854 civitas
459 1822 579 1863 pavida
596 1824 628 1852 et
644 1821 776 1852 servitio
794 1822 905 1861 parata
918 1823 1080 1861 occupari
1092 1820 1103 1838 ³
1120 1820 1320 1852 redeuntem
1339 1822 1463 1852 Terra-

129 1874 206 1903 cina
227 1873 259 1901 L.
280 1871 455 1901 Vitellium
467 1878 545 1901 cum
556 1868 751 1901 cohortibus
764 1870 1002 1908 exstinquique
1016 1868 1153 1908 reliqua
1168 1868 1249 1899 belli
1264 1867 1459 1908 postulabat.

129 1917 286 1958 lii-aunis&
301 1917 437 1948 Ariciam
454 1917 597 1956 equites;
617 1925 731 1956 agmen
747 1915 909 1955 legionum
930 1915 1015 1946 intra
1032 1915 1168 1946 Bovillas
1185 1914 1284 1946 stetit.
1303 1923 1364 1946 nec
1380 1923 1462 1946 cun·

129 1969 236 1995 emtus
252 1967 301 1995 est
318 1964 464 1995 Vitellius
480 1972 578 2004 seque
593 1965 626 1995 et
643 1963 791 1994 cohortes
805 1962 938 1994 arbitrio
955 1962 1087 1993 victoris
1102 1963 1299 2002 permittere.
1318 1965 1351 1993 et
1367 1962 1462 1994 miles

130 2011 268 2042 infelicia
284 2020 372 2042 arma
389 2011 475 2042 haud
491 2012 599 2041 miuus
615 2010 662 2041 ira
676 2019 773 2050 quam
790 2011 877 2041 metu
896 2009 1025 2048 abjecit.
1044 2010 1157 2049 longus
1170 2009 1352 2041 deditorum
1367 2011 1460 2050 ordo,

131 2063 240 2098 septus
264 2059 415 2097 armatis,
433 2067 489 2099 per
515 2058 635 2090 Urbem
656 2057 805 2095 incessit,
824 2066 920 2089 nemo
941 2058 1078 2098 supplici
1095 2058 1188 2090 vultu
1205 2082 1213 2097 ,
1230 2057 1286 2089 sed
1311 2058 1415 2088 tristes
1431 2060 1461 2089 et

132 2109 240 2136 tvm-os
264 2108 296 2136 et
322 2105 493 2137 adversum
521 2106 654 2146 plausus
680 2114 718 2136 ac
742 2105 907 2137 lasciviam
933 2105 1121 2136 insultantis
1152 2105 1237 2145 vulgi
1263 2104 1458 2136 immobiles.

133 2162 252 2193 paucos
269 2161 438 2193 erumpere
451 2162 547 2184 ausos
564 2152 763 2193 circumjecti
785 2161 949 2193 pressere;
968 2153 1066 2183 ceteri
1082 2153 1115 2183 in
1128 2152 1310 2184 custodiam
1324 2151 1460 2183 conditi.

135 2200 211 2230 nihil
228 2201 400 2241 quisquam
418 2200 545 2232 locutus
560 2200 747 2240 indignum,
765 2203 797 2232 et
813 2208 1010 2240 quamquam
1028 2200 1110 2231 inter
1124 2201 1275 2240 adversa,
1290 2200 1380 2231 salva
1397 2200 1460 2230 vir-

164 2298 182 2320 l.
204 2303 222 2320 ι.
240 2298 321 2326 Quasi
333 2298 524 2323 Germanicum
537 2298 659 2327 militem,
675 2299 720 2328 qui
737 2298 896 2329 plerumque
910 2298 1016 2329 proceri
1035 2298 1070 2328 (v.
1089 2299 1180 2322 Germ.
1200 2304 1224 2322 c.
1237 2297 1309 2328 5)-
1320 2303 1345 2323 2.
1360 2298 1460 2323 Plurali

133 2333 293 2391 Edteavzrdff)
301 2334 405 2392 sspliffis
418 2334 542 2363 fortunae,
555 2335 584 2358 ut
597 2339 709 2364 quaeque
726 2334 837 2364 singulis
849 2335 946 2358 civium
959 2335 1089 2358 evenerat
1103 2334 1130 2357 in
1143 2335 1221 2363 capta
1239 2333 1349 2358 urbe.--
1360 2339 1382 2358 5.
1396 2334 1462 2364 Quae

164 2402 196 2426 ll.
213 2408 232 2427 ι.
251 2403 393 2429 Palatium.
408 2404 448 2429 De
461 2410 491 2430 re
505 2404 578 2430 conf.
591 2405 689 2436 Aqrec.
706 2410 732 2430 o.
744 2405 821 2430 7.-2.
840 2406 928 2436 Junge
941 2405 1014 2430 dicta
1028 2405 1123 2429 similia
1135 2405 1179 2433 lll,
1193 2409 1284 2429 ,τι-5-
1304 2403 1459 2430 Praeveniri.
