1539 2668
134 159 191 188 112
527 158 659 187 TACITI
680 158 888 188 ANNALIUM
910 160 981 188 LIB.
1003 160 1056 188 lv.

129 233 230 264 millia
246 240 395 273 passuum
413 230 535 262 ambitu
548 231 717 271 amplexus
731 233 800 271 est3
817 234 887 262 tum
904 232 1083 272 paullatim,
1099 232 1135 262 ut
1147 239 1264 272 aquam
1278 232 1446 273 pabulum-

129 289 191 320 que
216 280 370 320 eriperet,
399 278 589 309 contrahere
618 278 758 309 claustra
788 280 922 318 artaque
947 278 1147 310 circumdare
1173 289 1180 309 :
1206 280 1239 310 et
1263 281 1447 312 struebatur

128 336 240 367 agger,
255 325 339 357 unde
357 334 435 357 saxa
448 350 456 364 ,
475 325 562 364 ignes
577 326 793 365 propinquum
807 325 871 365 jam
885 326 917 357 in
931 326 1054 357 hostem
1068 325 1261 365 jacerentur.
1287 326 1343 358 sed
1366 326 1446 358 nihil

126 382 219 413 aeque
233 382 328 414 quam
342 373 411 404 sitis
424 372 586 411 fatigabat,
600 381 702 411 quum
718 372 829 412 ingens
845 373 1017 405 multitudo
1032 373 1235 412 bellatorum,
1253 373 1443 413 imbellium,

126 429 192 452 uuo
218 421 340 460 reliquo
359 421 445 451 fonte
468 421 646 451 uterentur.
672 420 767 451 simul
793 430 884 460 equae
899 445 907 460 ‚
935 423 1101 460 armenta,
1127 422 1163 452 ut
1191 429 1260 451 mos
1278 420 1444 460 barbaris,

124 467 216 506 juxta
234 467 360 504 clausa,
381 468 519 506 egestate
535 466 642 506 pabuli
660 467 849 506 exanimari3
864 468 1007 507 adjacere
1020 476 1152 508 corpora
1170 467 1347 505 hominum,
1364 475 1446 507 quos

125 514 270 553 vulnera,
279 523 359 554 quos
374 514 443 544 sitis
452 516 639 553 peremerat,
648 515 746 554 pollui
757 517 872 546 cuncta
880 515 980 554 sanie,
989 515 1097 552 odore,
1108 516 1269 546 contactu.
1283 514 1444 554 rebusque

123 561 281 599 turbatis,
300 561 422 591 malum
439 562 619 591 extremum
636 561 793 592 discordia
806 562 956 600 accessit,
974 562 1024 592 liis
1040 561 1233 592 deditionem
1246 585 1254 599 ,
1272 562 1342 592 aliis
1359 568 1442 591 mor-

121 609 188 639 tem
205 610 236 639 et
250 609 381 638 mutuos
394 607 517 638 interse
528 607 611 638 ictus
621 608 818 648 parantibus.
829 611 860 640 et
872 610 963 640 erant
972 609 1027 648 qui
1042 617 1107 639 11οη
1120 608 1274 639 ‘tntillum
1284 610 1441 645 mittunt,

122 654 181 686 sed
194 656 407 694 arreptionem
427 654 620 693 suaderent,
642 664 745 696 neque
761 655 917 695 ignobiles
930 680 938 695 ,
953 656 1101 695 quamvis
1118 655 1237 686 diversi
1260 654 1438 686 sententiis.

162 705 195 731 L.
213 705 331 732 Verum
345 711 362 732 e
379 701 517 732 ducibus
534 701 623 732 Dinis
636 727 644 741 ,
667 706 838 742 provectus
862 706 989 734 senecta
1005 704 1045 741 get
1070 702 1164 741 longo
1183 711 1242 733 usu
1262 702 1329 732 vim
1343 703 1441 741 atque

120 747 323 779 clementiam
339 752 515 779 Romanam
532 748 684 789 edoctus,
697 749 856 790 ponenda
870 758 990 787 arma,
1002 757 1112 780 unum
1127 748 1268 788 afflictis
1284 748 1320 779 ul
1338 755 1440 778 reme-

120 794 217 826 dium
231 795 415 826 disserebat.
436 796 625 836 primusque
651 805 684 828 se
698 806 772 828 cum
789 798 922 836 conjuge
944 799 977 828 et
994 797 1103 827 liberis
1122 795 1240 828 victori
1268 794 1413 836 permisit
1429 803 1439 824 ε

119 842 219 874 secuti
238 845 332 873 aetate
346 844 401 874 aut
415 851 493 874 sexu
510 843 679 883 imbecilli,
694 846 726 875 et
742 844 860 884 quibus
872 844 973 882 maJ'or
987 844 1061 875 vitae
1076 852 1172 883 quam
1189 843 1298 883 gloriae
1308 841 1436 881 cupido.

121 889 328 927 Atjuventus
344 893 477 920 Tarsam
501 890 584 921 inter
601 894 632 921 et
649 891 796 922 Turesim
822 890 1070 922 distrahebatur.
1093 890 1223 930 utrique
1242 890 1438 921 destinatum

117 945 192 967 cum
210 936 357 967 libertate
374 937 518 968 occidere
535 947 541 967 :
560 938 616 969 sed
630 940 747 978 Tarsa,
767 947 957 978 properum
963 938 1085 978 finem,
1101 936 1356 976 abrumpendas
1372 943 1436 975 pa·

117 985 202 1013 riter
223 992 298 1023 spes
315 992 356 1015 ac
369 986 480 1015 metus
494 985 681 1024 clamitans,
699 986 786 1016 dedit
802 986 986 1026 exemplum
1008 985 1147 1017 demisso
1160 985 1193 1015 in
1210 986 1322 1024 pectus
1339 983 1435 1014 ferro.

115 1038 174 1060 nec
190 1030 318 1061 defuere
339 1030 393 1070 qui
413 1032 525 1062 eodem
548 1033 645 1063 modo
662 1034 857 1072 oppeterent.
870 1033 997 1064 Turesis
1019 1041 1077 1063 sua
1099 1040 1172 1062 cum
1189 1039 1285 1061 manu
1309 1031 1436 1060 noctem

115 1078 294 1116 opperitur,
311 1076 397 1107 baud
424 1078 532 1109 nescio
551 1079 634 1109 duce
654 1081 774 1110 nostro.
799 1080 896 1119 igitur
911 1079 1047 1110 firmatae
1063 1078 1217 1109 stationes
1232 1075 1435 1108 densioribus

114 1123 227 1162 globis.
252 1125 283 1154 et
301 1123 468 1163 ingruebat
483 1134 546 1155 nox
563 1126 674 1156 nimbo
688 1128 797 1165 atrox,
822 1127 989 1166 hostisque
1011 1126 1149 1157 clamore
1163 1123 1292 1156 turbido
1306 1147 1314 1162 ,
1337 1123 1435 1154 modo

115 1179 171 1209 per
181 1172 308 1201 vastum
325 1171 489 1201 silentium
508 1172 647 1203 incertos
659 1173 841 1204 obsessores
854 1173 1015 1211 effecerat,
1030 1181 1129 1211 quum
1146 1170 1281 1202 Sabinus
1296 1169 1434 1200 circum-

114 1216 180 1255 ire,
212 1217 333 1248 hortari
347 1242 355 1256 ,
386 1226 426 1248 nc
452 1218 498 1249 ad
526 1218 689 1258 ambiqua
705 1220 840 1250 sonitus*
854 1221 918 1250 auc
935 1219 1207 1250 simultationem
1234 1218 1356 1257 quietis
1379 1225 1433 1248 ca-

112 1272 189 1294 sum
206 1263 446 1295 insidiantibus
464 1267 660 1305 aperirent,
672 1265 732 1298 sed
741 1274 807 1298 sua
820 1268 960 1307 quisquc
973 1267 1094 1297 munia
1107 1266 1287 1296 servarent
1302 1263 1433 1294 immoti

115 1310 257 1350 telisque
281 1319 346 1341 non
364 1313 399 1341 z'u
411 1311 676 1351 JhlsumJ'actz's.

154 1360 203 1388 LI.
229 1358 352 1387 Interea
365 1357 493 1389 barbari
507 1359 644 1390 catervis
657 1359 862 1391 decurrentes
879 1368 966 1390 nunc
983 1359 1014 1391 in
1028 1359 1149 1390 vallum
1166 1357 1328 1389 manualia
1340 1364 1430 1395 saxa,

112 1406 271 1444 praeustas
293 1404 388 1435 sudes
398 1428 406 1443 ,
421 1405 529 1435 decisa
545 1405 661 1437 robora
672 1407 776 1446 Jacere
786 1430 795 1445 ,
810 1416 896 1437 nunc
910 1407 1059 1446 virgultis
1072 1408 1103 1438 et
1116 1405 1257 1438 cratibus
1270 1406 1302 1436 et
1319 1412 1429 1443 corpo—

112 1450 201 1481 ribus
213 1450 370 1481 exanimis
387 1452 547 1491 complere
565 1452 684 1492 fossas3
705 1453 837 1493 quidam
862 1456 974 1494 pontes
1004 1456 1036 1485 et
1058 1454 1159 1484 scalas
1182 1454 1256 1484 ante
1282 1449 1429 1482 fabricati

111 1498 226 1528 inferre
246 1498 513 1538 propugnaculis,
532 1507 632 1539 eaque
645 1509 813 1540 prensare,
832 1500 997 1532 detrahere
1016 1502 1050 1532 et
1071 1501 1226 1531 adversus
1246 1498 1430 1529 resistentes

112 1544 258 1575 cominus
281 1544 358 1583 niti;
381 1545 472 1576 miles
501 1549 611 1578 contra
628 1547 801 1579 deturbare
817 1547 906 1588 telis,
925 1548 1040 1587 pellere
1058 1546 1271 1585 umbonibus,
1294 1543 1429 1576 muralia

111 1591 177 1631 pila
194 1591 218 1629 ¹,
235 1594 401 1630 congestas
411 1592 554 1632 lapidum
570 1594 670 1624 moles
692 1594 894 1634 provolvere.
912 1595 962 1625 his
979 1596 1079 1635 partae
1089 1593 1233 1626 victoriae
1248 1600 1319 1632 spes
1335 1593 1384 1629 et,
1401 1588 1427 1620 si

111 1638 245 1677 cedant,
260 1638 441 1677 insignitius
457 1639 611 1679 flagitium
624 1665 633 1680 ,
655 1641 718 1672 illis
734 1643 880 1673 extrema
894 1642 960 1681 Jam
977 1642 1064 1672 salus
1079 1641 1090 1658 ²
1115 1644 1146 1672 et
1159 1640 1341 1672 assistentes
1359 1636 1428 1677 ple·

109 1685 217 1724 risque
231 1687 348 1715 matres
364 1689 396 1716 et
412 1688 562 1726 conjuges
577 1696 752 1728 earumque
776 1689 915 1720 lamenta
936 1688 1059 1719 addunt
1080 1688 1289 1719 animosnox
1306 1684 1376 1716 aliis
1393 1684 1427 1713 in

111 1731 296 1769 audaciam,
321 1732 392 1763 aliis
408 1733 447 1763 ad
466 1733 668 1766 formidinem
692 1736 873 1776 opportuna
885 1759 894 1774 ,
912 1735 1026 1766 incerti
1041 1735 1143 1773 ictus,
1161 1733 1293 1765 vulnera
1308 1732 1426 1770 impro-

110 1778 199 1816 visa,
217 1787 350 1808 suorum
376 1781 474 1819 atque
499 1780 639 1812 hostium
663 1781 836 1821 ignoratio,
863 1784 895 1812 et
919 1782 1037 1813 montis
1058 1782 1204 1813 anfractu
1230 1784 1429 1820 repercussae

109 1825 200 1856 velut
215 1834 234 1855 a
251 1827 339 1864 tergo
360 1834 455 1857 voces
476 1827 555 1858 adeo
573 1830 690 1860 cuncta
703 1829 916 1868 miscuerant,
934 1831 971 1860 ut
987 1828 1136 1868 quaedam
1150 1826 1350 1859 munimenta
1363 1827 1427 1854 Ro-

110 1871 197 1903 mani
211 1872 302 1910 quasi
319 1875 469 1913 perrupta
485 1874 663 1906 omiserint.
679 1884 784 1916 neque
800 1877 909 1906 tamen
930 1884 1098 1915 pervasere
1117 1876 1226 1906 hostes
1239 1872 1305 1905 nisi
1318 1870 1426 1902 admo·

110 1918 189 1949 dum
206 1920 299 1957 pauci
316 1928 323 1948 :
340 1921 463 1951 ceteros
475 1943 483 1958 ,
507 1919 610 1952 deleto
626 1922 869 1961 promptissimo
885 1930 1015 1962 quoque
1036 1925 1092 1954 aut
1107 1921 1216 1954 saucio
1228 1944 1238 1961 ‚
1259 1919 1430 1960 appetente

106 1965 175 2004 jam
189 1965 260 1995 luce
271 1966 394 1997 trusere
408 1966 440 1997 in
457 1975 583 1998 summa
597 1969 719 2000 castelli
731 1992 740 2008 ,
756 1968 811 2000 ubi
826 1970 957 2001 tandem
967 1970 1078 2001 coacta
1088 1968 1207 2001 deditio
1216 1991 1226 2007 ,
1237 1970 1269 1998 et
1279 1965 1425 2007 proxima

110 2014 224 2051 sponte
239 2012 417 2044 incolarum
434 2017 571 2054 recepta.
587 2015 717 2056 reliquis
727 2039 736 2055 ,
748 2017 918 2056 quominus
931 2017 965 2048 vi
981 2018 1037 2049 aut
1051 2015 1176 2048 obsidio
1188 2014 1426 2053 subigerentur,

109 2060 304 2096 praematura
319 2061 439 2092 montis
454 2062 556 2092 Haemi
568 2063 601 2093 et
615 2071 703 2094 saeva
722 2063 824 2094 biems
841 2063 1003 2096 subvenit.

151 2108 215 2135 LII.
240 2107 279 2136 At
299 2110 409 2138 Romae
422 2110 584 2140 commota
601 2109 754 2150 Principis
767 2109 880 2150 domo,
896 2113 932 2142 ut
947 2110 1045 2142 series
1059 2108 1161 2141 futuri
1173 2108 1208 2140 in
1217 2106 1424 2147 Agrippinam

110 2151 199 2182 exitii
217 2151 390 2193 inciperet,
407 2154 537 2186 Claudia
552 2156 697 2198 pulchra,
716 2157 844 2189 sobrina
859 2166 946 2197 eJUS,
962 2156 1155 2198 postulatur,
1171 2155 1343 2186 accusante
1359 2156 1424 2184 Do-

109 2197 202 2228 mitio
227 2199 311 2229 Afro.
331 2199 358 2230 is
384 2209 492 2232 recens
516 2206 674 2243 praetura,
703 2204 847 2236 modicus
873 2203 1067 2244 dignationis
1083 2204 1116 2235 et
1139 2209 1269 2243 quoquo
1282 2199 1425 2231 facinore

108 2251 265 2284 properus
281 2245 470 2287 clarescere,
487 2250 615 2281 crimen
631 2251 871 2292 impudicitiae,
893 2251 1095 2284 adulterum
1119 2250 1308 2287 Furnium,
1327 2253 1424 2278 vene·

107 2367 214 2428 abilii:
235 2369 337 2400 Majora
357 2376 437 2401 quam
459 2372 504 2398 tua
522 2372 618 2402 qulbus
639 2375 668 2400 in
690 2376 750 2401 acle
773 2375 998 2401 utebantur.-2.
1014 2374 1090 2405 Quod
1100 2373 1156 2399 haec
1169 2375 1226 2399 erat
1245 2373 1365 2398 extrema
1374 2371 1419 2396 via
