1539 2668
101 138 139 168 82
490 136 621 165 TACITI
646 136 853 165 ANNALIUM
875 133 951 165 LIB.
977 136 1031 164 111.

97 212 286 251 stodunum,
300 210 373 241 dein
385 211 472 241 metu
489 208 660 240 deditionis
673 208 706 239 in
722 209 831 240 villam
845 208 1057 250 propinquam
1070 216 1144 239 cum
1159 207 1317 240 fidissimis
1339 217 1409 249 per-

97 261 153 301 git.
172 259 237 290 illic
255 266 312 289 sua
328 266 437 297 manu,
459 256 573 296 reliqui
592 256 713 287 mutuis
736 256 851 288 ictibus
881 256 1036 288 occidere.
1065 255 1195 286 incensa
1216 256 1313 295 super
1332 257 1409 288 villa

95 315 208 339 omnes
221 305 385 336 cremavit.

138 356 257 385 XLVII.
283 356 364 382 Tum
382 351 512 382 demum
527 350 672 381 Tiberius
686 351 791 382 ortum
808 350 1034 391 patratumque
1049 349 1168 381 bellum
1192 348 1319 381 senatui
1335 348 1411 380 sori·

95 402 177 442 psit;
190 407 292 439 neque
308 398 448 437 dempsit
464 399 518 428 aut
531 396 654 428 addidit
670 406 757 437 vero,
781 397 836 428 sed
845 396 918 436 fide
936 405 976 428 ac
990 398 1117 427 virtute
1132 395 1274 436 imatos,
1287 403 1322 427 se
1332 403 1410 426 con-

92 449 178 480 siliis
197 445 408 486 superfuisse
426 445 448 473 ¹.
468 444 563 475 simul
579 452 691 475 causas
706 468 714 483 ,
732 452 789 475 cur
806 453 871 474 non
887 444 970 483 ipse,
989 452 1051 474 non
1076 448 1196 474 Drusus
1218 442 1354 483 profecti
1372 442 1413 474 ad

95 494 129 526 id
143 493 259 525 bellum
277 492 394 531 forent,
412 491 570 530 adjunxit,
586 491 854 531 maqnitudinem
868 492 1001 530 imperii
1017 490 1183 527 extollens,
1197 497 1304 530 neque
1320 488 1412 521 deco-

97 549 177 574 rum
193 538 427 578 Principibus,
444 540 473 568 si
494 546 565 568 una
583 538 741 569 alte-rave
758 539 879 569 civitas
895 537 1045 576 turbcffl,
1062 539 1187 567 omissa
1206 536 1305 575 Urbe,
1320 535 1413 568 unde

95 592 132 621 in
149 588 266 619 omnia
282 587 433 625 reyimen
452 594 462 615 .-
476 593 587 624 nune,
611 587 694 625 quia
715 593 782 616 non
798 586 891 615 metu
905 584 1077 623 ducatur,
1095 585 1248 622 iturum,
1265 585 1306 615 ut
1317 592 1413 624 proe-

96 636 212 667 sentia
228 633 401 672 spectaret
415 634 706 672 componeretque.
723 636 898 663 Decrevere
920 633 1028 662 Patres
1042 631 1118 662 vota
1143 639 1200 670 pro
1223 630 1328 661 reditu
1344 630 1413 669 ejus

94 679 411 722 supplicationesque
433 681 465 709 et
486 678 547 709 alia
569 678 694 710 decora.
710 679 798 709 solus
821 678 980 709 Dolabella
998 677 1162 708 Cornelius
1175 701 1183 716 ,
1199 677 1277 708 dum
1293 677 1414 709 anteire

96 731 218 759 ceteros
236 727 348 766 parat,
369 724 542 756 absurdam
558 725 590 756 in
607 724 825 756 adulationem
843 733 1029 764 progressus
1042 748 1050 763 ,
1069 724 1191 755 censuit
1209 726 1251 755 ut
1275 733 1381 755 ovans
1397 733 1415 755 e

99 775 292 814 Campania
307 772 428 803 urbem
444 773 616 803 introiret.
635 772 730 811 igitur
745 774 864 803 secutae
878 772 1010 802 caesaris
1023 771 1150 810 litterae,
1167 771 1283 810 quibus
1297 779 1331 802 se
1347 780 1415 803 non

97 824 170 852 lam
187 828 335 851 vacuum
350 819 463 859 qloria
479 819 691 859 praedicabat,
708 820 747 850 ut
764 820 844 859 post
850 819 1089 858 ferocissimas
1111 820 1225 857 ¹centes
1246 817 1415 858 perdomi-

98 870 165 906 tas,
184 869 233 898 tot
250 868 398 906 receptos
414 867 449 896 in
465 866 615 904 juventa
632 868 695 897 aiat
711 868 842 905 spretos
867 865 1072 905 triumphos,
1085 865 1165 904 jam
1181 867 1294 896 senior
1318 874 1416 906 pere-

96 915 303 955 minationis
315 913 526 944 suburbana]
539 914 641 944 inane
658 914 844 953 proemium
855 915 1000 953 peteret.

137 964 272 992 XLVIII.
296 960 361 992 Sub
377 959 460 990 idem
477 960 617 999 tempus,
633 961 674 990 ut
686 968 776 991 mors
790 960 931 1000 Sulpicii
945 960 1078 996 Quirini
1090 959 1238 999 publicis
1249 961 1418 1000 exsequiis

96 1009 394 1049 frequentaretur,
416 1006 530 1046 petivit
543 1015 561 1037 a
575 1009 700 1037 senatu.
716 1006 794 1037 nihil
807 1006 846 1037 ad
861 1010 1003 1037 veterem
1020 1006 1052 1037 et
1070 1005 1236 1045 patriciam
1257 1006 1415 1046 Sulpicio-

98 1065 170 1086 rum
188 1054 341 1086 familiam
356 1053 511 1092 Quirinus
528 1053 695 1093 pertinuit,
712 1055 801 1084 ortus
817 1053 901 1093 apud
917 1053 1128 1092 municipium
1147 1053 1345 1084 Lanuvium:
1362 1053 1419 1084 sed

96 1102 234 1142 vimpiger
252 1101 377 1132 militiae
393 1101 425 1130 et
442 1100 569 1131 acribus
586 1100 790 1138 ministeriis,
820 1100 1023 1130 consulatum
1043 1100 1048 1116 ¹
1070 1099 1130 1129 sub
1157 1099 1232 1129 divo
1248 1101 1392 1138 Augusto
1408 1123 1418 1139 ‚

99 1159 175 1181 mox
192 1147 380 1188 expugnatis
396 1156 452 1187 per
477 1147 619 1178 Ciliciam
641 1146 931 1177 Homonadensium
957 1146 1094 1176 castellis
1110 1145 1245 1185 insignia
1263 1146 1420 1186 triumphi

101 1196 255 1236 adeptus;
272 1196 432 1233 datusque
452 1196 555 1224 rector
569 1197 603 1224 C.
619 1193 737 1224 Caesari
763 1193 945 1223 Armeniam
963 1193 1139 1232 obtinenti,
1166 1192 1329 1224 Tiberium
1343 1202 1420 1233 quo·

99 1252 163 1283 que
180 1242 283 1274 Rhodi
297 1243 442 1280 agentem
457 1241 609 1271 coluerat.
628 1239 712 1280 quod
726 1240 804 1270 tunc
818 1240 969 1279 patefecit
983 1240 1015 1270 in
1032 1242 1158 1280 senatu,
1183 1239 1322 1272 laudatis
1336 1241 1369 1271 in
1385 1249 1420 1273 se

98 1290 211 1323 officiis
226 1291 258 1320 et
271 1288 417 1319 incusato
434 1289 481 1318 M.
502 1288 610 1318 Lollio
623 1286 649 1326 2,
667 1295 762 1326 quem
780 1288 955 1317 auctorem
974 1288 1007 1317 C.
1027 1288 1157 1317 Caesari
1176 1289 1370 1327 pravitatis
1387 1291 1422 1321 et

100 1336 357 1371 discordiarum
379 1334 543 1373 arguebat.
561 1333 616 1365 sed
631 1334 744 1365 ceteris
763 1333 848 1364 baud
871 1334 946 1364 laeta
971 1333 1125 1364 memoria
1141 1334 1267 1372 Quirini
1283 1335 1353 1366 erat
1378 1333 1420 1365 ob

100 1385 235 1421 intenta,
259 1384 296 1412 ut
313 1381 490 1412 memoravi
506 1380 532 1420 ³,
562 1380 688 1420 Lepidae
716 1380 858 1420 pericula
882 1380 1109 1420 sordidamque
1132 1381 1165 1412 et
1189 1383 1421 1421 praepotentem

84 1431 271 1463 senectam.

94 1501 101 1508 ..
141 1480 248 1509 XLIX.
270 1477 346 1506 Fine
363 1476 439 1505 anni
455 1478 490 1506 C.
507 1474 674 1506 Lutorium
692 1474 856 1513 Priscum,
878 1473 1021 1513 equitem
1048 1477 1248 1514 Romanum,
1271 1475 1346 1515 post
1367 1482 1422 1506 ce·

100 1525 188 1558 lebre
206 1531 356 1560 carmen,
375 1530 439 1562 quo
463 1521 645 1553 Germanici
673 1530 825 1560 suprema
849 1520 1045 1559 defleverat,
1066 1520 1201 1560 pecunia
1222 1521 1378 1552 donatum
1403 1530 1424 1553 a

102 1576 237 1610 Caesare,
256 1569 410 1608 corripuit
422 1568 556 1607 delator,
573 1567 737 1607 objectans
752 1567 866 1607 oeqro¹
888 1570 1003 1598 Druso
1019 1569 1246 1607 composuisse
1267 1567 1377 1609 quod,
1394 1570 1424 1601 si

102 1619 293 1652 exstinctus
303 1615 413 1655 foret,
430 1616 561 1654 majore
574 1616 720 1655 prcemio
735 1615 957 1654 vutqaretur.
974 1614 1008 1645 id
1034 1617 1067 1645 C.
1091 1614 1242 1646 Lutorius
1267 1615 1301 1646 in
1325 1615 1423 1647 domo

104 1671 138 1699 P.
153 1663 305 1701 Petronii,
321 1671 417 1693 socru
434 1662 504 1701 ejus
520 1661 644 1692 Vitellia
660 1670 767 1692 coram
791 1660 966 1700 multisque
990 1661 1169 1692 illustribus
1194 1661 1322 1693 feminis
1333 1686 1341 1702 ‚
1368 1671 1425 1703 per

103 1709 382 1750 vaniloquentiam
402 1709 532 1747 legerat.
550 1711 586 1738 ut
599 1709 722 1739 delator
738 1707 872 1745 exstitit,
897 1707 1011 1738 ceteris
1026 1707 1066 1738 ad
1089 1707 1263 1739 dicendum
1281 1709 1424 1741 testimo-

104 1761 195 1792 nium
208 1755 406 1795 exterritis2,
421 1755 488 1786 sola
504 1755 631 1786 Vitellia
645 1755 734 1786 nihil
751 1763 783 1786 se
798 1754 969 1785 audivisse
988 1755 1193 1786 asseveravit.
1217 1754 1272 1786 sed
1294 1763 1425 1795 arguen-

105 1808 193 1841 tibus
210 1804 251 1835 ad
267 1803 437 1844 perniciem
455 1802 525 1842 plus
540 1802 611 1833 fidei
629 1802 688 1832 fuit
700 1826 709 1841 ‚
730 1801 952 1840 sententiaque
965 1801 1086 1832 Haterii
1100 1801 1269 1842 Agrippae,
1285 1802 1427 1835 consulis

95 1851 272 1893 designati,
286 1849 442 1881 indictum
461 1858 514 1880 reo
537 1849 688 1880 ultimum
703 1848 908 1888 supplicium.

147 1906 181 1933 L.
205 1900 322 1930 Contra
341 1900 383 1927 M.
398 1896 535 1936 Lepidus
549 1895 582 1926 in
598 1895 685 1926 hunc
699 1894 832 1926 modum
848 1902 981 1925 exorsus
992 1895 1042 1926 est
1057 1903 1064 1925 :
1082 1907 1098 1922 «ι
1112 1894 1155 1934 Si,
1167 1896 1277 1928 Patres
1289 1894 1428 1927 conscri-

107 1963 125 1979 «ι
138 1947 197 1990 pti,
211 1953 312 1976 unum
326 1943 359 1974 id
375 1945 570 1983 spectamus,
585 1950 681 1982 quam
694 1941 813 1973 nefaria
826 1949 906 1972 voce
922 1944 955 1972 C.
977 1941 1125 1973 Lutorius
1141 1945 1265 1974 Priscus
1286 1944 1428 1975 mentem

110 2009 127 2023 «
142 2001 234 2026 suam
249 1993 280 2023 et
294 1999 387 2022 aures
400 1990 570 2021 hominum
587 1988 754 2029 polluerit,
771 1996 877 2027 neque
892 1996 1001 2019 carcer
1015 1997 1120 2028 neque
1139 1989 1273 2028 laqueus
1287 2013 1296 2029 ‚
1310 1998 1350 2020 ne
1365 1998 1428 2020 ser-

112 2055 128 2069 «
142 2040 222 2071 viles
235 2037 365 2078 quidem
382 2036 544 2068 cruciatus
560 2036 595 2067 in
611 2044 687 2066 eum
709 2034 908 2067 suffecerint.
930 2035 979 2065 sin
1001 2035 1118 2074 flagitia
1142 2037 1174 2067 et
1197 2035 1338 2066 facinora
1359 2035 1427 2068 sine

113 2101 129 2115 «ι
144 2085 238 2117 modo
256 2087 342 2123 sunt,
361 2083 525 2124 suppliciis
542 2091 580 2114 ac
596 2082 748 2114 remediis
765 2081 773 2100 ¹
793 2081 951 2122 Principis
967 2081 1143 2113 moderatio
1159 2082 1380 2122 majorumque
1395 2082 1429 2115 et

114 2147 130 2161 ι(
144 2134 249 2164 vestra
264 2130 411 2169 exempla
425 2131 605 2169 temperant
619 2152 630 2169 ,
646 2132 679 2161 et
692 2137 774 2161 vana
787 2137 806 2160 a
827 2128 970 2160 scelestis
985 2152 994 2168 ,
1011 2128 1096 2159 dicta
1112 2137 1130 2159 a
1153 2128 1317 2160 maleficiis
1332 2128 1429 2161 diffe-

141 2218 242 2243 mvn.
257 2222 276 2241 ι.
288 2217 443 2245 superasse.
454 2227 484 2233 —
496 2221 519 2240 2.
531 2216 638 2245 supple,
650 2222 682 2240 co
694 2216 748 2245 ire,
761 2215 927 2244 exsequenti
939 2214 1059 2239 iturum.

144 2253 261 2278 XLVIII.
275 2258 295 2276 ι.
310 2252 379 2276 Anni
387 2252 416 2275 U.
428 2256 480 2275 ⁷⁴2.
492 2263 520 2266 —
531 2255 555 2274 2.
570 2251 620 2279 Qui
639 2251 703 2274 ante
723 2250 795 2279 sulp.
815 2250 953 2279 Quirinum
967 2252 1058 2274 rector
1081 2251 1135 2275 Caii
1151 2250 1262 2275 Caesaris
1283 2250 1381 2280 fuerat,
1399 2250 1429 2275 in

116 2288 242 2314 Armenia
254 2292 359 2311 veneno
371 2287 502 2309 mortuus.
515 2297 543 2301 —-
554 2291 576 2308 5.
588 2286 650 2314 Cap.
665 2290 701 2309 τῃ..

116 2333 131 2354 b
146 2323 236 2348 XLIX.
249 2328 271 2346 ι.
282 2322 443 2351 AEgrotante
454 2321 557 2347 Druso,
568 2320 667 2344 Tiberii
685 2321 746 2350 filio,
757 2320 943 2349 composuisse
954 2320 1025 2344 aliud
1037 2325 1156 2345 carmen.
1173 2333 1201 2339 -
1211 2325 1235 2346 2.
1249 2322 1365 2347 Terrore
1378 2319 1429 2345 ad-

116 2360 186 2385 actis
197 2359 226 2382 ut
238 2357 421 2381 testimonium
435 2356 566 2380 dicerent.

150 2395 178 2420 L.
191 2399 212 2419 ι.
227 2394 272 2419 Sc.
285 2394 470 2423 peccatorum.
481 2391 510 2417 Si
521 2391 697 2421 repetendum
709 2392 912 2421 adtemperant
924 2391 951 2416 et
961 2389 1112 2421 differunt.
