1539 2668
466 158 503 187 A.
526 159 565 187 U.
588 159 623 187 C.
649 158 721 188 802.
744 160 781 189 A.
805 160 839 189 C.
863 158 914 188 49.
1296 159 1356 190 169

29 234 223 276 pervertitur
237 258 246 272 ,
264 233 339 274 quia
366 233 502 264 sormam
520 232 590 272 ejus
606 232 795 265 laudaverat
817 234 987 273 Princeps,
1011 233 1100 264 nulla
1122 232 1274 273 libidine,
1299 236 1356 268 sed

29 281 163 313 fortuito
189 289 337 312 sermone
352 290 360 311 t
376 280 461 311 unde
477 279 524 310 ira
550 280 735 320 Agrippinae
755 280 836 311 citra
855 280 971 311 ultima
998 280 1089 311 stetit
1103 280 1129 311 ⁶.
1156 284 1193 311 In
1220 281 1354 313 Lolliam

28 328 169 360 mittitur
181 328 346 367 tribunus,
358 336 376 358 a
392 335 456 367 quo
471 327 511 358 ad
527 330 664 358 mortem
679 327 871 367 adigeretur.
887 329 1066 358 Damnatus
1078 328 1110 358 et
1125 327 1193 367 lege
1207 331 1356 367 repetun-

27 373 142 406 darum
155 375 272 407 Cadius
287 375 390 406 Rufus
402 398 411 413 ,
431 374 662 405 accusantibus
678 374 838 414 Bithynis.

69 426 178 454 XXIII.
203 422 311 453 Galliae
327 420 526 453 Narbonensi
542 420 584 451 ob
599 421 756 461 egregiam
775 421 808 452 in
824 422 935 453 Patres
952 421 1167 452 reverentiam
1185 420 1298 452 datum
1313 422 1355 453 ul

27 469 245 502 senatoribus
259 469 331 507 eJ'us
340 469 533 508 provinciae
543 492 552 507 ,
569 477 636 500 non
651 470 828 509 exquisita
851 470 1025 509 Principis
1041 470 1212 500 sententia
1225 492 1234 507 ,
1250 469 1330 508 jure
1344 494 1354 509 ‚

29 525 96 557 quo
109 517 227 548 Sicilia
242 515 430 546 haberetur
444 514 451 531 ¹
467 539 478 553 ‚
497 523 552 546 res
568 524 652 546 suas
669 517 814 547 invisere
839 516 967 547 liceret.
986 515 1160 556 Ituraeique
1180 519 1212 546 et
1229 515 1332 546 Judaei
1346 539 1355 554 ,

29 563 189 594 defunctis
215 561 344 601 regibus
366 562 505 593 Sohemo
522 563 621 602 atque
640 562 778 602 Agrippa
792 561 802 579 ²
819 585 826 597 ‚
852 562 1028 602 provinciae
1050 563 1148 602 Syriae
1171 562 1284 593 additi.
1304 566 1356 594 Sa-

28 609 105 641 lutis
118 610 290 649 augurium
305 608 331 648 ³,
345 609 490 649 quinque
503 611 535 639 et
551 609 665 649 viginti
679 609 772 640 annis
789 610 946 640 omissum
957 635 966 649 ,
984 610 1084 650 repeti
1098 619 1136 640 ac
1151 609 1266 641 deinde
1282 618 1357 641 con-

29 657 147 688 tinuari
160 657 327 697 placitum.
349 658 386 687 Et
402 656 581 696 pomerium
596 656 605 673 ⁴
627 656 718 687 auxit
735 660 841 687 Caesar
864 665 953 688 more
975 657 1085 697 prisco
1099 680 1108 695 ,
1125 666 1190 697 quo
1217 657 1256 688 iis
1273 681 1281 696 ‚
1300 657 1356 697 qui

28 704 189 745 protulere
205 704 377 744 imperium
391 728 400 743 ,
419 705 516 734 etiam
540 704 696 734 terminos
716 703 811 734 Urbis
838 712 1014 744 propagare
1038 703 1144 735 datur.
1173 713 1233 735 nec
1249 707 1357 735 tamen

28 750 127 782 duces
157 751 316 790 Romani,
339 759 534 790 quamquam
563 749 687 789 magnis
715 749 902 781 nationibus
931 750 1074 782 subactis
1090 775 1098 790 ,
1123 753 1357 790 usurpaverant

29 798 87 829 nisi
102 802 134 828 L.
155 797 240 829 Sulla
256 799 287 828 et
301 797 396 828 divus
412 799 588 837 Augustus.

69 848 176 875 XX1V.
201 848 322 884 Regum
338 844 371 875 in
387 853 425 875 eo
443 844 578 875 ambitio
592 844 644 875 vel
658 844 760 884 gloria
775 844 864 875 varie
880 844 1010 883 vulgata
1028 845 1050 875 ¹.
1069 844 1124 875 sed
1140 845 1267 876 initium
1284 854 1357 876 con—

31 891 127 922 dendi
138 916 147 930 ,
162 891 286 931 etquod
299 891 479 930 pomerium
488 891 643 922 Romulus
653 892 817 931 posuerit,
830 900 965 922 noscere
981 890 1066 921 haud
1083 891 1260 922 absurdum
1275 901 1354 923 reor.

30 938 127 978 igitur
141 947 159 969 a
174 938 244 969 foro
260 937 371 969 boario
383 937 410 977 ²,
428 938 482 969 ubi
501 947 622 970 aereum
638 938 721 969 tauri
736 938 948 969 simulacrum
966 938 1139 978 aspicimus
1150 939 1242 977 ‚quia
1260 938 1290 968 id
1306 947 1357 977 ge-

31 994 90 1016 nus
106 985 295 1016 animalium
309 989 414 1017 aratro
431 985 592 1025 subditur,
608 986 717 1016 sulcus
729 985 1035 1025 designandioppidi
1050 986 1061 1002 ³
1075 988 1200 1025 emptus
1213 1010 1220 1024 ‚
1240 988 1275 1016 ut
1290 994 1358 1015 ma-

29 1041 124 1072 gnam
138 1032 282 1064 Herculis
298 1041 385 1063 aram
398 1032 407 1050 ⁴
426 1033 681 1072 amplecteretur.
702 1032 777 1063 inde
792 1032 887 1063 certis
899 1032 1010 1072 spatiis
1025 1032 1183 1071 interjecti
1200 1032 1322 1072 lapides
1343 1032 1352 1047 ·³

32 1088 88 1119 per
98 1079 166 1110 ima
181 1079 301 1110 montis
311 1079 444 1110 Palatini
455 1079 495 1110 ad
506 1089 594 1111 aram
606 1079 731 1118 consiss,
746 1088 822 1109 mox
830 1079 937 1109 curias
951 1080 1078 1110 veteres
1089 1079 1097 1095 '¹
1107 1103 1115 1118 ,
1128 1081 1197 1109 tum
1209 1079 1247 1109 ad
1260 1078 1357 1110 sacel-

31 1124 98 1156 lum
113 1127 232 1157 Larum
243 1126 253 1143 ²³
270 1135 277 1156 ε
295 1126 465 1165 forumque
481 1130 662 1157 Romanum
680 1128 713 1156 et
727 1125 922 1165 Capitolium
937 1135 1001 1156 non
1016 1135 1035 1155 a
1050 1126 1201 1164 Romulo,
1216 1126 1271 1156 sed
1287 1135 1304 1156 a
1319 1129 1354 1156 T.

36 1173 129 1203 Tatio
139 1173 286 1204 additum
300 1172 377 1204 Urbi
392 1173 566 1204 credidere.
583 1182 660 1203 mox
674 1181 731 1212 pro
741 1172 869 1203 fortuna
880 1173 1060 1212 pomerium
1069 1176 1215 1203 auctum.
1232 1175 1263 1204 et
1278 1181 1358 1212 quos

31 1221 100 1250 tum
109 1220 261 1251 Claudius
272 1220 425 1251 terminos
436 1219 590 1259 posuerit,
604 1218 695 1249 facile
707 1219 837 1258 cognitu
847 1222 879 1250 et
890 1219 1027 1259 publicis
1037 1220 1118 1251 actis
1128 1219 1342 1259 perscriptum
1350 1243 1357 1250 .

74 1271 165 1298 XXV.
191 1271 225 1298 C.
247 1267 387 1298 Antistio
402 1291 410 1304 ,
426 1269 468 1297 M.
488 1266 586 1297 Suilio
603 1270 690 1297 Coss.
709 1266 713 1282 ¹
736 1265 865 1305 adoptio
889 1267 921 1296 in
937 1266 947 1283 ²
967 1267 1143 1297 Domitium
1168 1267 1360 1299 auctoritate

34 1313 184 1344 Pallantis
200 1314 382 1351 festinatur,
397 1313 452 1353 qui
465 1337 473 1351 ‚
492 1313 669 1344 obstrictus
694 1313 877 1352 Agrippinae
895 1315 930 1344 ut
947 1313 1135 1344 conciliator
1152 1314 1358 1353 nuptiarum,

33 1362 66 1391 et
80 1368 155 1391 mox
174 1360 312 1397 adulter,
330 1360 519 1390 stimulabat
537 1360 718 1397 Claudium,
737 1372 752 1385 «ι
771 1360 954 1390 consuleret
970 1360 1169 1399 reipublicae,
1187 1361 1359 1391 Britannici

33 1406 236 1446 «pueritiam
256 1406 369 1438 robore
386 1406 614 1438 circumdaret.
635 1408 681 1437 sic
701 1406 786 1446 apud
809 1406 921 1436 divum
938 1409 1137 1446 Augustum,
1165 1416 1359 1447 quamquam

35 1467 53 1481 «
70 1454 240 1494 nepotibus
256 1453 447 1492 subnixum,
466 1453 603 1493 viguisse
624 1453 804 1493 privignos;
821 1461 838 1483 a
853 1453 981 1484 Tiberio
998 1462 1094 1494 super
1108 1454 1271 1494 propriam
1289 1455 1359 1485 stir-

35 1514 52 1528 «ι
69 1510 141 1541 pem
159 1501 382 1533 Germanicum
397 1508 597 1540 assumptum
617 1510 623 1530 :
645 1509 678 1531 se
691 1509 819 1540 quoque
837 1500 1015 1540 accingeret
1025 1502 1144 1541 juvene
1168 1503 1289 1542 partem
1308 1511 1361 1532 cu—

35 1557 174 1579 «rarum
198 1548 406 1588 capessituro.
425 1561 440 1574 υ
461 1548 516 1579 His
543 1548 689 1587 evictus,
715 1547 867 1578 biennio3
895 1548 1050 1588 majorem
1079 1550 1155 1579 natu
1180 1548 1358 1580 Domitium

36 1647 60 1666 c.
74 1643 133 1666 Non
147 1647 290 1672 progressa
304 1643 345 1665 est
357 1641 390 1665 ad
405 1641 528 1665 ultimum
545 1642 716 1671 supplicium.

64 1678 160 1702 ΧΧΙΗ.
177 1683 196 1701 i.
219 1678 351 1701 Nimirum
365 1677 455 1701 Sicilia
479 1680 593 1707 excepta
610 1679 669 1701 erat
689 1677 732 1700 illa
747 1676 806 1706 lege
821 1683 872 1706 qua
891 1679 1033 1702 senatores
1046 1678 1123 1702 ltalia
1141 1678 1275 1702 excedere
1287 1678 1360 1701 veta-

36 1712 135 1737 bantur
147 1713 206 1736 sine
216 1715 327 1736 senatus
337 1714 364 1737 et
379 1714 508 1742 Principis
521 1713 663 1742 permissu.
678 1713 737 1737 Jam
752 1713 833 1736 ctiam
844 1713 1034 1737 Narbonenses
1048 1716 1189 1738 senatores
1203 1714 1230 1737 in
1244 1714 1359 1743 patriam

37 1748 112 1772 abire
127 1749 255 1778 poterant
268 1748 362 1772 libere.
378 1762 403 1764 —
424 1753 445 1772 2.
464 1748 598 1772 Sohemus
613 1749 779 1776 ituraeorum,
800 1748 869 1771 alter
887 1749 1042 1773 Judaeorum
1055 1756 1103 1774 rex
1118 1745 1192 1778 e'rat;
1213 1750 1328 1778 uterque
1345 1755 1359 1772 a

36 1782 156 1812 Caligula
169 1789 283 1812 regnum
297 1784 479 1807 obtinuerant.
495 1796 522 1799 —
536 1790 559 1807 3.
579 1784 758 1807 Divinationis
771 1789 864 1813 genus,
876 1790 934 1813 quae
943 1786 999 1808 tum
1013 1785 1299 1814 capiebatur,quando
1313 1790 1361 1813 per

31 1818 168 1846 integrum
189 1824 288 1842 annum
313 1819 462 1848 respublica
481 1825 570 1848 neque
590 1819 740 1842 exercitum
763 1820 963 1848 conscripserat
986 1826 1074 1850 neque
1088 1821 1120 1844 ab
1138 1820 1216 1843 hoste
1232 1820 1285 1843 uilo
1300 1822 1359 1843 erat

36 1853 152 1877 turbata.
176 1853 286 1882 captum
308 1855 366 1876 erat
379 1854 431 1877 hoc
443 1855 587 1883 augurium
600 1854 676 1876 annis
688 1854 718 1877 U.
732 1858 785 1882 eei,
797 1859 839 1877 725
848 1873 854 1882 ,
866 1859 917 1882 7⁴1,
930 1861 963 1878 cx
975 1861 1029 1884 quo
1045 1857 1169 1884 tempore
1187 1855 1302 1878 fortasse
1316 1860 1359 1877 re·

34 1889 150 1918 petitum
168 1894 195 1912 a.
212 1893 255 1912 777
266 1890 313 1912 aut
325 1893 377 1915 778,
392 1888 489 1912 deinde
506 1889 698 1912 intermissum.
715 1901 744 1904 —
766 1893 788 1912 ⁴.
803 1889 968 1913 Pomert'um
983 1891 1190 1919 (postmoerium)
1205 1891 1264 1913 erat
1284 1890 1361 1913 locus

36 1929 140 1947 vacuus
156 1925 185 1947 et
197 1930 275 1948 sacer
285 1924 410 1947 definitus
421 1925 491 1948 intra
505 1926 533 1948 et
547 1926 623 1948 extra
634 1930 741 1947 murum
756 1925 852 1952 Romae,
870 1931 919 1954 per
932 1926 1017 1949 totius
1031 1926 1107 1949 urbis
1122 1926 1274 1954 circuitum,
1284 1925 1361 1950 locus

34 1959 85 1987 qm·
105 1959 188 1988 facit
205 1960 292 1989 finem
311 1960 435 1989 auspicii
458 1959 574 1988 urbani,
599 1960 680 1982 intra
699 1959 779 1987 cuius
792 1960 880 1989 finem
902 1961 1036 1989 auspicia
1062 1961 1222 1990 captantur
1239 1961 1280 1989 (Α.
1299 1962 1363 1986 Gel—

35 1993 88 2017 lius
100 1995 170 2022 xm,
187 1996 231 2022 ul.
250 1996 315 2019 Eum
329 1995 419 2019 locum
435 1995 587 2024 amplianda
601 1993 671 2018 L'rbe
688 1995 899 2024 proterendijus
918 1996 1055 2019 habebant
1068 1997 1112 2025 qui
1128 1996 1272 2024 imperium
1294 2002 1361 2026 agro

36 2028 71 2052 ab
87 2029 208 2053 hostibus
223 2031 302 2058 capto
321 2031 462 2053 auxerant.
480 2030 606 2054 Claudius
623 2030 786 2054 Aventinum
799 2032 917 2054 montem
935 2031 1036 2060 primus
1052 2031 1175 2060 pomerio
1185 2031 1311 2061 inclusit,
1326 2032 1361 2056 ob

35 2064 186 2094 triumphos
199 2071 214 2089 e
225 2065 367 2089 Britannis.

66 2099 157 2123 XXIV.
180 2106 201 2125 ι.
224 2101 364 2130 Quomodo
381 2106 459 2130 reges
478 2101 576 2125 Urbem
603 2101 701 2125 sensim
722 2101 864 2130 auxerint,
882 2101 943 2125 vide
957 2101 1027 2131 apud
1038 2101 1140 2125 Livium
1161 2101 1180 2129 1,
1197 2106 1220 2130 7,
1238 2108 1258 2131 8,
1273 2107 1310 2131 29,
1323 2109 1360 2129 35,

38 2140 74 2163 38,
97 2139 136 2159 44.
162 2147 190 2151 -
203 2140 225 2159 2-
246 2136 330 2159 Hodie
353 2135 456 2165 Campo
476 2136 618 2165 Vaccino,
633 2137 706 2160 inter
720 2137 884 2159 Aventinum
899 2138 927 2160 et
947 2137 1099 2160 Palatinum
1115 2138 1231 2160 montes.
1246 2151 1274 2154 —
1287 2143 1309 2161 5.
1324 2139 1362 2162 Ex

38 2170 150 2195 Etrusco
164 2171 218 2195 ritu
231 2171 348 2195 ambitus
369 2171 477 2195 urbium
491 2171 566 2195 sulco
581 2172 667 2196 aratri
681 2172 891 2201 designabatur,
906 2172 1006 2196 sublati
1020 2174 1048 2196 et
1065 2174 1177 2202 portati
1196 2174 1222 2196 in
1237 2174 1268 2197 iis
1287 2174 1360 2203 locis,

38 2204 84 2228 ubi
98 2207 214 2234 portam
232 2206 324 2230 facere
343 2206 478 2230 volebant.
496 2220 525 2223 —
539 2212 561 2231 4.
584 2208 676 2231 Aram
693 2208 860 2235 maximam,
884 2213 943 2237 quae
960 2208 986 2231 in
1007 2208 1139 2231 honorem
1162 2209 1286 2233 Herculis
1302 2209 1363 2238 post

38 2241 158 2264 occisum
168 2241 348 2271 praedatorem
362 2243 460 2266 Cacum
473 2242 582 2266 condita
594 2248 653 2266 esse
667 2242 753 2266 fertur
764 2242 797 2265 ab
810 2243 943 2271 Evandro,
961 2243 988 2266 in
998 2243 1141 2268 undecima
1153 2244 1263 2273 regione
1273 2244 1361 2269 Urbis.

39 2288 67 2293 --
89 2282 109 2299 15.
130 2275 219 2305 Gippi.
242 2290 270 2293 —
286 2282 308 2301 e.
326 2277 445 2306 Neptuni
462 2278 608 2306 equestris,
624 2279 655 2301 ut
676 2277 805 2301 refertur.
828 2278 873 2301 Est
894 2278 1012 2307 priscum
1031 2284 1145 2306 numen,
1168 2279 1244 2308 quus
1264 2279 1362 2304 testum

42 2309 213 2340 Consualia,
231 2314 324 2341 postea
341 2313 366 2336 in
389 2313 528 2336 Circenses
548 2314 691 2336 mutatum.
710 2325 739 2329 —
763 2317 783 2336 7.
804 2313 908 2337 Sacella
928 2315 1065 2337 curiarum
1084 2314 1194 2343 triginta
1215 2320 1228 2337 a
1249 2315 1362 2340 Romulo

41 2345 240 2375 institutarum
252 2348 349 2376 quibus
363 2348 493 2377 opposita:
513 2349 618 2378 septem
641 2354 719 2371 ποι-α’
732 2348 833 2372 curisc-
849 2348 932 2373 Varro
947 2355 953 2372 :
970 2349 1066 2373 Curioe
1083 2351 1197 2379 veteres,
1214 2349 1262 2374 uba·
1273 2356 1364 2375 cura-

0 2395 3 2397 >
42 2382 107 2405 rent
119 2382 279 2406 sacerdotes
299 2389 343 2407 res
356 2383 478 2407 divinas.
491 2396 519 2401 —
533 2390 556 2408 a.
569 2385 612 2408 Sc.
628 2383 809 2413 publicorum.

71 2417 150 2440 xxv.
166 2422 186 2440 ι.
201 2418 231 2441 Α.
244 2418 271 2442 U.
283 2423 333 2447 803,
347 2423 370 2447 p.
383 2418 445 2442 Chr.
457 2424 495 2443 50.
518 2430 534 2436 -·
551 2424 564 2442 2
589 2420 667 2443 Verte
679 2424 764 2448 pour.
782 2418 856 2444 Conf.
871 2424 896 2444 c.
907 2425 930 2444 9.
963 2433 970 2437 -
987 2425 1009 2444 3.
1026 2420 1088 2444 Non
1105 2421 1169 2445 satis
1189 2422 1265 2445 recte
1278 2427 1284 2444 :
1299 2427 1361 2445 nam

1183 2463 1205 2496 8
