1539 2668
504 130 539 160 A.
564 131 603 160 U.
627 131 662 160 C.
687 131 757 160 768.
796 132 833 160 A.
857 132 891 161 C.
919 133 956 161 15
1359 135 1408 164 29

78 215 94 231 ε(
108 203 197 236 ctum
213 203 477 245 imperatoribus,
492 203 547 235 ubi
564 203 683 235 semina
700 204 882 245 manipulos
897 205 1079 244 intervisat,
1103 205 1193 245 signa
1218 206 1328 246 adeat,
1343 207 1407 239 Iar0

76 264 92 280 e<
109 251 266 293 gitionem
282 252 402 290 tentet,
420 253 584 291 tamquam
602 260 716 291 parum
731 251 901 283 ambitiose
916 251 1019 283 filium
1033 251 1125 283 ducis
1138 254 1252 292 gregali
1265 254 1376 286 habitu
1387 254 1399 272 ⁴

77 311 94 327 «
111 299 333 338 circumferat,
366 300 602 340 Caesaremque
631 300 832 339 Caliyulam
856 299 1008 340 appellari
1035 300 1122 330 velit.
1150 300 1308 340 potiorem
1334 302 1407 340 jan}

77 358 92 372 α
109 346 194 387 apud
210 346 370 378 exercitus
392 345 600 386 Agrippinam
618 355 716 386 quam
736 346 873 386 legatos,
894 356 991 388 quam
1008 346 1127 386 duces3
1145 355 1363 387 compressam
1384 358 1409 380 ar

77 405 94 420 «
111 393 242 426 muliere
255 393 464 432 seditionem,
482 393 535 424 cui
552 402 668 425 nomen
687 393 845 434 Principis
868 394 1024 426 obsistere
1047 403 1111 425 non
1133 394 1284 435 quiverit.
1305 408 1320 422 »
1344 398 1406 426 Ac>

75 440 231 472 cendebat
243 441 312 473 liaec
325 441 548 481 onerabatque
563 441 708 479 Seianus,
724 441 839 481 peritia
854 450 982 473 morum
998 441 1119 474 Tiberii
1133 441 1208 473 odia
1221 442 1254 472 in
1273 442 1407 481 longum

72 486 195 526 jaciens
214 488 225 507 ⁵
239 512 248 527 ,
266 497 339 529 quae
358 488 548 520 reconderet
570 491 731 529 auctaque
751 491 924 529 promeret.

116 537 205 567 Lxx.
231 537 272 568 At
296 536 504 568 Germanicus
527 536 710 576 legionum,
737 545 817 577 quas
834 537 972 569 navibus
996 538 1149 576 vexerat,
1176 537 1346 569 secundam
1370 542 1406 570 ot

74 583 385 624 quartamdecimam
411 584 523 616 itinere
544 584 686 615 terrestri
703 587 736 614 P.
757 584 880 615 Vitellio
895 584 1060 616 ducendas
1082 586 1198 623 tradit,
1223 594 1286 625 quo
1305 584 1404 615 levior

75 630 187 663 classis
210 630 332 662 vadoso
349 632 429 663 mari
446 632 571 663 iuuaret
588 631 639 662 vel
658 631 821 671 reciproco
836 631 957 663 sideret
975 632 997 661 ¹.
1023 633 1169 664 Vitellius
1189 634 1326 672 primum
1344 632 1406 662 iter

75 677 161 712 sicca
185 679 284 710 humo
304 681 360 711 aut
385 679 511 710 modice
531 678 691 710 allabente
720 682 800 710 aestu
833 680 981 719 quietum
1008 679 1141 711 habuit:
1165 689 1239 710 mox
1264 679 1404 719 impulsu

75 726 248 767 aquilonis,
265 727 361 758 simul
375 726 479 758 sidere
495 726 684 766 aequinoctii
698 725 723 764 ²,
744 736 809 767 quo
833 727 972 758 maxime
989 727 1139 758 tumescit
1156 731 1316 764 Oceanus,
1338 725 1408 766 rapi>

75 774 190 814 agique
204 784 327 815 agmen.
345 777 375 806 et
390 774 607 815 opplebantur
625 776 720 805 terrae
738 784 744 804 :
760 774 874 805 cadem
892 775 973 806 freto
986 798 993 812 ‚
1010 775 1127 814 littori,
1143 775 1265 815 campis
1282 773 1378 805 facies
1393 797 1405 812 ,

75 830 179 861 neque
193 822 330 854 discerni
354 825 501 862 poterant
521 823 642 853 incerta
663 821 702 852 ab
726 822 861 861 solidis,
880 822 989 853 brevia
1012 831 1030 852 a
1055 822 1234 862 profundis.
1257 824 1405 853 sternun-

75 869 128 900 tur
147 870 312 910 fluctibus,
328 871 523 902 hauriuntur
539 869 724 910 gurgitibus
744 878 750 898 :
768 870 929 909 jumenta,
946 870 1092 909 sarcinw,
1108 878 1241 909 corpora
1256 869 1407 899 exanium

75 915 283 957 interfluunt,
315 921 495 949 occursant.
530 918 769 958 permiscentur
797 917 882 948 inter
909 926 942 948 se.
961 917 1115 957 manipuli
1151 917 1245 947 niodo
1264 919 1407 956 pectore,

77 963 172 996 modo
190 974 245 997 ore
260 968 356 997 tenus
371 968 534 997 exstantes
548 991 556 1005 ,
579 964 754 1005 aliquando
773 965 939 996 subtracto
959 966 1029 996 solo
1051 965 1178 1003 disjecti
1201 966 1257 995 aut
1284 964 1405 994 obruti.

75 1020 140 1043 non
160 1021 225 1043 vox
248 1014 281 1045 et
296 1014 400 1044 mutui
417 1014 566 1044 hortatus
584 1013 743 1052 Juvabant
761 1012 954 1043 adversante
974 1012 1079 1051 unda;
1101 1012 1178 1043 1111111
1197 1014 1347 1042 strenuus
1365 1010 1415 1042 ab*

75 1059 204 1100 ignavo,
219 1061 349 1101 sapiens
362 1061 402 1092 ab
415 1061 506 1098 rudi,
525 1060 657 1091 consilia
672 1068 690 1090 a
707 1068 783 1090 casu
810 1059 941 1091 dit'serre
956 1061 1091 1091 :cuncta
1109 1060 1175 1099 pari
1190 1059 1340 1089 violentia
1357 1059 1407 1089 iu-

74 1108 298 1139 volvebantur.
319 1108 449 1139 tandem
467 1108 612 1138 Vitellius
630 1107 660 1138 in
678 1106 812 1138 editiora
829 1106 936 1138 enisus
948 1132 956 1146 ,
972 1107 1083 1138 eodem
1106 1116 1218 1146 agmen
1237 1106 1404 1137 subduxit.

75 1156 305 1195 pernoctavere
321 1156 389 1185 siue
405 1155 594 1185 utensilibus
607 1179 614 1192 ‚
633 1155 702 1185 sine
721 1154 784 1192 igni
797 1178 804 1192 ,
828 1163 945 1194 magna
971 1164 1045 1194 pars
1067 1154 1154 1185 nudo
1180 1156 1237 1184 aut
1264 1154 1406 1183 mulcato

76 1209 231 1241 corpore,
247 1202 333 1233 haud
350 1202 457 1232 minus
478 1201 678 1232 miserabiles
694 1211 791 1240 quam
810 1210 892 1241 quos
918 1202 1021 1232 hostis
1044 1201 1261 1232 circumsidit.
1287 1202 1407 1240 quippe

77 1247 138 1278 illis
151 1249 248 1280 etiam
266 1250 409 1280 lionestae
428 1249 538 1279 mortis
555 1257 634 1278 usus
651 1271 658 1286 ,
684 1248 734 1278 liis
756 1248 928 1287 inglorium
947 1248 1096 1279 exitium.
1120 1248 1174 1278 lux
1191 1247 1330 1277 reddidit
1347 1249 1408 1277 ter-

79 1304 144 1325 ram
159 1319 166 1332 ‚
184 1299 450 1336 penetratumque
467 1296 506 1327 ad
522 1304 649 1326 amnem
669 1295 839 1333 Unsingim
858 1294 869 1311 ³
885 1320 892 1333 ,
911 1305 976 1334 quo
992 1300 1098 1325 Caesar
1114 1295 1213 1325 classo
1236 1294 1407 1325 contende-

79 1345 138 1374 rat.
157 1344 317 1384 impositio
332 1345 405 1375 ‹leiu
424 1344 564 1383 legiones
579 1368 586 1382 ‚
611 1346 746 1382 vagante
765 1344 847 1373 sama
863 1343 1050 1373 submersas
1066 1352 1073 1372 :
1094 1352 1149 1373 uec
1178 1342 1255 1372 {ides
1271 1342 1383 1371 salutis
1397 1367 1406 1381 ‚

77 1393 248 1430 antequam
266 1396 423 1423 cassarent
441 1391 684 1430 exercitumque
701 1390 850 1420 reducem
869 1390 987 1421 ridere.

119 1442 221 1469 LXXI.
236 1442 306 1470 Jam
319 1439 491 1470 Stertinius
502 1438 540 1469 ad
557 1437 780 1478 accipiemlum
793 1437 823 1467 in
839 1437 1034 1468 deditionem
1050 1437 1260 1475 §egilum-uni,
1274 1437 1403 1468 tratrem

77 1486 224 1525 Segestis,
248 1487 450 1526 praunissus,
475 1486 579 1526 ipsum
599 1489 631 1517 et
646 1485 746 1516 tilium
760 1488 829 1524 ejus
847 1485 877 1515 in
897 1485 1061 1515 civitatem
1078 1484 1232 1515 Ubiorum
1253 1484 1406 1523 perduxe-

79 1534 138 1563 rat.
155 1533 229 1564 data
248 1535 377 1573 utrique
396 1534 501 1571 venia,
519 1533 610 1564 t'acile
627 1534 800 1572 Segimero,
818 1532 1026 1564 cunctantius
1043 1531 1109 1562 tilio
1122 1555 1129 1569 ,
1148 1530 1223 1571 quia
1240 1530 1405 1569 Quinctilii

78 1580 151 1611 Vari
175 1590 292 1622 corpus
317 1581 453 1612 illusisse
471 1580 654 1612 dicebatur.
673 1582 822 1611 Ceterum
844 1579 883 1611 ad
904 1579 1082 1619 supplenda
1104 1578 1264 1609 exercitus
1287 1577 1407 1608 damna

77 1631 240 1660 certavere
257 1630 379 1667 Galliae,
400 1628 572 1669 Hispauize,
592 1628 693 1665 Italia,
710 1628 798 1668 quod
821 1628 937 1667 cuique
958 1628 1157 1667 promptum,
1172 1635 1272 1663 arma,
1293 1633 1405 1664 equos,

78 1683 191 1706 aurun]
219 1677 403 1708 offerentes.
426 1685 564 1717 quorum
598 1675 730 1706 laudato
753 1675 862 1706 studio
879 1674 1087 1706 Germanicus
1106 1698 1114 1713 ,
1133 1674 1231 1704 arinis
1259 1672 1355 1703 modo
1375 1673 1408 1703 et

78 1723 168 1763 equis
184 1724 224 1754 ad
238 1724 356 1755 bellum
373 1725 509 1765 sumptis
521 1748 528 1762 ,
545 1723 673 1763 propria
691 1722 828 1762 pecunia
842 1722 977 1753 militem
992 1721 1092 1761 juvit.
1113 1723 1211 1761 utque
1229 1719 1327 1751 cladis
1343 1727 1408 1749 me-

79 1772 213 1802 moriam
236 1772 332 1803 etiam
355 1772 506 1803 comitate
529 1771 660 1808 leniret,
690 1770 863 1801 circumire
888 1769 1016 1800 saucios
1032 1768 1039 1785 ¹
1055 1792 1063 1807 ,
1091 1769 1174 1799 sacta
1205 1768 1406 1807 singulorum

79 1817 253 1858 extollere,
273 1821 405 1851 vulnera
420 1820 548 1851 intuens
560 1843 568 1857 ‚
590 1818 692 1848 alium
710 1826 766 1857 spe
778 1841 786 1856 ,
803 1817 903 1848 alium
920 1815 1019 1857 gloria
1031 1840 1040 1856 ‚
1059 1819 1195 1846 cunctos
1219 1814 1360 1855 alloquio
1376 1815 1409 1845 ct

79 1872 156 1895 cura
169 1865 293 1905 sibique
306 1869 337 1897 et
354 1867 465 1907 proelio
480 1865 640 1896 sinuabat.

123 1915 240 1944 LXXII.
267 1917 399 1944 Decreta
419 1922 456 1944 eo
474 1921 558 1943 auno
578 1911 785 1951 triumphalia
803 1911 940 1951 insignia
964 1914 1000 1941 Α.
1025 1911 1163 1942 Caecinae
1176 1934 1183 1948 ‚
1202 1914 1233 1940 L.
1253 1909 1408 1950 Apronio,

81 1962 115 1991 C.
133 1959 226 1994 silio,
243 1960 284 1991 ob
303 1969 352 1992 res
369 1970 442 1992 cum
463 1959 650 1992 Germanico
665 1960 779 1998 gestas.
796 1966 914 1989 nomen
931 1960 1048 1997 patris
1070 1959 1203 1997 pati-ire
1225 1957 1373 1988 Tiberius
1390 1964 1408 1986 a

80 2007 201 2047 populo
215 2007 334 2048 saepius
351 2009 511 2048 ingestum
527 2006 725 2047 repudiavit;
738 2014 842 2045 neque
856 2005 889 2035 in
902 2007 972 2036 acta
988 2013 1044 2035 sua
1059 2004 1160 2043 jurari
1175 2005 1196 2043 ¹,
1210 2011 1415 2044 ‹piamquam

80 2127 108 2133 -
122 2120 144 2139 1.
158 2114 257 2139 Habitu
275 2114 392 2145 gregarii
416 2114 516 2138 miritis.
539 2126 566 2131 -
587 2119 610 2137 ες.
623 2112 683 2137 Odii
699 2112 801 2136 semina
824 2116 955 2141 spargens
977 2110 1007 2135 in
1024 2110 1154 2141 lonqum,
1169 2110 1186 2134 i.
1207 2116 1230 2134 e.
1251 2110 1332 2140 longo
1350 2111 1410 2140 pust
1450 2107 1457 2112 '

82 2150 206 2179 tempore
220 2156 366 2175 emersura.

111 2186 189 2210 Lxx,
208 2191 229 2209 ¹.
244 2186 335 2210 Ressuo
354 2186 422 2209 mari
442 2190 528 2216 prope
550 2184 625 2208 littus
644 2183 670 2207 iu
683 2183 756 2206 sicco
770 2182 976 2206 destitueretur.
990 2194 1019 2198 —
1035 2186 1057 2205 2.
1079 2181 1256 2205 Autumnans.
1269 2194 1295 2197 —
1317 2186 1339 2203 5.
1358 2180 1408 2208 Qui

80 2219 161 2245 hodie
174 2222 208 2245 sit
226 2221 311 2249 Uuse,
325 2221 496 2250 Groeningam
508 2219 603 2244 urbem
618 2218 721 2242 alluens
736 2219 763 2242 et
776 2218 803 2242 in
813 2218 966 2242 aestuarium
978 2216 1153 2241 descendens.
1165 2216 1215 2240 Sed
1228 2221 1271 2239 res
1288 2215 1409 2242 incerta,-

82 2255 176 2280 vltiose
192 2257 276 2281 codex
292 2258 491 2286 manuscriptus
504 2255 643 2285 visuryia.

112 2291 204 2316 LXXI.
234 2297 255 2316 ι.
281 2293 310 2317 111
332 2291 455 2317 tentoriis
476 2291 588 2322 sparsim
614 2289 755 2314 cubantes.
779 2288 828 2313 Illo
854 2289 977 2319 tempore
1002 2287 1121 2312 noudum
1144 2288 1222 2311 crant
1246 2285 1407 2311 nosocomia

82 2325 217 2350 militaria.

113 2362 217 2386 Lxxn.
237 2368 256 2386 1.
279 2363 355 2393 Quod
374 2363 489 2393 primum
508 2362 610 2387 factum
632 2368 648 2386 a
670 2361 834 2390 trIumviris,
859 2360 905 2391 qui
927 2359 1047 2384 calendis
1071 2358 1204 2383 Januariis
1228 2357 1354 2387 jurarunt
1379 2359 1410 2378 se

85 2398 173 2422 omnia
187 2399 248 2423 aeta
262 2399 317 2423 dlvi
329 2398 393 2423 Julii
407 2399 540 2428 (caesaris)
553 2399 612 2422 rata
622 2397 772 2422 habituros.
785 2397 843 2421 Hoc
860 2395 983 2426 exemplo
999 2395 1100 2419 secutis
1115 2393 1278 2424 temporibus
1291 2392 1320 2416 in
1339 2390 1413 2415 actea
