1539 2668
474 166 517 194 A.
541 167 577 195 U.
600 167 636 194 C.
662 167 732 196 818.
760 169 794 196 A.
819 170 854 198 C.
879 170 929 198 65.
1004 188 1007 191 -
1301 170 1360 202 247
1397 173 1399 175 ’

33 248 162 274 nem-nm
180 239 281 272 aliud
293 242 418 281 caput,
436 240 496 272 sed
517 249 583 272 nen
597 240 678 280 fore
699 241 857 273 validum
878 250 987 284 neque
999 243 1172 275 occultum
1185 269 1194 284 ,
1217 248 1300 287 quia
1323 249 1360 279 in

33 289 133 320 utero
148 287 363 328 repressum³
379 290 443 320 aut
456 288 643 328 iterJ‘uxta
656 288 790 319 editum
805 292 860 322 stt.

75 337 211 366 XLvlll.
238 338 354 366 Ineunt
379 335 495 367 deinde
513 335 719 366 consulatum
738 336 744 352 ¹
767 337 862 368 Silius
878 341 982 368 Nerva
997 339 1029 369 et
1049 337 1176 369 Atticus
1193 341 1360 379 Vestinus,

35 383 141 421 coepta
155 382 252 413 simul
271 385 302 414 et
317 384 410 414 aucta
433 382 665 422 conjuratione,
686 383 721 413 in
738 392 835 423 quam
858 385 1005 416 certatim
1031 385 1162 416 nomina
1177 385 1332 418 dederant
1347 388 1358 407 ²

35 430 212 469 senatores,
224 433 340 470 Eques,
352 429 454 468 miles,
465 429 592 461 feminae
605 430 715 469 etiam,
724 440 823 471 quum
837 431 911 463 odio
922 432 1065 470 Neronis,
1074 434 1143 464 tum
1159 434 1267 465 favore
1279 434 1310 464 in
1325 437 1362 466 C.

36 475 251 509 Pisonem³.is
260 477 431 518 Calpurnio
447 486 562 517 genere
578 479 668 509 ortus
684 487 721 509 ac
737 479 856 510 multas
872 479 1071 520 insignesque
1083 480 1219 512 familias
1231 484 1365 521 paterna

36 523 204 556 nobilitate
222 524 410 564 complexus
429 525 514 556 claro
535 525 620 566 apud
646 526 779 565 vulgum
807 536 933 558 rumore
958 531 1025 559 erat
1051 537 1106 568 per
1128 529 1284 560 virtutem
1308 531 1365 560 aut

36 571 159 610 species
178 572 351 602 virtutibus
367 572 495 604 similes.
521 582 659 614 namque
684 574 867 605 facundiam
889 575 1017 606 tuendis
1035 576 1160 607 civibus
1173 576 1365 616 exercebat,

37 616 238 658 largitionem
263 619 440 651 adversus⁴
464 621 596 660 amicos,
616 623 648 652 et
671 621 789 661 ignotis
813 631 940 662 quoque
965 623 1049 653 comi
1079 632 1225 654 sermone
1243 626 1274 654 et
1290 632 1365 655 oon-

38 674 160 706 gressu.
175 666 306 697 aderant
317 667 413 698 etiam
428 667 574 707 fortuita,
589 677 706 709 corpus
721 677 902 708 procerum,
912 669 1026 701 decora
1041 671 1147 701 facies.
1161 671 1214 701 sed
1230 670 1343 710 procul
1354 670 1366 688 ⁵

38 713 177 752 gravitas
194 722 320 744 morum
343 716 399 744 aut
419 714 621 754 voluptatum
637 715 836 755 parcimonia
851 727 857 747 :
875 717 998 748 lenitati
1017 726 1053 748 ac
1070 718 1316 757 magnificentiae
1335 718 1369 749 et

38 759 211 799 aliquando
228 762 305 792 luxu
324 761 519 800 indulgebat.
539 761 634 802 idque
655 762 799 802 pluribus
815 763 1023 803 probabatur,
1040 765 1096 805 qui
1118 766 1149 796 in
1166 766 1255 796 tanta
1271 765 1368 796 vitio·

40 815 112 838 rum
150 807 320 840 dulcedine
356 817 518 839 summum
548 809 716 849 imperium
750 819 815 841 non
849 812 1036 842 restrictum
1071 820 1130 843 nec
1160 820 1368 851 perseverum

41 852 166 885 volunt.

82 904 185 932 XLIX.
201 901 332 932 Initium
347 901 562 942 conjurationi
580 910 642 932 non
658 911 676 933 a
689 902 842 942 cupidine
856 904 957 944 ipsius
971 905 1029 935 fuit
1046 914 1052 934 ε
1073 914 1131 936 nec
1152 905 1258 935 tamen
1279 905 1369 937 facile

42 948 288 980 memoraverim
305 948 377 989 quis
392 949 515 989 primus
531 950 655 989 auctor,
675 952 767 989 Cujus
792 951 944 982 instinctu
963 952 1125 982 concitum
1143 952 1184 982 sit
1198 952 1286 991 quod
1301 954 1367 984 tam

42 995 138 1026 multi
156 998 372 1036 sumpserunt.
395 995 654 1036 promptissimos
682 997 831 1028 Subrium
855 998 998 1028 Flavium
1024 999 1188 1029 tribunum
1211 999 1371 1038 praetoriae

43 1043 186 1075 cohortis
201 1049 232 1075 et
255 1043 432 1083 Sulpicium
451 1048 588 1084 Asprum
612 1045 833 1075 centurionem
854 1045 1015 1076 exstitisse
1038 1045 1218 1076 constantia
1237 1045 1366 1078 exitus¹

45 1090 165 1121 docuit.
176 1091 207 1121 et
221 1094 370 1121 Lucanus
381 1090 535 1121 Annaeus²
547 1091 754 1132 Plautiusque
763 1094 937 1123 Lateranus
945 1092 1055 1123 consul
1066 1091 1250 1131 designatus
1261 1092 1373 1125 vivida

44 1137 118 1169 odia
131 1137 278 1181 intulere.
295 1139 462 1169 Lucanum
479 1138 616 1178 propriae
633 1147 739 1170 causae
759 1139 989 1177 accendebant,
1013 1139 1098 1179 quod
1117 1140 1235 1170 famam
1259 1138 1373 1170 carmi-

45 1194 123 1217 num
137 1185 206 1224 ejus
216 1185 379 1225 premvhat
391 1189 485 1225 Nero,
495 1185 765 1226 prohibueratque
776 1188 935 1218 ostentare
947 1185 958 1203 ³
971 1195 1072 1217 vanus
1083 1186 1328 1218 adsimulatione
1337 1185 1347 1203 ⁴
1363 1195 1371 1216 ε

44 1232 238 1264 Lateranum
255 1232 418 1264 consulem
434 1232 636 1273 designatum
649 1233 736 1263 nulla
749 1232 879 1273 injuria,
895 1233 951 1265 sed
967 1242 1057 1264 amor
1074 1233 1258 1273 reipublicae
1272 1233 1374 1264 socia-

45 1280 104 1312 vit.
122 1281 162 1311 At
179 1280 304 1310 Flavius
319 1280 484 1312 Scaevinus
503 1282 534 1312 et
551 1280 702 1311 Afranius
721 1280 947 1319 Quinctianus‚
967 1281 1103 1320 uterque
1120 1279 1274 1311 senatorii
1289 1279 1373 1311 ordi-

45 1328 107 1367 nis,
122 1329 233 1358 contra
248 1327 365 1358 famam
379 1327 427 1358 sui
445 1328 638 1368 principium
652 1327 733 1358 tanti
749 1327 899 1359 facinoris
913 1328 1123 1367 capessivere.
1140 1336 1215 1357 nam
1225 1326 1373 1358 Scaevino

45 1375 201 1407 dissoluta
217 1375 293 1405 luxu
313 1383 402 1405 mens
417 1376 448 1406 et
466 1374 597 1414 proinde
612 1375 679 1405 vita
694 1383 806 1405 somno
824 1373 973 1414 languida
989 1384 996 1404 :
1013 1374 1227 1413 Quinctianus
1240 1373 1375 1405 mollitia

45 1421 190 1462 corporis
211 1421 339 1452 infamis
365 1425 396 1453 et
419 1431 437 1453 a
458 1423 583 1454 Nerone
610 1421 765 1462 probroso
788 1421 930 1452 carmine
953 1420 1139 1452 diffamatus
1161 1421 1374 1453 contumelias

48 1469 151 1500 ultum
167 1469 245 1502 ibat.

89 1521 123 1548 L.
149 1520 247 1557 Ergo,
270 1516 348 1548 dum
371 1517 502 1548 scelera
527 1518 716 1557 Principis,
742 1518 774 1547 et
791 1515 902 1556 finem
925 1514 1042 1547 adesse
1064 1516 1209 1555 imperio
1226 1513 1376 1555 delmen-

47 1565 199 1606 dumque
213 1566 270 1605 qni
282 1564 386 1603 fessis
402 1564 503 1595 rebus
519 1565 737 1595 succurreret
749 1588 758 1603 ,
773 1564 855 1594 inter
879 1572 912 1594 se
930 1565 985 1594 aut
1000 1563 1083 1594 inter
1099 1561 1374 1601 amicosjacinnt,

49 1621 258 1653 aggregavere
278 1611 419 1642 Tullium
435 1611 654 1650 senecionem,
674 1611 861 1642 Cervarium
886 1610 1077 1648 Proculum,
1090 1609 1277 1640 Vulcatium
1297 1612 1376 1640 Ara-

47 1661 163 1700 ricum,
173 1664 188 1692 J
193 1660 293 1691 ulium
303 1663 391 1698 'l'ugu
398 1659 514 1697 riuum,
525 1659 703 1690 Munatium
714 1659 858 1697 Gratum,
869 1658 1043 1689 Antonium
1052 1656 1212 1695 Natalem,
1220 1657 1377 1688 Marcium

48 1710 192 1747 Festum,
210 1706 339 1747 Equites
361 1710 538 1746 Romanos;
559 1715 597 1738 ex
616 1706 736 1746 quibus
759 1705 909 1745 Senecio,
938 1714 956 1737 e
981 1704 1145 1745 praecipua
1161 1703 1377 1736 familiaritate

48 1756 194 1794 Neronis,
213 1754 351 1795 speciem
371 1754 521 1785 amicitiae
538 1753 634 1784 etiam
656 1755 725 1784 tum
749 1753 889 1784 retinens
906 1762 943 1784 eo
966 1752 1112 1793 pluribus
1130 1750 1278 1792 periculis
1301 1760 1377 1782 con-

49 1801 240 1835 flictabatur.
271 1801 390 1832 Natalis
412 1801 572 1842 particeps
587 1801 626 1832 ad
644 1809 738 1831 omne
758 1802 917 1832 secretum
935 1799 1042 1831 Pisoni
1066 1799 1145 1830 erat.
1170 1798 1285 1829 ceteris
1303 1807 1376 1839 spes

47 1860 88 1884 ex
105 1848 196 1881 novis
222 1846 316 1878 rebus
340 1848 517 1887 petebatur.
549 1848 665 1879 Ascitae
682 1848 757 1877 sunt
771 1856 867 1886 super
883 1846 1056 1878 Subi-inum
1076 1848 1108 1877 et
1125 1845 1300 1885 Sulpicium
1311 1868 1320 1883 ,
1337 1843 1377 1875 de

48 1896 168 1938 quibus
181 1894 286 1933 retuli,
302 1893 455 1925 militares
469 1903 597 1933 manus,
612 1893 730 1925 Gavius
744 1893 887 1923 silvanus
897 1895 928 1923 et
939 1893 1059 1925 Statius
1073 1890 1378 1922 Proximustribuni

49 1943 232 1978 cohortium
248 1941 482 1982 praetoriarum,
498 1941 659 1972 Maximus
673 1943 810 1971 Scaurus
824 1941 855 1971 et
862 1941 1004 1970 Venetus
1019 1939 1146 1970 Paullus
1160 1937 1374 1969 centuriones.

49 1992 106 2025 sed
123 1998 287 2023 summum
304 1988 400 2019 robur
416 1989 449 2019 in
462 1989 560 2020 Fenio
574 1988 658 2019 Rufo
675 1988 828 2028 praefecto
843 1986 1023 2026 videbatur,
1038 1994 1133 2026 quem
1150 1985 1215 2016 vita
1229 1985 1378 2026 famaque

49 2038 214 2071 laudatum
241 2046 298 2078 per
329 2035 484 2068 saevitiam
509 2034 806 2076 impudicitiamque
833 2034 1005 2073 Tigellinus
1026 2033 1058 2064 in
1089 2032 1196 2063 animo
1223 2031 1379 2073 Principis

49 2085 192 2118 anteibat
210 2083 426 2124 fatigabatque
446 2082 724 2115 criminationibus
741 2090 778 2113 ac
795 2090 879 2122 saepe
899 2081 932 2112 in
947 2082 1072 2113 metum
1086 2079 1269 2112 adduxerat
1285 2080 1376 2120 quasi

44 2172 218 2204 fordicalia,
229 2171 262 2196 de
277 2171 374 2201 quihus
386 2170 496 2195 Ovidius
508 2189 514 2200 ,
533 2171 646 2195 fastor.
666 2170 708 2199 lv,
718 2173 905 2193 629—672.—5.
929 2169 1009 2193 Retro
1024 2173 1140 2197 versum,
1158 2166 1220 2191 loco
1238 2173 1287 2191 suo
1302 2173 1377 2191 emo-

51 2211 118 2233 tum.

80 2242 196 2267 XLVlll.
211 2247 232 2266 ί.
248 2242 316 2266 Anni
330 2242 359 2266 U.
374 2247 425 2269 eia,
441 2247 467 2271 p.
482 2242 542 2266 Chr.
563 2247 600 2265 as.
616 2254 643 2257 —
657 2246 679 2264 2.
692 2241 818 2264 Nomina
832 2240 904 2264 dare
917 2240 1026 2269 proprie
1041 2238 1170 2262 dicuntur
1182 2236 1279 2261 milites
1292 2238 1378 2267 magi-

49 2278 148 2302 stratui
162 2278 297 2302 delectum
308 2277 481 2301 habentk-³.
498 2277 535 2301 De
549 2283 602 2306 quo
616 2277 758 2306 legendum
771 2281 882 2299 carmen
897 2275 1055 2304 inscriptum
1079 2273 1274 2303 Paneqyrae’cus
1287 2273 1326 2298 ad
1336 2274 1375 2304 (C.

50 2313 234 2343 Calpurnium]
250 2314 449 2337 Ρῐεοηετη--ι,
466 2314 543 2341 Erga,
560 2313 589 2336 ut
603 2313 668 2336 alibi
684 2318 723 2341 ap.
738 2311 926 2335 Tacitum—5.
947 2312 989 2334 Sc.
1004 2311 1063 2334 erat
1077 2310 1112 2334 ab
1123 2315 1164 2332 eo.

81 2348 174 2373 xmx.
188 2354 207 2372 ι.
222 2349 380 2372 Mortis—2.
398 2349 478 2377 Cans
495 2348 652 2372 Pharsalia
665 2348 850 2376 superest—s.
863 2346 973 2370 Publice
990 2346 1116 2369 recitare.
1134 2345 1164 2368 ln
1185 2344 1369 2374 quinquenna-

51 2382 123 2407 libus
142 2383 209 2407 ludis
220 2385 248 2407 et
262 2385 384 2407 Lucanus
403 2385 431 2407 et
450 2384 522 2407 Nero
536 2384 671 2413 Orpheum
686 2383 858 2410 cecinerant;
873 2383 1022 2405 coronatus
1043 2382 1166 2405 Lucanus
1190 2378 1269 2403 bilem
1290 2378 1376 2404 movit

51 2419 277 2449 imperatori-⁴.
291 2419 335 2442 Sc.
348 2419 514 2447 studim-uun
528 2425 613 2443 vanus
621 2419 684 2442 dnm
697 2418 794 2442 sunnia
805 2419 1010 2442 consectaretur
1022 2418 1050 2440 et
1059 2415 1183 2440 aemulum
1197 2413 1300 2444 ageret.
