1539 2668
114 131 151 162 54
508 129 639 157 TACITI
662 127 869 156 ANNALIUM
892 129 965 157 LIB.
989 129 1018 157 11

110 206 236 237 veteres
250 204 474 244 centuriones,
496 211 625 235 severos
643 202 790 234 tribunos
809 202 995 235 demoveret
1014 202 1147 242 locaque
1169 209 1283 233 eorum
1304 200 1431 234 clienti-

108 252 171 284 bus
189 252 257 284 suis
274 251 324 283 vel
337 251 510 283 deterrimo
526 251 643 291 cuique
657 249 845 282 attribueret
858 273 867 290 ,
887 249 1044 281 desidiam
1061 249 1095 280 in
1120 248 1232 280 casti-is
1244 271 1253 288 ,
1269 246 1432 282 licentiam

107 299 142 330 in
159 299 314 338 urbibus,
332 307 450 338 vagum
466 306 503 330 ac
519 297 738 329 lascivientem
766 305 824 337 per
836 305 928 337 agros
946 296 1085 328 militem
1104 296 1244 334 sineret,
1266 303 1304 326 eo
1329 304 1432 336 usque

108 345 343 386 corruptionis⁷
367 348 541 386 provectus
556 345 623 383 est,
642 345 679 375 ut
695 352 841 376 sermone
857 343 944 384 vulgi
956 351 1086 384 parens
1102 343 1274 383 leyzionum
1297 341 1432 374 habere-

107 393 170 424 tur.
196 397 261 425 Nec
277 393 428 426 Plancina
444 401 478 424 se
493 393 579 423 intra
595 390 712 422 decora
727 391 854 423 seminis
867 390 1013 430 tenebat,
1032 390 1088 422 sed
1102 389 1254 421 exercitio
1268 389 1426 432 equitum,

106 440 297 472 decursibus
309 439 320 458 ⁸
337 439 523 472 cohortium
547 438 714 477 interesse,
740 438 775 470 in
788 438 997 479 Agrippinam
1007 462 1016 478 ,
1033 437 1065 468 in
1080 436 1306 469 Germanicum
1321 440 1430 469 contu-

105 487 218 519 melias
233 489 350 527 Jacere‚
360 486 551 527 quibusdam
569 485 671 523 ¹etiam
681 485 839 517 bonorum
851 485 992 517 militum
1007 484 1049 516 ad
1059 484 1141 515 mala
1155 483 1311 523 obsequia
1326 493 1431 524 prom·

104 534 187 574 ptis,
211 534 297 575 quod
312 533 410 567 haud
427 535 532 565 invito
546 534 763 573 Imperatore
779 541 822 565 ea
831 532 917 573 fieri
941 531 1090 563 occultus
1115 539 1227 562 rumor
1251 531 1431 563 incedebat.

145 585 224 613 LVI.
249 582 332 613 Nota
349 581 418 613 haec
433 579 641 619 Germanico;
665 580 723 612 sed
738 578 890 621 praeverti
905 578 946 611 ad
970 578 1139 611 Armenios
1159 578 1334 609 instantior
1354 586 1432 611 cura

102 627 174 659 fuit.
193 628 367 668 ambigua¹
394 636 473 668 gens
488 635 525 659 ea
540 626 720 667 antiquitus
744 626 914 659 hominum
941 624 1078 665 ingeniis
1106 626 1138 655 et
1162 624 1229 656 situ
1249 625 1429 666 terrarum,

103 675 258 714 quoniam
281 675 403 707 nostris
419 673 596 716 provinciis
613 673 679 705 late
691 674 850 715 praetenta
866 672 879 692 ²
896 672 1027 714 penitus
1050 670 1090 703 ad
1105 670 1214 702 Medos
1234 671 1431 712 porrigitur;

102 722 318 763 maximisque
341 721 485 763 imperiis
507 720 668 760 interjecti
693 722 727 753 et
739 721 862 762 saepius
878 718 1061 752 discordes³
1080 718 1174 757 sunt,
1193 716 1350 750 adversus
1373 723 1431 752 Ro·

102 776 217 801 manos
234 769 329 810 odio,
354 769 433 801 etin
450 768 604 801 Parthum
618 767 754 800 invidia.
770 777 878 809 regem
895 767 949 799 illa
963 767 1154 807 tempestate
1169 773 1235 796 non
1254 764 1430 806 habebant,

103 824 212 853 amoto
238 824 375 854 Vonone
388 821 399 840 ⁴
418 821 499 853 :sed
519 821 612 853 favor
632 820 772 853 nationis
799 819 975 852 inclinabat
999 818 1032 850 in
1059 822 1217 850 zenonem
1229 840 1238 856 ,
1251 817 1431 850 Polemonis

100 869 183 908 regis
202 869 326 901 Pontici
339 868 351 887 ὅ
368 868 489 908 filium,
508 868 595 909 quod
614 868 641 899 is
654 868 760 908 prima
775 867 816 899 ab
831 866 966 899 infantia
981 865 1127 897 instituta
1139 866 1172 896 et
1188 865 1312 896 cultum
1325 868 1429 897 Arme·

100 915 230 947 nicrum
243 915 418 948 aemulatus
433 917 553 948 venatu
566 939 575 955 ,
592 916 695 956 epulis
710 917 743 948 et
767 924 842 956 quae
854 914 916 946 alia
935 912 1064 945 barbari
1079 911 1261 952 celebrant,
1281 921 1429 953 proceres

99 962 291 1003 plebemque
304 963 400 1003 juxta
417 962 617 995 devinxerat.
642 963 740 1003 igitur
761 961 968 995 Germanicus
988 960 1023 991 in
1049 959 1129 991 urbe
1142 960 1294 991 Artaxata
1316 968 1428 1000 appro-

99 1007 252 1042 bantibus
268 1009 450 1049 nobilibus,
471 1009 666 1042 circumfusa
687 1009 916 1048 multitudine,
943 1007 1067 1047 insigne
1093 1007 1215 1046 regium
1240 1006 1338 1047 capiti
1361 1007 1431 1046 ejus

99 1056 265 1098 imposuit.
296 1057 396 1088 ceteri
419 1058 610 1089 venerantes
634 1066 741 1097 regem
773 1057 961 1088 Artaxiam
986 1054 1245 1093 consalutavere,
1267 1054 1355 1094 quod
1381 1054 1431 1086 illi

98 1104 294 1136 vocabulum
314 1103 498 1136 indiderant
511 1111 550 1136 ex
569 1105 701 1136 nomine
723 1103 815 1134 urbis
830 1103 856 1133 ⁶.
879 1103 920 1133 At
937 1101 1141 1141 Cappadoces
1154 1100 1189 1131 in
1207 1101 1344 1132 formam
1360 1110 1431 1142 pro-

98 1151 214 1182 vinciae
241 1150 387 1182 redacti⁷
414 1155 454 1191 Q.
478 1152 653 1183 Veranium
682 1151 823 1189 legatum
845 1157 996 1188 accepere
1005 1159 1014 1187 ;
1038 1149 1070 1179 et
1092 1147 1242 1187 quaedam
1269 1155 1309 1178 ex
1332 1147 1428 1187 regiis

98 1198 230 1229 tributis
260 1198 445 1237 deminuta,
473 1206 540 1237 quo
569 1197 682 1228 mitius
706 1200 891 1227 Romanum
916 1194 1087 1234 imperium
1112 1194 1306 1233 speraretur.
1338 1197 1428 1226 Com-

97 1245 240 1285 magenis
253 1249 294 1285 Q.
313 1248 457 1276 Servaeus
469 1244 681 1284 praeponitur,
704 1244 774 1274 tum
789 1242 930 1282 primum
946 1241 986 1272 ad
997 1240 1049 1280 jus
1064 1240 1210 1281 praetoris
1222 1240 1389 1273 translatis
1401 1242 1427 1271 ⁸.

137 1295 231 1323 LVII.
255 1293 445 1331 Cunctaque
461 1291 592 1322 socialia
609 1291 617 1309 ¹
638 1298 788 1331 prospere
804 1288 984 1329 composita
997 1296 1062 1318 non
1086 1287 1161 1319 ideo
1177 1287 1290 1319 laetum
1302 1292 1429 1321 Germa-

96 1338 206 1369 nicum
224 1337 390 1369 habebant
409 1336 421 1356 ²
442 1337 485 1369 ob
510 1336 698 1378 superbiam
723 1336 864 1374 Pisonis,
892 1335 948 1374 qui
970 1334 1080 1373 jussus
1106 1334 1231 1373 partem
1260 1334 1425 1375 legionum

96 1386 166 1425 ipse
183 1385 239 1416 aut
253 1392 312 1425 per
326 1384 427 1415 filium
449 1384 484 1414 in
498 1383 682 1415 Armeniam
699 1383 833 1420 ducere,
857 1382 1035 1420 utrumque
1051 1381 1245 1418 neglexerat.
1266 1381 1356 1421 Cyrri
1369 1381 1425 1413 de-

96 1440 187 1462 nium
201 1431 287 1472 apud
303 1431 438 1462 hiberna
453 1430 600 1462 decumae
615 1429 750 1469 legionis
769 1436 949 1460 convenere
962 1450 970 1465 ,
992 1427 1120 1459 firmato
1143 1427 1255 1467 vultu,
1281 1429 1353 1460 Piso
1373 1430 1425 1460 ad-

95 1487 210 1510 versus
236 1479 361 1510 metum
373 1502 381 1516 ,
399 1477 606 1510 Germanicus
619 1501 628 1516 ‚
645 1486 685 1508 ne
701 1476 818 1507 minari
840 1474 1026 1506 crederetur
1045 1484 1052 1505 :
1073 1474 1106 1506 et
1131 1475 1221 1513 erat,
1244 1476 1281 1506 ut
1308 1476 1426 1517 retuli,

95 1524 296 1557 clementior.
314 1518 375 1556 sed¹
385 1524 501 1564 amici,
522 1523 734 1555 accendendis
750 1521 984 1555 offensionibus
999 1520 1127 1557 callidi,
1152 1521 1321 1554 intendere
1336 1531 1425 1564 vera,

94 1580 245 1613 aggerere
261 1571 360 1610 falsa,
377 1571 551 1612 ipsumque
565 1572 598 1603 et
612 1571 797 1602 Plancinam
820 1569 853 1601 et
881 1568 964 1599 filios
987 1567 1089 1599 variis
1112 1567 1218 1600 modis
1245 1568 1422 1603 criminari.

93 1620 260 1661 postremo
276 1618 390 1659 paucis
406 1618 610 1649 familiarium
627 1617 799 1657 adhibitis,
823 1623 929 1648 sermo
946 1616 1071 1654 coeptus
1093 1623 1112 1646 a
1129 1618 1271 1656 Caesare,
1295 1617 1426 1656 qualem

92 1665 142 1697 ira
158 1666 190 1698 et
205 1665 422 1696 dissimulatio
443 1664 545 1705 gignit
560 1673 567 1695 :
589 1672 786 1705 responsum
803 1671 822 1694 a
838 1662 952 1694 Pisone
967 1660 1119 1701 precibus
1132 1663 1379 1695 contumacibus
1395 1664 1423 1705 ³,

92 1711 374 1751 discesseruntque
394 1711 514 1752 opertis
529 1711 622 1743 odiis.
640 1712 778 1752 postque
794 1718 887 1741 rarus
909 1708 943 1739 in
958 1708 1111 1739 tribunali
1129 1709 1263 1741 Caesaris
1282 1710 1354 1742 Piso
1366 1734 1375 1750 ‚
1390 1711 1424 1744 et

91 1760 120 1792 si
142 1759 273 1800 quando
293 1758 467 1799 assideretf,
481 1759 574 1790 atrox
590 1766 627 1790 ac
642 1757 810 1790 dissentire
831 1755 1034 1788 manifestus.
1055 1763 1120 1786 vox
1137 1764 1265 1796 quoque
1280 1756 1348 1795 ejus
1367 1766 1420 1789 au-

92 1806 160 1838 dita
176 1807 223 1838 est
239 1806 273 1837 in
287 1806 451 1845 convivio,
464 1814 566 1846 quum
583 1805 669 1845 apud
685 1813 793 1845 regem
806 1803 1032 1836 Nabataeorum
1046 1811 1173 1833 coronae
1186 1811 1292 1834 aureae
1305 1812 1421 1843 magno

90 1853 234 1894 pondere
252 1852 373 1886 Caesari
384 1853 416 1884 et
426 1851 620 1893 Agrippinae,
634 1852 722 1883 leves
734 1850 842 1882 Pisoni
856 1852 888 1881 et
904 1848 1018 1880 ceteris
1033 1849 1238 1889 offerrentur,
1249 1852 1420 1890 Principis

90 1902 259 1940 Romani,
280 1908 348 1932 non
364 1899 492 1932 Parthi
504 1898 677 1940 reyisfilz'o
691 1907 749 1930 eas
768 1897 891 1938 epulas
910 1896 990 1928 dari
1005 1895 1015 1914 ⁴
1033 1907 1040 1925 z
1061 1895 1245 1936 abjecitque
1260 1896 1360 1929 simul
1369 1906 1420 1930 co-

90 1956 204 1978 ronam
222 1949 254 1978 et
269 1947 373 1978 multa
394 1946 428 1977 in
450 1946 565 1978 luxum
586 1945 734 1986 addidit,
759 1953 835 1985 quae
852 1942 1042 1976 Germanico
1060 1951 1257 1984 quamquam
1281 1944 1418 1984 acerba,

89 1993 313 2026 tolerabantur
328 1996 449 2025 tamen.

90 2074 225 2098 Pisonem.
239 2086 268 2091 -
278 2078 304 2098 7.
321 2074 416 2097 Active
427 2079 434 2097 :
447 2073 649 2103 corrumpendo
661 2073 795 2103 legiones.
811 2088 839 2093 -
851 2082 874 2101 a.
887 2073 990 2100 Galllce
1001 2080 1096 2100 revue.

121 2109 182 2133 LVI.
199 2114 221 2132 ι.
236 2109 342 2132 Incerta
355 2108 418 2132 fide.
430 2120 459 2128 -ι
480 2113 504 2132 2.
517 2109 596 2132 Fines
609 2109 811 2138 provinciarum
823 2111 974 2135 nostrarum
989 2109 1044 2134 late
1057 2110 1179 2138 cingens.
1196 2118 1223 2123 —-
1237 2110 1260 2130 s.
1270 2105 1331 2130 Non
1345 2106 1418 2130 inter

89 2146 133 2173 se‘,
153 2143 201 2167 sed
214 2143 353 2167 adversus
373 2143 515 2167 Romanos
531 2144 584 2167 etc.
595 2156 623 2160 —
635 2148 661 2168 ⁴.
679 2144 746 2168 Vide
758 2150 782 2169 c.
796 2149 819 2169 ⁴.
834 2158 863 2166 ο-
873 2151 894 2169 5.
907 2145 1029 2172 Polemo,
1041 2143 1157 2168 zenonis
1169 2141 1286 2166 rhetoris
1298 2141 1377 2169 filius,
1388 2146 1414 2165 a.

89 2180 120 2205 U.
136 2183 179 2203 ⁷¹9
190 2184 240 2208 per
254 2178 402 2202 Antonium
425 2179 453 2202 et
478 2180 629 2207 Augustum
652 2185 765 2208 regnum
785 2179 907 2210 adeptus,
934 2181 1000 2204 tnnc
1019 2180 1140 2203 mortuus
1154 2178 1222 2205 erat,
1236 2177 1263 2200 et
1277 2177 1378 2201 Pontus
1399 2180 1416 2199 a

89 2213 298 2244 prudentissima
319 2219 402 2237 uxore
419 2214 478 2243 ejus
494 2213 674 2242 Pythodoride
690 2214 848 2244 regebatur.
865 2226 893 2232 —-
906 2220 929 2239 e.
942 2214 998 2240 Nisl
1020 2215 1111 2244 potius
1130 2213 1164 2237 ab
1183 2217 1248 2241 rege
1267 2210 1412 2237 Artaoen'a,

91 2248 232 2274 conditore
243 2248 314 2272 illius
327 2248 415 2278 urbis,
428 2249 502 2273 circa
515 2253 538 2271 a.
551 2253 596 2272 200
614 2254 637 2272 a.
649 2249 711 2274 Chr.
724 2261 756 2269 -
766 2254 788 2274 ⁷.
800 2250 864 2274 Vide
875 2255 897 2274 c.
913 2254 947 2274 σε.
962 2261 989 2266 —-
1004 2255 1026 2273 a.
1038 2250 1070 2274 Et
1080 2249 1136 2278 jam
1154 2253 1170 2272 a
1186 2246 1352 2276 propraetore
1365 2245 1413 2271 ad-

91 2283 285 2309 ministrandis.

121 2319 196 2343 Lvu.
223 2324 243 2343 ι.
267 2318 286 2343 1.
306 2323 331 2342 e.
353 2324 397 2343 res
416 2319 562 2343 sociorum.
575 2331 603 2337 -
622 2324 644 2342 2.
661 2319 767 2349 Aliquid
787 2326 830 2344 me
842 2319 926 2344 habet
943 2319 1041 2343 zaetum
1054 2319 1114 2347 est,
1135 2317 1162 2341 vi
1176 2315 1289 2346 alicuius
1310 2314 1350 2339 rei
1368 2314 1417 2350 vel,

90 2355 204 2383 propter
213 2353 328 2382 aliquam
342 2359 400 2378 rem
413 2359 471 2378 sum
482 2353 567 2378 laetus.
578 2365 609 2372 --
619 2359 641 2378 ⁵.
656 2356 781 2379 Precibus
791 2356 861 2380 inter
870 2361 937 2384 quas
950 2353 1121 2378 contumacia
1133 2351 1285 2381 appareret.
1293 2362 1323 2368 —
1333 2354 1358 2374 ⁴.
1369 2349 1412 2375 Ac

90 2388 204 2418 proinde
217 2394 272 2413 non
284 2389 352 2413 adeo
365 2389 516 2414 luxuriosas
529 2390 557 2414 ct
569 2389 718 2415 barbaricae
734 2390 937 2421 magnificentiae
950 2389 1043 2419 plenas
1055 2394 1113 2413 esse
1127 2387 1237 2412 debere.
