1539 2668
489 137 524 166 Δ.
551 136 589 165 U.
613 135 648 165 C.
674 136 746 165 822.
771 137 806 166 A.
832 137 867 166 C.
893 137 944 166 69.
1319 139 1376 168 381

48 217 169 260 quippe
183 214 245 247 illis
267 211 412 244 hibernis
435 208 574 241 obsideri
601 209 768 250 premique
785 210 968 243 Germanias
996 210 1156 250 Augustus
1181 210 1378 252 crediderat,

48 273 154 305 neque
171 269 325 302 umquam
343 259 350 277 ¹
371 258 405 290 id
430 257 589 289 malorum
610 258 647 288 ut
659 260 879 298 oppugnatum
899 258 985 289 ultro
999 257 1141 297 legiones
1158 260 1282 290 nostras
1296 259 1380 291 veni-

48 312 132 345 rent.
154 309 228 341 iude
251 316 315 339 non
341 307 411 338 loco
426 314 529 346 neque
546 304 757 336 munimentis
780 305 869 337 labor
893 305 1044 344 additus3
1070 305 1119 335 vis
1136 307 1168 335 et
1190 314 1279 337 arma
1304 306 1380 338 satis

49 357 230 400 placebant.
250 355 361 387 Batavi
379 352 697 392 Transrhenanique,
722 361 786 392 quo
802 353 941 385 discreta
957 352 1060 383 virtus
1088 352 1290 384 manifestius
1310 362 1378 394 spe-

49 406 204 444 ctaretur,
220 403 281 435 sibi
297 402 308 420 ²
328 408 467 442 quaeque
484 408 562 440 gens
579 399 772 439 consistunt,
791 401 917 431 eminus
930 400 1131 431 lacessentes.
1147 403 1220 439 post
1244 400 1299 431 ubi
1312 401 1379 441 ple-

48 459 148 492 raque
170 451 309 483 telorum
337 448 482 480 turribus
507 446 677 487 pinnisque
702 448 856 479 moenium
881 447 970 478 irrita
995 446 1160 478 haerebant
1183 448 1216 478 et
1241 446 1379 488 desuper

48 498 135 530 saxis
160 497 435 535 vulnerabantur,
461 494 602 526 clamore
630 497 728 534 atque
751 495 873 535 impetu
896 496 1044 526 invasere
1064 494 1196 534 vallum,
1225 495 1378 534 appositis

46 545 192 586 plerique
206 544 312 584 scalis,
337 543 390 574 alii
411 551 467 583 per
484 541 682 574 testudinem
702 550 849 573 suorum.
865 542 1126 582 scandebantque
1141 541 1207 581 Jam
1224 541 1377 582 qnidam,

46 601 147 633 quum
161 591 273 631 gladiis
289 592 322 622 et
342 598 506 622 armorum
523 589 654 620 incussu
674 589 866 629 praecipitati
891 589 1026 620 sudibus
1043 589 1075 620 et
1093 588 1164 629 pilis
1181 588 1377 628 obruuntur,

44 639 234 679 praeferoces
249 638 342 669 initio
357 641 389 669 et
405 637 502 669 rebus
514 636 663 667 secundis
678 636 778 667 nimii.
792 637 845 668 sed
861 639 930 668 tum
946 636 1063 677 praedae
1079 636 1231 676 cupidine
1244 636 1379 667 adversa

44 694 173 726 quoque
186 685 366 717 tolerabant
382 695 389 715 :
406 685 569 716 machinas
584 685 695 722 etiam,
710 684 874 715 insolitum
889 684 962 723 sibi,
980 683 1060 715 ausi.
1075 692 1134 714 nec
1153 683 1218 714 ulla
1235 683 1311 723 ipsis
1324 691 1378 714 so-

43 732 135 764 lertia
149 743 156 763 :
172 733 313 773 perfugae
328 732 514 772 captivique
535 731 694 762 docebant
721 733 845 762 struere
862 731 1012 763 materias
1037 731 1070 761 in
1094 730 1227 761 modum
1250 731 1377 770 pontis,

44 786 121 810 mox
146 779 298 819 subjectis
315 780 393 810 rotis
411 779 606 820 propellere,
635 779 672 809 ut
696 777 749 808 alii
773 780 991 818 superstantes
1008 779 1174 817 tamquam
1203 786 1243 808 ex
1264 785 1378 817 aggere

42 826 278 866 proeliarentur,
307 835 380 866 pars
403 827 490 857 intus
513 824 633 856 occulti
648 833 757 855 muros
777 825 981 856 subruerent.
1009 824 1064 855 sed
1085 832 1217 855 excussa
1245 823 1377 857 ballistis

42 881 119 905 saxa
144 874 287 904 stravere
312 873 451 904 informe
468 880 556 912 opus.
577 873 609 903 et
631 873 733 902 crates
756 871 934 911 vineasque
951 870 1140 911 parantibus
1164 871 1288 902 adactae
1309 872 1377 903 tor-

42 919 161 952 mentis
183 919 333 951 ardentes
358 919 480 958 hastae,
500 918 651 958 ultroque
677 918 736 958 ipsi
761 920 997 958 oppugnatores
1027 917 1154 956 ignibus
1171 918 1376 958 petebantur,

41 966 144 998 donec
158 966 324 1008 desperata
338 968 369 998 vi
388 967 551 998 verterent
567 965 737 996 consilium
755 965 795 996 ad
814 974 918 996 moras
932 989 940 1004 ,
968 964 1052 995 hand
1071 964 1173 1004 ignari
1201 973 1377 1004 paucorum

42 1011 167 1045 dierum
189 1014 294 1046 inesse
308 1014 462 1045 alimenta
478 1015 510 1044 et
525 1013 664 1044 multum
682 1012 821 1043 imbellis
839 1012 956 1043 turbae.
974 1012 1068 1043 simul
1086 1020 1125 1043 ex
1143 1011 1250 1051 inopia
1269 1011 1377 1052 prodi-

41 1059 87 1091 tio
103 1062 135 1092 et
149 1060 235 1092 [luxa
250 1061 457 1092 servitiorum
473 1060 551 1091 fides
567 1068 603 1091 ac
618 1059 750 1090 fortuita
766 1059 840 1090 belli
853 1060 1077 1099 sperabantur.

83 1110 191 1138 XXIV.
216 1108 346 1139 Flaccus
362 1107 504 1145 interim,
522 1107 649 1147 cognito
663 1108 842 1137 castrorum
861 1106 985 1137 obsidio
1005 1108 1037 1137 et
1061 1105 1165 1137 missis
1185 1115 1243 1146 per
1263 1106 1377 1138 Gallias

43 1153 98 1195 qui
116 1153 238 1184 auxilia
252 1155 436 1194 concirent,
454 1154 552 1184 lectos
569 1162 585 1184 e
600 1152 780 1192 legionibus
797 1153 892 1183 Dillio
907 1153 1038 1183 Voculae
1052 1153 1316 1184 duoetvicesimae
1330 1153 1376 1184 le·

42 1199 146 1239 gionis
159 1200 263 1241 legato
278 1201 396 1238 tradit,
414 1202 450 1232 ut
468 1209 564 1241 quam
583 1200 733 1230 maximis
749 1208 806 1239 per
824 1200 925 1239 ripam
940 1199 1109 1230 itineribus
1123 1200 1293 1239 celeraret,
1308 1200 1378 1240 ipse

42 1247 190 1287 navibus,
207 1248 367 1279 invalidus
381 1257 527 1288 corpore,
544 1247 668 1278 invisus
685 1247 851 1278 militibus.
868 1256 973 1287 neque
987 1247 1073 1277 euim
1092 1247 1240 1286 ambigue
1257 1248 1373 1279 freme-

42 1293 141 1325 bant:
164 1307 179 1322 «
202 1295 333 1327 emissas
351 1305 368 1327 a
385 1295 585 1335 Magontiaco
603 1297 797 1325 Batavorum
824 1294 973 1325 cohortes
989 1318 998 1333 ‚
1022 1294 1242 1325 dissimulatos
1270 1295 1378 1326 civilis

44 1353 59 1368 «
79 1342 233 1381 conatus,
258 1342 373 1373 adsciri
393 1342 423 1373 in
442 1342 629 1373 societatem
644 1345 830 1372 Germanos.
849 1350 912 1371 non
933 1341 1031 1371 Primi
1047 1341 1173 1372 Antonii
1189 1350 1293 1381 neque
1309 1345 1377 1372 Mu-

43 1399 58 1414 «
79 1387 161 1419 ciani
180 1397 241 1428 ope
272 1388 504 1428 Vespasianum
533 1389 636 1428 magis
652 1387 840 1419 adolevisse.
866 1390 975 1428 aperta
997 1388 1071 1418 odia
1093 1396 1246 1427 armaque
1272 1388 1377 1428 palam

44 1447 59 1462 «
79 1433 195 1474 depelli
214 1445 221 1465 ε
246 1435 392 1466 fraudem
417 1438 450 1467 et
472 1435 582 1466 dolum
601 1435 751 1475 obscura,
777 1443 879 1474 eoque
906 1434 1115 1465 inevitabilia.
1136 1435 1268 1466 Civilem
1294 1437 1378 1466 stare

43 1493 59 1509 «
77 1483 200 1521 contra,
216 1484 339 1513 struere
354 1483 454 1513 aciem
470 1493 476 1513 :
495 1482 713 1513 Hordeonium
728 1491 745 1513 e
758 1481 910 1513 cubiculo
921 1483 952 1512 et
968 1482 1085 1513 lectulo
1099 1482 1212 1521 jubere
1223 1481 1378 1522 quicquid

44 1539 59 1554 α
77 1527 161 1559 hosti
180 1529 353 1560 conducat.
371 1531 420 1560 tot
440 1532 581 1560 armatas
606 1529 858 1560 fortissimorum
876 1529 1020 1560 virorum
1042 1538 1156 1560 manus
1183 1529 1277 1560 unius
1294 1528 1378 1560 senis

42 1586 58 1602 ι(
75 1575 262 1607 valetudine
281 1576 357 1615 regi.
376 1577 454 1616 quin
470 1577 578 1616 potius
601 1576 770 1608 interserto
787 1576 944 1607 traditore
969 1576 1131 1606 fortunam
1158 1576 1377 1616 virtutemque

42 1632 59 1648 α
76 1630 169 1653 suam
187 1624 271 1654 malo
285 1624 392 1654 omine
408 1624 620 1655 exsolverent.
635 1637 649 1651 υ
679 1624 735 1655 His
749 1624 832 1654 inter
850 1632 883 1654 se
898 1623 1033 1653 vocibus
1050 1623 1223 1654 instinctos
1237 1624 1377 1654 llamma-

40 1675 114 1700 vere
131 1669 265 1711 insuper
280 1671 384 1702 allatae
402 1680 419 1701 a
435 1671 630 1710 Vespasiano
644 1671 774 1709 litterae,
789 1678 869 1710 quas
897 1671 1039 1709 Flaccus,
1061 1670 1136 1709 quia
1152 1670 1308 1701 occultari
1326 1678 1377 1702 ne-

41 1715 197 1757 quibant,
223 1726 281 1757 pro
295 1718 448 1748 concione
465 1718 631 1758 recitavit,
645 1718 849 1757 vinctosque,
867 1717 922 1757 qui
937 1717 1131 1757 attulerant,
1150 1717 1192 1748 ad
1208 1717 1375 1749 Vitellium

42 1761 140 1793 misit.

82 1813 175 1841 XXV.
194 1809 246 1841 sie
271 1810 425 1850 mitigatis
448 1810 563 1841 animis
582 1814 744 1850 Bonnam,
771 1811 905 1842 hiberna
927 1811 1038 1851 primae
1054 1811 1207 1850 legionis,
1228 1811 1373 1843 ventum.

41 1856 193 1887 insensior
209 1856 275 1888 illic
299 1858 393 1888 meils
418 1857 545 1896 culpam
573 1856 673 1888 cladis
689 1857 722 1887 in
747 1857 966 1888 Hordeonium
987 1858 1155 1888 vertebat:
1172 1871 1187 1884 «
1203 1858 1376 1897 ejusjussu

44 1916 59 1931 κ
77 1903 233 1934 directam
253 1903 409 1935 adversus
424 1906 561 1935 Batavos
584 1904 684 1934 aciem
696 1927 704 1942 ,
722 1904 888 1943 tamquam
909 1912 926 1934 a
946 1905 1149 1942 Magontiaco
1169 1904 1308 1944 legiones
1330 1913 1377 1936 se·

43 1963 58 1978 α
76 1951 272 1991 querentur3
296 1951 441 1991 ejusdem
462 1950 642 1990 proditione
657 1959 758 1981 caesos
770 1974 778 1989 ,
796 1950 893 1981 nullis
915 1950 1218 1991 supervenientibus
1238 1951 1374 1983 auxiliis.

43 2010 58 2024 «
77 1998 184 2037 ignota
208 1997 277 2028 haec
294 1998 409 2029 ceteris
432 1997 645 2037 exercitibus,
670 2006 775 2037 neque
793 1997 981 2036 imperatori
1003 2006 1064 2029 suo
1081 1998 1243 2037 nuntiari,
1274 2007 1377 2038 quum

42 2056 59 2071 «
76 2053 212 2076 accursu
228 2045 278 2075 tot
295 2045 534 2085 provinciarum
561 2044 723 2084 exstingui
742 2053 855 2084 repens
873 2043 1004 2084 pertidia
1023 2046 1173 2085 potuerit.
1194 2058 1209 2073 n
1238 2045 1377 2077 Hordeo-

42 2091 115 2123 nius
127 2091 320 2132 exemplaria
336 2092 481 2123 omnium
496 2091 675 2123 litterarum
688 2115 697 2131 ,
718 2091 837 2131 quibus
853 2100 909 2131 per
931 2092 1046 2123 Gallias
1062 2092 1322 2132 Britanniamque
1344 2095 1378 2128 et

43 2137 211 2178 Hispanias
224 2139 343 2170 auxilia
357 2139 490 2179 orabat,
508 2138 667 2171 exercitui
684 2138 852 2177 recitavit,
878 2139 1086 2179 instituitque
1108 2139 1282 2179 pessimum
1300 2140 1379 2172 faci.

44 2192 126 2225 nus,
153 2185 191 2216 ut
212 2186 356 2226 epistolae
379 2186 556 2227 aquiliferis
584 2186 745 2225 legionum
769 2185 1017 2226 traderentur13
1042 2195 1061 2218 a
1088 2188 1160 2226 quis
1185 2187 1259 2218 ante
1282 2186 1377 2219 militi

46 2239 143 2272 quam
164 2231 300 2265 ducibus
326 2233 526 2274 legebantur.
557 2234 627 2265 tum
654 2242 672 2265 e
697 2232 859 2265 seditiosis
884 2241 985 2264 unum
1008 2233 1124 2265 vinciri
1141 2233 1251 2274 iubet,
1277 2233 1376 2274 magis

47 2278 220 2318 usurpandi
232 2280 314 2319 juris
330 2280 341 2298 ²
364 2289 462 2322 quam
480 2280 556 2321 quia
572 2280 669 2312 unius
686 2279 782 2320 culpa
797 2279 890 2312 foret.
909 2282 1080 2321 motusque
1094 2285 1204 2312 Bonna
1216 2280 1376 2313 exercitus

74 2346 171 2370 xxm.
187 2352 207 2371 ι.
220 2348 263 2372 Sc.
279 2347 347 2379 tore,
360 2350 532 2374 eventurum.
543 2362 571 2367 —
583 2354 605 2373 2.
617 2347 668 2373 Pro
679 2353 708 2372 se
720 2355 727 2373 :
742 2354 855 2380 quaeque
867 2355 915 2374 suo
927 2349 997 2378 loeo.
1010 2350 1135 2380 separata
1151 2349 1185 2374 ab
1202 2349 1271 2374 aliis.

47 2381 207 2444 ὄθΧέἓέιρὼ
216 2382 251 2408 Ut
264 2388 323 2414 quae
334 2385 424 2409 essent
437 2385 472 2410 ad
484 2385 570 2416 signa,
585 2385 612 2409 tn
629 2383 770 2416 principiis
783 2384 935 2411 recitanda.
947 2398 976 2404 -
986 2390 1008 2410 ε.
1022 2385 1064 2412 Sc.
1081 2390 1178 2417 causa,
1199 2385 1230 2410 ut
1243 2385 1316 2411 Ann-
1334 2381 1374 2413 u,

79 2435 85 2447 ὓ
170 2423 177 2441 Ῐ
210 2434 218 2444 ⁸
