1539 2668
503 151 540 178 A.
565 150 604 178 U.
629 150 663 178 C.
686 149 757 178 801.
781 150 817 178 A.
843 151 877 179 C.
902 150 953 179 48.
1337 154 1396 185 163

67 225 213 257 audierat
228 250 236 263 ‚
256 224 425 265 promptus
438 248 447 263 ‚
461 223 683 255 discordantes
696 223 730 254 in
746 224 917 256 consilium
931 224 1027 256 vocat
1041 232 1078 255 ac
1086 232 1248 264 promere
1264 229 1396 260 senten-

68 274 155 306 tiam
167 275 199 304 ec
215 272 364 310 adjicere
381 273 529 302 rationes
540 270 643 310 Jubet.

108 323 149 351 ΙΙ.
173 319 340 350 Narcissus
355 320 452 350 velus
471 319 736 349 matrimonium
753 317 776 357 ¹,
795 318 978 358 familiam
993 326 1207 350 communem
1224 319 1315 359 (nam
1331 324 1394 352 An-

65 365 155 398 tonia
180 375 220 397 ex
243 365 353 397 Petina
378 365 487 405 erat),
511 364 599 396 nihil
624 367 660 396 in
678 366 866 405 penatibus
896 366 969 406 ejus
990 374 1115 397 novum
1144 365 1341 407 disserebat,
1365 370 1396 400 si

62 416 167 447 sueta
180 413 308 452 couJ'ua:
328 412 475 451 rediret,
509 411 784 452 haudquaquam
808 413 1047 444 novercalibus
1074 412 1162 444 odiis
1176 415 1297 445 visura
1318 417 1396 446 Bri-

64 462 248 494 tannicum
270 462 303 490 et
322 461 497 491 Octaviam
509 483 517 498 ‚
528 461 695 499 proxima
710 462 783 490 suis
798 462 962 499 pt‘yuorcz.
980 459 1146 499 Callistus,
1164 461 1396 501 improbatam

63 509 164 548 lonqo
176 506 319 539 discidio
331 531 339 545 ‚
354 515 395 537 uc
411 508 439 537 si
458 515 580 537 rursus
598 509 849 546 assumeretur,
867 516 903 538 eo
917 509 989 548 ipso
999 507 1185 547 superbam
1194 519 1207 545 ,·
1233 507 1398 550 lonqeque

61 557 188 586 rectius
197 554 348 586 Lolliam
361 553 490 593 induci,
501 553 640 594 quando
656 554 771 585 nullos
786 554 908 585 liberos
919 556 1087 595 qenuisset
1097 553 1122 592 ²,
1134 563 1278 586 vacuam
1290 564 1396 588 cemu-

63 602 187 634 late'one
214 603 247 632 et
271 602 440 641 priviqnis
462 603 622 640 parentis
649 600 721 631 loco
738 600 921 639 suturam.
955 603 988 632 at
1026 601 1127 632 Pallas
1154 601 1185 632 id
1205 602 1346 635 maxime
1362 604 1397 635 in

60 648 234 688 Agrippina
251 648 398 686 laudare,
427 647 518 688 quod
536 649 727 679 Germauit'i
744 650 897 688 nepotem
912 649 923 666 ³
941 657 1053 680 secum
1069 649 1234 689 traheret,
1251 650 1398 690 (ligyrium

57 702 202 735 prorsus
220 695 635 735 imperatoriafortuna;
652 697 794 735 slirpem
811 696 957 727 nobilem
974 695 1000 735 ⁴,
1019 696 1218 735 etsumilae'oe
1237 697 1398 731 Claudite

59 749 139 782 quae
157 745 312 782 posleros
337 742 576 782 conjunqeret,
602 742 790 781 neseminu
808 746 963 783 espertse
971 743 1240 783 soe(·c(›1(lilatis‚
1259 746 1397 786 inleyrli

50 789 203 830 juventa
216 814 226 828 ,
255 789 501 820 claritudinem
518 790 697 820 Ccesarum
714 790 724 806 ⁵
743 790 852 821 aliam
871 792 904 820 in
924 790 1060 821 domum
1078 791 1204 829 serres.

101 839 156 868 III.
181 837 382 868 Praevaluere
412 836 498 875 inec,
528 836 637 875 adjuta
660 837 843 876 Agrippinae
871 837 1047 877 illecebris,
1068 847 1140 877 quae
1167 837 1207 868 ad
1236 848 1311 870 eum
1340 848 1397 879 per

58 883 197 924 speciem
214 884 465 915 necessitudinis
486 884 492 901 ¹
513 885 625 915 crebro
644 884 835 915 ventitando
861 884 983 924 pellicit
1008 888 1178 924 patruum,
1203 887 1237 916 ut
1262 886 1398 926 praelata

57 931 172 963 ceteris
188 933 220 962 et
244 931 386 961 nondum
406 940 498 970 uxor,
519 932 661 971 potentia
679 932 792 962 uxoria
805 931 872 970 jam
896 934 1052 963 uteretur.
1080 942 1155 963 nam
1176 932 1230 963 ubi
1252 933 1302 963 sui
1326 942 1395 965 ma-

57 978 203 1010 trimonii
232 980 320 1009 certa
343 978 427 1016 fnit,
455 981 579 1009 struere
607 978 729 1017 majora
755 979 949 1019 nuptiasque
978 979 1132 1018 Domitii,
1160 988 1257 1019 quem
1277 988 1317 1010 ex
1337 985 1395 1013 Cu.

58 1025 246 1057 Aenobarbo
263 1028 417 1065 genuerat
431 1024 457 1064 ²,
473 1028 505 1056 et
523 1027 678 1066 Octaviae,
694 1026 829 1057 Caesaris
845 1026 930 1065 tiliae,
949 1027 1053 1057 moliri
1069 1036 1075 1056 :
1092 1026 1178 1067 quod
1195 1027 1264 1058 sine
1277 1028 1397 1061 scelere

57 1073 233 1112 perpetrari
251 1082 314 1103 non
332 1074 476 1112 poterat,
496 1072 571 1112 qnia
596 1078 628 1104 L.
655 1074 762 1104 silano
779 1073 993 1113 desponderat
1019 1073 1187 1105 Octaviam
1205 1078 1323 1113 Caesar,
1347 1079 1397 1116 ju-

58 1127 242 1160 venemque
269 1121 299 1150 et
328 1119 390 1149 alia
411 1119 421 1136 ³
441 1120 564 1150 clarum
593 1120 710 1160 insigni
734 1120 980 1160 triumphalium
997 1122 1029 1151 et
1054 1121 1235 1160 gladiatorii
1253 1122 1397 1153 muneris

57 1166 298 1206 magnificentia
316 1167 495 1206 protulerat
522 1166 562 1198 ad
580 1167 689 1198 studia
707 1167 808 1207 vulgi.
837 1167 894 1198 sed
911 1167 991 1198 nihil
1009 1167 1148 1198 arduum
1167 1168 1340 1199 videbatur
1362 1168 1396 1200 in

57 1213 166 1245 animo
183 1213 356 1252 Principis,
375 1213 426 1243 cui
446 1222 508 1243 non
524 1214 682 1252 J'udieium
698 1238 706 1252 ,
725 1223 790 1244 non
807 1214 917 1245 odium
935 1216 1004 1245 erat
1021 1215 1080 1245 nisi
1100 1214 1200 1245 indita
1223 1217 1254 1246 et
1270 1216 1372 1254 jussa.

100 1264 152 1292 lV.
177 1260 280 1300 Igitur
294 1260 457 1298 Vitellius,
469 1261 599 1291 nomine
613 1261 755 1292 censoris
770 1262 903 1292 serviles
921 1262 1061 1292 fallacias
1075 1261 1230 1301 obtegens
1245 1262 1396 1302 ingruen-

56 1307 203 1347 tiumque
220 1307 479 1338 dominationum
497 1308 654 1347 provisor,
671 1318 736 1348 quo
749 1309 885 1348 gratiam
901 1308 1083 1348 Agrippinae
1100 1311 1239 1349 pararet,
1255 1312 1396 1343 consiliis

55 1354 124 1393 ejus
142 1354 300 1394 implicari
314 1378 322 1393 ,
341 1355 423 1385 serre
439 1354 574 1385 crimina
592 1355 625 1385 in
641 1355 802 1394 Silanum,
821 1356 872 1386 cui
890 1365 965 1386 sane
982 1355 1097 1386 decora
1111 1357 1143 1386 et
1156 1364 1276 1394 procax
1291 1366 1393 1399 soror,

55 1402 152 1433 Junia
169 1400 302 1432 Calvina
317 1425 325 1439 ,
353 1400 436 1432 baud
471 1402 610 1432 multum
642 1404 717 1432 ante
745 1402 866 1432 Vitellii
894 1411 995 1433 nurus
1012 1402 1127 1433 suerat.
1156 1402 1231 1433 hine
1262 1403 1393 1436 initium

54 1448 286 1486 accusationis3
315 1448 537 1487 sratrumque'
560 1458 625 1479 nou
645 1448 824 1485 incestum,
849 1449 904 1479 sed
925 1449 1158 1479 iuvustoditum
1180 1458 1323 1480 amorem
1352 1451 1393 1482 ad

53 1495 218 1530 infamiam
233 1495 342 1526 traxit.
362 1497 394 1525 et
410 1495 573 1535 praebebat
591 1500 696 1526 Caesar
709 1504 801 1526 aures
812 1519 820 1534 ,
839 1495 1037 1536 accipiendis
1052 1496 1225 1527 adversum
1239 1505 1393 1536 generum

50 1542 293 1582 suspicionibus
320 1542 455 1573 caritate
473 1542 547 1573 tiliae
565 1542 755 1582 promptior.
774 1544 806 1572 at
831 1542 957 1574 Silanus
974 1542 1165 1573 insidiarum
1184 1544 1331 1583 nescius,
1352 1554 1392 1577 ac

52 1589 136 1621 forte
152 1598 190 1620 eo
207 1598 291 1619 anuo
310 1592 440 1628 praetor,
463 1591 593 1629 repente
608 1597 664 1628 per
681 1589 823 1619 edictum
840 1589 960 1620 Vitellii
977 1589 1090 1620 ordine
1107 1589 1268 1620 senatorio
1281 1599 1394 1624 move-

51 1637 117 1676 tur,
144 1645 341 1676 quamquam
365 1637 447 1667 lecto
476 1636 602 1676 pridem
619 1635 630 1653 ²
653 1638 767 1666 senatu
797 1636 963 1676 lustroque
992 1637 1134 1668 condito.
1160 1637 1259 1668 simul
1285 1637 1392 1670 affini-

51 1684 152 1715 tatem
183 1683 333 1714 (Jlaudius
361 1682 508 1722 diremit,
539 1683 739 1722 adactusque
767 1683 893 1714 Silanus
921 1685 1047 1724 eJurare
1067 1683 1078 1701 ³
1104 1684 1342 1725 magistratum,
1359 1686 1392 1716 et

53 1731 197 1770 reliquus
215 1732 365 1770 praeturae
385 1730 476 1761 dies⁴
504 1730 537 1760 in
559 1730 689 1769 Eprium
708 1731 892 1762 Marcellum
910 1732 1046 1762 collatus
1065 1733 1136 1762 ests

97 1782 136 1808 V.
161 1781 194 1809 C.
220 1778 373 1816 Pompeio
386 1800 394 1814 ‚
413 1782 451 1816 Q.
471 1778 609 1808 Veranio
624 1781 713 1808 Coss.
733 1778 739 1794 ¹
758 1781 887 1817 pactum
905 1778 989 1809 inter
1006 1778 1177 1810 Claudium
1194 1779 1226 1810 et
1242 1778 1391 1819 Agrippi-

52 1833 128 1855 nam
156 1824 400 1854 matrimonium
425 1825 489 1863 jam
520 1825 626 1862 fama,
654 1823 721 1862 jam
747 1833 856 1855 amore
875 1825 984 1856 illicito
1014 1825 1228 1858 firmabatur:
1249 1825 1389 1857 necdum

51 1871 213 1903 celebrare
230 1871 376 1901 solennia
399 1871 584 1910 nuptiarum
600 1870 782 1909 audebant,
810 1871 900 1902 nullo
925 1873 1074 1912 exemplo
1098 1872 1245 1903 deductae
1275 1872 1308 1903 in
1328 1871 1388 1903 do-

51 1927 141 1950 mum
154 1917 165 1934 ²
186 1917 291 1957 patrui
309 1917 414 1948 fratris
440 1917 525 1948 tiliae.
556 1917 636 1956 quin
652 1919 684 1948 et
712 1917 884 1957 incestum,
903 1927 952 1958 ac,
969 1919 996 1950 si
1021 1921 1227 1959 sperneretur
1243 1919 1269 1959 ³,
1286 1927 1327 1950 ne
1355 1919 1388 1950 in

50 1965 171 1997 malum
188 1965 354 2004 publicum
369 1965 551 2004 erumperet
565 1987 572 2002 ,
588 1964 803 1995 metuebatur.
821 1973 880 1995 nec
895 1967 969 1996 ante
983 1967 1100 1997 omissa
1114 1967 1277 1997 cunetatio
1289 1975 1387 2006 qnam

47 2012 198 2045 Vitellius
214 2012 282 2042 suis
299 2012 423 2042 artibus
447 2012 478 2042 id
507 2011 759 2051 perpetrandum
788 2012 940 2051 sumpsit.
960 2014 1255 2052 percunctatusque
1281 2016 1388 2044 Caesa-

50 2067 118 2090 rem
130 2081 139 2097 ,
157 2067 202 2090 an
216 2059 322 2097 jussis
340 2058 478 2099 populi,
497 2067 544 2090 an
566 2060 773 2090 auctoritati
791 2061 934 2090 senalus
950 2059 1085 2091 cederet
1098 2063 1116 2090 ,Ω
1134 2059 1189 2090 ubi
1203 2059 1256 2090 ille
1272 2068 1383 2091 unum

80 2134 112 2158 11.
127 2139 148 2157 ι.
169 2135 262 2158 Petina
287 2134 376 2158 fuerat
399 2133 518 2157 secunda
538 2140 606 2157 uxor
626 2133 739 2157 Claudii.
758 2133 914 2158 Familiam
929 2134 995 2158 dicit
1011 2133 1202 2163 amplificando
1216 2134 1244 2157 in
1260 2135 1387 2163 generali

51 2170 296 2198 commendatione,
313 2170 361 2193 nisi
378 2170 499 2193 Antoniae
512 2170 565 2198 jam
582 2169 622 2192 bis
635 2170 724 2198 nuptae
738 2169 867 2192 familiam
882 2175 934 2193 una
950 2169 1164 2198 comprehendit.
1178 2175 1242 2193 —2.
1259 2171 1296 2193 Ex
1311 2170 1384 2194 Cali-

49 2204 121 2233 gula,
134 2205 178 2228 cui
190 2207 271 2234 nupta
283 2205 382 2228 fuerat.
397 2217 426 2222 -
439 2210 461 2228 5.
473 2206 616 2229 Neronem.
631 2217 660 2221 —-
673 2209 692 2228 ¹¹.
707 2205 748 2227 Sc.
763 2210 821 2227 esse
836 2205 999 2234 Agrippinae,
1014 2210 1129 2233 eamque
1141 2206 1233 2234 aptam
1247 2210 1306 2228 esse
1319 2211 1386 2235 quae

49 2240 236 2270 coujunyeret
249 2243 376 2270 posteros
390 2241 519 2270 familc'ae
543 2240 682 2269 Claudiae,
706 2241 765 2263 sine
791 2240 842 2264 hoc
864 2241 1037 2265 matrimonio
1059 2241 1160 2264 divisos
1182 2241 1300 2265 tuturos.
1314 2247 1384 2265 -ὅ,

50 2275 199 2304 Agrippina
213 2278 272 2300 erat
283 2277 425 2305 proneptis
439 2277 566 2304 Augusti.

80 2309 126 2333 lli.
142 2316 163 2334 ι.
176 2311 210 2334 Ut.
219 2310 311 2334 fratris
325 2311 387 2334 filia.
402 2324 430 2327 -
440 2317 464 2335 2.
477 2313 508 2335 V.
524 2312 566 2339 lv,
579 2316 616 2335 75.
631 2323 659 2328 —
674 2316 696 2333 5.
714 2310 776 2335 Aliis
788 2310 879 2334 rebus.

80 2345 123 2368 IV.
140 2351 159 2369 ι.
171 2346 270 2369 Fratris
284 2348 312 2370 ct
321 2347 430 2370 soror-15.
442 2348 502 2371 -ἀ,
517 2347 547 2371 V.
562 2347 608 2375 xt,
625 2351 665 2370 23-
677 2358 706 2362 —
719 2351 742 2370 5.
760 2346 905 2370 Abdicare.
918 2358 949 2363 —
962 2351 983 2369 α.
1001 2346 1052 2370 Alii
1068 2345 1179 2369 biduum
1197 2351 1321 2371 narrant.

80 2380 113 2403 V.
131 2385 152 2404 ι.
170 2381 200 2403 Α.
212 2381 242 2404 U.
257 2386 314 2410 802,
327 2381 424 2410 p.Ch1-.
440 2388 478 2406 ⁴9.
490 2396 518 2399 —
531 2387 552 2405 2.
568 2382 729 2411 Nuptiarum
749 2382 791 2405 die
814 2381 874 2406 laeta
898 2387 997 2412 pompa
1017 2380 1206 2405 deducebatur
1225 2388 1323 2412 sponsa
1354 2381 1384 2406 in

49 2414 160 2440 domum
173 2416 272 2445 sponsi.
283 2428 314 2433 —
323 2422 348 2440 z.
360 2416 412 2439 Pro
423 2417 492 2442 levis
503 2418 634 2441 momenti
644 2422 674 2440 re
692 2416 848 2441 haberetur.
