1539 2668
269 217 340 289 C.
394 217 808 287 CORNELII
850 219 1139 289 TACITI

82 396 1320 514 HISTORIARUM
1374 366 1378 372 ’

457 614 654 667 LIBER
691 615 959 667 PRIMUS.

590 766 806 782 ’.κου-.-

552 886 845 917 ARGUMENTUM.

64 966 342 997 eamn-Praetamen.
358 964 478 989 auctorls
490 964 615 994 dignitas,
626 965 698 993 πεῖθε,
711 964 967 989 institutum.—2-³.
980 965 1119 995 praesentis
1131 965 1248 991 historiae
1259 972 1363 993 summa

36 1003 134 1034 napita-
143 1007 229 1026 -s-s.
241 1002 327 1026 status
340 1000 427 1028 Urbis,
437 1005 512 1024 mens
523 1000 700 1028 exercituum,
712 999 821 1023 habitus
836 1001 1038 1029 provinciarum
1050 1001 1140 1025 occiso
1153 1001 1272 1026 Nerone.
1284 1003 1355 1032 Nym

34 1039 141 1070 phidius
152 1038 294 1068 imperium
308 1036 441 1061 affectans
454 1040 696 1065 oppressus—64.
709 1036 820 1060 Galbam
833 1036 981 1060 crudelitas
995 1042 1052 1065 sua,
1061 1038 1133 1065 aetas,
1144 1038 1266 1067 corporis
1277 1038 1365 1062 forma

34 1075 64 1099 et
75 1074 223 1099 amicorum
234 1073 298 1097 vitia
311 1072 430 1097 reddunt
445 1072 569 1096 invisum.
580 1076 667 1095 -a-a.
681 1073 770 1095 status
781 1071 1030 1101 llispaniae,Galliae,
1044 1073 1270 1097 Germanicorum
1284 1079 1362 1098 exer-

35 1111 148 1138 cituum.
163 1108 315 1137 Britanniae,
332 1107 443 1137 lllyrici.
456 1119 485 1124 -
502 1112 537 1131 ιο.
550 1107 577 1130 in
591 1107 665 1135 Syria
681 1107 800 1130 Muciani
818 1108 934 1131 virtutes
953 1109 981 1131 et
1000 1108 1075 1132 vitia.
1097 1108 1179 1132 Flavii
1196 1109 1363 1139 Vespasiani,

37 1145 178 1171 Iudaicum
195 1143 295 1168 bellum
310 1143 532 1171 administrantis,
547 1142 652 1165 animus
666 1142 691 1165 in
706 1142 826 1166 Galbam.
839 1155 867 1159 --
882 1148 916 1167 Η.
931 1143 1053 1173 AEgypti‚
1063 1143 1364 1173 Atricae,Mauretaniae.

37 1180 135 1209 Raetiae,
152 1179 256 1207 Norici.
266 1178 397 1205 Tliraciae,
412 1177 495 1201 ltaliae
506 1178 592 1200 status
604 1177 678 1200 Coss.
690 1177 772 1201 Galba
788 1179 815 1201 et
830 1178 916 1202 Vinio.

67 1221 104 1241 ια.
119 1214 269 1240 Deficiente
288 1213 436 1243 superioris
468 1212 616 1236 Germaniae
636 1212 720 1235 milite
743 1212 825 1237 Galba
848 1213 881 1236 de
910 1212 1065 1243 adoptando
1081 1214 1185 1237 Caesare
1204 1214 1316 1244 cogitat.
1334 1226 1363 1231 —

37 1257 74 1278 η.
88 1251 180 1275 Vinius
193 1249 294 1274 Othoni
308 1248 391 1277 favet,
404 1254 459 1272 non
473 1249 509 1272 ita
527 1249 597 1272 Laco
611 1248 638 1270 et
651 1247 750 1272 IceluS.
768 1260 798 1265 —
815 1253 850 1272 u.
866 1247 948 1272 Galba
963 1249 1108 1272 transactis
1121 1249 1227 1278 imperii
1248 1249 1364 1273 comitiis

36 1289 162 1315 Pisonem
176 1286 266 1316 eligit,
286 1285 420 1308 hominem
441 1285 546 1313 antiqui
565 1285 649 1308 moris
666 1285 693 1308 et
703 1289 837 1311 severum.
857 1284 901 1308 cui
915 1296 943 1301 -
959 1290 1040 1308 15-16.
1053 1284 1207 1314 adoptionis
1226 1291 1321 1309 causas
1335 1285 1364 1308 et

35 1323 142 1354 Imperii
152 1320 358 1346 administrandi
373 1320 512 1344 consilium
527 1320 622 1349 aperit.
636 1325 709 1344 -Π-
724 1320 828 1344 Pisonis
842 1320 913 1344 inter
923 1320 980 1344 haec
997 1320 1156 1345 moderatio.
1169 1333 1196 1338 —
1206 1326 1241 1344 ia.
1251 1321 1363 1351 adoptio

36 1358 63 1384 ln
74 1359 170 1383 castris
184 1357 351 1386 nuncupata,
364 1368 391 1372 —
406 1361 440 1380 19.
455 1358 511 1380 tum
525 1357 553 1379 in
564 1356 670 1384 senatu,
682 1355 765 1384 legati
778 1355 812 1378 ad
827 1355 982 1380 defectores
996 1356 1114 1379 missi.—
1128 1361 1163 1380 20.
1175 1356 1291 1381 Neronis
1304 1361 1364 1386 pro-

36 1394 105 1424 digae
119 1393 280 1418 donationes
295 1392 424 1416 rescissae.

64 1435 102 1454 ει.
122 1428 221 1454 Othoni
231 1434 278 1457 spe
292 1428 366 1457 lapso
379 1427 520 1451 consilium
533 1426 559 1450 in
573 1426 728 1455 turbido,—
741 1431 778 1450 22.
792 1425 985 1455 instigantibus
1004 1426 1128 1454 libertis*
1140 1427 1236 1456 servis,
1260 1425 1363 1450 mathe-

35 1465 152 1492 maticis,
164 1477 192 1481 —
204 1468 281 1488 23-21.
297 1464 397 1492 paratis
409 1464 462 1492 jam
476 1464 539 1486 ante
552 1462 666 1486 militum
682 1462 779 1486 studiis
793 1468 839 1492 per
850 1462 996 1486 blanditias
1010 1464 1037 1486 et
1048 1462 1213 1490 largitiones,
1228 1461 1364 1486 oscitante

36 1502 71 1527 ad
84 1501 111 1525 id
124 1500 294 1530 praeiecto.—
302 1504 382 1523 esne*
395 1505 460 1529 ergo
472 1499 527 1527 jam
540 1498 661 1528 legiones
672 1499 700 1522 et
711 1499 810 1523 auxilia
825 1504 874 1529 pro
889 1498 1034 1522 Othone.-
1048 1503 1084 1521 2⁷.
1099 1504 1160 1522 mox
1176 1498 1363 1523 consalutatus

35 1536 195 1567 Imperator.
210 1548 237 1552 —
254 1540 292 1559 εει.
307 1535 403 1558 castris
418 1534 586 1563 praetorianis
600 1534 726 1559 infertur.

65 1576 149 1596 29-30.
165 1571 222 1595 l‘iso
238 1570 397 1598 cohortem,
413 1575 472 1599 quae
490 1570 516 1593 in
533 1569 635 1599 palatio
651 1571 797 1593 stationem
822 1570 894 1599 agit,
924 1568 1050 1593 hortatur
1066 1569 1098 1593 ad
1110 1568 1198 1592 sidem-
1213 1581 1243 1586 —
1259 1573 1296 1592 zi.
1317 1567 1365 1592 illa

35 1608 114 1638 parat
129 1607 220 1637 signa,
242 1606 356 1635 reliquis
378 1606 463 1635 copiis
483 1604 682 1629 deficientibus.
695 1618 726 1623 —
739 1610 817 1629 ,τε-55.
838 1605 925 1635 plebis
945 1604 1065 1628 adulatio
1082 1605 1109 1627 et
1129 1604 1231 1627 levitas.
1250 1603 1365 1627 fluctuat

35 1643 119 1669 Galba
134 1647 194 1666 cum
213 1641 306 1665 amicis
320 1647 353 1664 an
369 1641 582 1665 occurrendum.
597 1654 627 1658 —
643 1646 680 1665 54.
693 1641 867 1671 praemittitur
882 1641 908 1664 in
929 1642 1018 1664 castra
1036 1641 1106 1664 Piso.
1125 1639 1208 1663 salsus
1222 1640 1255 1663 de
1272 1638 1363 1662 occiso

36 1679 143 1704 Othone
155 1683 257 1701 rumor.
268 1689 296 1693 -
307 1682 343 1700 35.
357 1676 472 1706 populus
486 1678 515 1700 et
528 1678 640 1700 senatus.
654 1677 752 1705 Galbae,
764 1690 789 1694 -
804 1681 841 1700 ze.
856 1677 945 1700 castra
957 1676 1058 1699 Othoni
1073 1676 1173 1699 favent.
1185 1688 1206 1691 -
1223 1672 1305 1698 37-382
1320 1673 1364 1697 hic

35 1713 151 1739 militum
171 1713 276 1736 animos
299 1712 422 1736 oratione
440 1711 490 1736 sibi
511 1711 647 1740 conciliat,
662 1713 752 1736 Galbae
769 1713 798 1736 et
817 1712 906 1735 Pisoni
933 1711 1022 1735 reddit
1038 1710 1169 1734 infensos.
1191 1715 1264 1733 arma
1286 1709 1364 1734 militi

36 1749 139 1774 dividit.
156 1760 184 1765 -
198 1753 235 1771 ss.
255 1747 347 1777 agitat
361 1748 430 1770 Laco
445 1746 478 1769 de
492 1747 565 1770 eaede
578 1748 657 1771 Vinii.
673 1761 699 1764 -
717 1752 755 1771 40.
775 1747 859 1771 Galba
873 1747 1003 1775 fluctuat,
1022 1744 1097 1776 plebs
1111 1747 1196 1769 nutat.
1216 1745 1363 1769 Othoniani

35 1785 125 1811 forum
139 1783 300 1811 irrumpunt.
314 1795 341 1798 —
354 1786 394 1805 ιι.
411 1781 494 1806 Galba
509 1782 646 1810 desertuS‚
666 1783 787 1810 occisus;
800 1796 825 1799 —
845 1788 881 1806 ⁴¹2.
894 1784 933 1806 sic
948 1785 975 1808 et
995 1782 1097 1805 Vinius.
1112 1795 1140 1799 -
1158 1786 1194 1805 45.
1209 1781 1365 1810 Sempronii

37 1819 118 1845 Densi
134 1818 212 1842 fides.
232 1817 290 1840 Piso
305 1822 396 1846 caesus,
413 1830 440 1834 -
453 1822 492 1841 ⁴⁴.
511 1823 607 1847 magna
627 1818 741 1842 Othonis
755 1818 854 1842 laetitia.
870 1818 982 1842 eaedium
1000 1817 1110 1846 praemia
1131 1816 1276 1847 poscentes
1287 1817 1365 1846 jussu

38 1854 136 1880 Vitellii
150 1853 246 1883 postea
262 1852 478 1876 interfecti-ss
488 1853 634 1877 adulantur
647 1854 760 1876 senatus
771 1854 799 1877 et
809 1853 923 1882 populus
931 1854 1063 1877 victorem
1075 1852 1219 1878 Othonem,
1231 1851 1276 1881 qui
1288 1857 1364 1876 coer·

36 1890 124 1915 cendo
141 1888 254 1912 militum
269 1887 354 1911 furori
368 1888 494 1916 impar.-
506 1893 543 1912 ⁴6.
556 1888 583 1911 hi
596 1889 753 1912 vacationes
763 1888 814 1911 sibi
825 1889 928 1912 remitti
939 1889 1043 1917 petunt
1057 1889 1126 1911 Laco
1138 1889 1165 1910 et
1184 1887 1272 1910 Icelus
1290 1887 1362 1910 caesi.

37 1941 65 1945 .-
80 1930 116 1951 ⁴⁷-
135 1924 238 1949 Pisonis
254 1924 282 1947 et
297 1924 326 1946 T.
341 1923 408 1946 Vinii
423 1923 562 1952 sepultura
572 1941 578 1952 ,
592 1935 622 1940 -
634 1927 672 1947 ⁴8.
687 1923 790 1952 elogia,
811 1923 987 1946 testamenta.
1006 1934 1035 1938 —
1048 1926 1086 1945 49.
1101 1921 1190 1945 Galbae
1207 1921 1346 1951 sepultura
1356 1938 1363 1951 ‚

37 1964 115 1993 aetas,
129 1959 267 1988 nobilitas,
282 1964 380 1987 mores,
393 1958 519 1982 honores.

66 2002 104 2023 so.
137 1994 274 2024 rrepidam
299 1993 397 2018 Urbem
418 1999 506 2017 novus
535 1993 569 2017 de
594 1993 702 2018 Vitellio
721 1993 832 2016 nuntius
861 1993 992 2017 exterret.
1026 1993 1217 2022 Vespasianum
1240 1991 1365 2016 nonnulli

37 2032 215 2063 augurantur.
230 2043 258 2048 —
272 2035 311 2053 εςι.
325 2030 402 2053 initia
416 2029 550 2053 Vitelliani
561 2031 650 2053 motus
663 2034 694 2052 ex
706 2028 778 2052 bello
790 2028 853 2052 Julii
865 2028 984 2052 Vindicis
998 2029 1025 2052 et
1034 2029 1136 2052 secutis
1147 2028 1209 2051 inde
1223 2027 1364 2051 discordiis

36 2068 109 2093 inter
120 2065 240 2096 legiones
251 2066 278 2088 et
289 2064 386 2088 Gallos.
398 2076 428 2082 —
438 2069 522 2088 tis-³3.
537 2064 657 2088 Vitellius
667 2070 716 2088 suo
731 2064 842 2093 ingenio
854 2063 966 2092 ignavus
978 2063 1011 2086 ad
1026 2069 1069 2087 res
1083 2069 1167 2087 novas
1180 2062 1334 2086 stimulatur
1348 2068 1363 2087 a

15 2097 18 2129 ἶ
39 2103 151 2128 Valente
173 2102 201 2125 et
220 2100 324 2124 Caecina
344 2100 449 2130 legatis.
463 2113 493 2118 —
513 2105 595 2124 54-55.
619 2099 740 2130 legiones
763 2099 904 2128 utriusque
928 2099 1076 2123 Germaniae
1098 2099 1177 2123 fidem
1202 2099 1228 2122 in
1251 2098 1363 2122 Galbam

37 2138 150 2165 exuunt,
165 2149 188 2153 -
203 2141 240 2160 se.
255 2136 332 2165 segni
346 2136 501 2165 spectatore
516 2135 671 2159 Hordeonio
686 2134 783 2158 Flacco
796 2133 896 2163 legato.
908 2138 972 2158 —57
987 2135 1085 2158 Valens
1099 2134 1235 2158 Vitellium
1248 2133 1363 2162 impera-

38 2175 125 2199 torem
139 2171 292 2197 eonsalutat
304 2177 402 2201 magno
415 2171 530 2195 militum
542 2170 632 2194 studio
644 2175 732 2194 t—sa.
741 2170 838 2199 quibus
848 2170 1025 2199 poscentibus
1038 2169 1115 2194 mulli
1129 2169 1362 2193 caesi.—59.Juiius

37 2208 128 2235 Civilis
146 2207 295 2237 periculum
310 2207 409 2231 evadit.
423 2207 541 2236 undique
555 2206 657 2230 viribus
671 2207 847 2234 auctus-oo.
860 2205 932 2230 inter
943 2205 1027 2230 roedas
1038 2206 1190 2236 legatorum
1203 2205 1360 2234 discordias,

39 2256 69 2263 -
81 2249 119 2269 ci.
132 2242 199 2266 duos
216 2243 353 2266 exercitus
365 2242 392 2266 in
406 2242 510 2266 ltaliam
526 2242 620 2265 mittit.
629 2253 658 2258 -
670 2246 706 2265 62.
719 2242 811 2270 torpet
822 2240 958 2270 vitellins;
974 2241 1055 2266 ardor
1068 2242 1095 2265 et
1108 2241 1147 2264 vis
1160 2239 1274 2264 militnm
1289 2239 1361 2265 ultro

40 2279 117 2305 ducis
131 2277 220 2301 munia
231 2278 334 2307 implet.
345 2283 420 2303 -63,
431 2278 521 2303 subito
534 2278 627 2302 surore
641 2278 782 2307 correptus
797 2276 873 2301 miles
887 2276 920 2301 ab
942 2278 1048 2302 excidio
1065 2277 1193 2301 Divoduri
1207 2281 1278 2305 aegre
1293 2276 1361 2299 tem-

38 2316 126 2347 perat.
140 2313 238 2338 Gallias
255 2314 343 2337 terror
356 2314 468 2338 invadit.
482 2327 508 2330 —
522 2318 560 2337 ss.
574 2312 681 2337 Vitellio
692 2313 840 2336 adnaerent.
853 2325 879 2328 —
892 2317 930 2336 es.
940 2313 1132 2343 Lugdunenses
1145 2317 1176 2335 ex
1192 2312 1285 2335 vetere
1299 2311 1360 2336 odio

40 2351 139 2376 milites
152 2348 179 2372 in
193 2349 362 2373 eversionem
377 2349 570 2373 Viennensium
584 2349 735 2379 inpellunt;
749 2361 774 2365 —-
789 2353 825 2373 es.
840 2348 884 2382 isti
897 2350 988 2373 tamen
1003 2348 1081 2372 donis
1098 2348 1243 2377 placantur
1256 2348 1283 2370 et
1302 2351 1360 2376 pre-

40 2386 125 2413 cibus.
139 2383 259 2407 Valentis
273 2384 384 2408 avaritia
399 2386 426 2409 et
440 2384 532 2409 libido.
544 2390 659 2410 —67-68.
674 2384 813 2408 Helvetios
826 2384 925 2408 Vitellii
938 2384 1082 2413 imperium
1097 2383 1248 2407 abnuentes
1255 2381 1360 2406 Caecina

38 2421 104 2448 belli
118 2419 211 2444 avidus
230 2419 320 2443 caedit.
331 2432 359 2436 —
373 2424 411 2444 eo.
427 2420 589 2444 Aventicum
603 2426 674 2450 aegre
693 2420 875 2450 inpunitatem
894 2419 1064 2449 salutemque
1078 2418 1214 2447 impetrat.
1233 2430 1262 2434 —-
1278 2421 1316 2440 ⁷0.
1332 2415 1361 2440 in

41 2455 141 2482 Vitellii
155 2455 246 2484 partes
257 2455 427 2484 transgressa
441 2455 522 2479 ltaliae
537 2457 614 2485 parte
626 2457 732 2481 Caecina
749 2455 827 2485 Alpes
841 2456 963 2485 superat.

68 2497 106 2517 n.
121 2490 192 2516 Otho
214 2489 364 2520 prudenter
386 2496 415 2514 se
437 2491 507 2520 gerit
514 2498 521 2520 3
536 2491 621 2515 Mario
641 2491 719 2516 Celso
738 2491 951 2520 ignoscit—⁷2.
968 2489 1115 2520 Tigellinus
1134 2489 1261 2514 infamem
1277 2487 1360 2510 vitam
