1539 2668
161 186 223 217 368
325 158 327 160 Ι
517 184 651 215 'rt-cvr!
674 183 950 213 HISTORIARUM
973 183 1045 211 Lm.
1071 182 1128 211 111.

164 271 181 287 «
201 257 317 290 cuncta
332 257 545 298 festinatione,
560 257 676 290 deinde
691 256 818 297 ignavia
834 256 941 288 Sabini
955 255 1119 295 corrupta,
1136 254 1190 295 qui
1207 254 1344 294 sumptis
1360 255 1482 289 temere

163 318 179 334 «
198 305 295 337 armis
311 304 558 336 munitissimam
575 304 722 345 Capitolii
740 312 845 334 arcem
871 305 902 335 et
928 312 967 334 ne
985 302 1108 341 magnis
1132 301 1261 341 quidem
1284 302 1481 334 exercitibus

163 364 180 381 ι
200 352 443 393 expugnabilem
466 351 622 383 adversus
648 353 713 382 tres
740 350 887 382 cohortes
912 350 996 382 tueri
1016 349 1256 389 nequivisset.»
1285 347 1372 380 haud
1391 349 1482 382 facile

161 400 235 441 quis
250 400 304 430 uni
322 398 530 438 assignaverit
543 398 689 438 culpam,
705 406 778 437 quae
791 397 935 428 omnium
950 397 1020 428 fuit.
1043 405 1117 427 nam
1134 397 1167 427 et
1193 396 1360 427 Mucianus
1382 396 1481 428 ambi-

160 447 233 487 guis
249 446 395 486 epistolis
409 446 550 477 victores
567 445 753 476 morabatur
764 469 773 484 ‚
789 445 821 476 et
836 444 995 475 Antonius
1018 446 1214 484 praepostero
1236 442 1391 483 obsequio
1402 466 1411 482 ‚
1431 443 1481 475 vel

161 494 240 525 dum
255 493 369 533 regerit
385 491 395 509 ²
417 492 572 523 invidiam
584 516 593 531 ,
607 492 730 523 crimen
751 492 893 531 meruit3
911 490 1072 530 ceterique
1096 490 1194 522 duces
1214 489 1291 521 dum
1317 491 1481 529 peractum

159 540 279 572 bellum
297 540 431 579 putant,
450 539 545 570 tinem
564 539 633 578 ejus
648 539 843 579 insignivere
856 538 881 569 ³.
900 547 940 569 ne
953 538 1083 569 Petilius
1097 538 1227 577 quidem
1245 536 1387 573 Cerialis,
1407 545 1481 568 cum

159 588 247 619 mille
260 585 423 626 equitibus
443 586 633 625 praemissus
656 589 691 617 ut
712 585 903 617 transversis
924 584 1093 616 itineribus
1111 594 1166 624 per
1192 594 1302 624 agrum
1329 583 1482 615 Sabinum

159 634 277 667 Salaria
291 633 342 663 via
358 632 369 650 ³
388 633 506 664 Urbem
522 633 689 673 introiret,
713 633 793 665 satis
810 634 1029 664 maturaverat
1043 655 1052 671 ,
1075 631 1177 663 donec
1198 631 1319 663 obsessi
1336 629 1482 672 Capitolii

159 682 244 713 sama
258 681 390 711 cunctos
405 679 500 711 simul
518 680 647 711 exciret.

200 731 329 759 LXXIX.
355 727 513 758 Antonius
526 736 584 767 per
602 727 790 758 Flaminiam
805 726 846 758 ad
859 728 941 757 Saxa
954 724 1052 756 rubra
1069 725 1075 742 ¹
1101 725 1203 756 multo
1226 726 1292 765 jam
1312 725 1415 756 noctis
1436 733 1485 756 se-

158 784 233 808 rum
253 773 406 805 auxilium
421 773 520 805 venit.
550 774 613 805 illic
633 773 860 813 ‘interfectum
886 773 1070 812 Sabinum,
1093 771 1322 812 conflaqrasse
1347 773 1480 811 Capito-

159 822 259 859 lium,
280 824 425 852 tremere
446 821 578 860 Urbem,
597 823 709 852 moesta
723 821 831 851 omnia
847 820 988 859 accepit;
1000 819 1134 859 plebem
1147 828 1279 860 quoque
1293 821 1326 851 et
1338 819 1481 850 servitia

153 878 222 910 pro
240 869 377 900 Vitellio
391 870 525 898 armari
542 868 762 899 nuntiabatur.
779 870 811 898 et
827 867 938 898 Petilio
952 866 1064 898 Ceriali
1081 868 1230 905 equestre
1251 866 1401 906 proelium
1425 864 1479 896 ad-

158 925 287 947 versum
306 915 420 945 suerat.
442 923 581 953 namque
599 915 766 945 incautum
784 916 816 945 et
841 916 1005 954 tamquam
1023 912 1061 944 ad
1087 913 1190 944 victos
1213 916 1362 944 ruentem
1384 911 1483 944 Vitel-

157 962 253 1001 liani,
278 962 465 1001 interjectus
488 962 586 1001 equiti
611 962 723 1001 pedes,
751 970 916 1001 excepere.
939 965 1115 1001 pugnatum
1140 960 1224 991 haud
1246 960 1357 1000 procul
1374 960 1479 1000 Urbe,

156 1009 241 1040 inter
260 1008 395 1039 aedificia
411 1008 588 1047 hortosque
605 1013 636 1039 et
650 1009 813 1039 anfractus
833 1008 980 1046 viarum3
1007 1016 1079 1047 quae
1098 1016 1195 1046 gnara
1218 1007 1415 1045 Vitellianis,
1432 1007 1479 1038 in-

156 1058 320 1095 comper⁸a
335 1055 479 1086 hostibus
494 1057 617 1085 metum
635 1056 788 1086 fecerant.
808 1064 912 1095 neque
929 1055 1033 1085 omnis
1046 1063 1145 1093 eques
1163 1063 1307 1093 concors,
1323 1053 1480 1093 adJunctis

157 1102 365 1144 quibusdam,
380 1101 434 1141 qui
451 1102 646 1141 nuperapud
662 1102 814 1132 Narniam
826 1101 925 1132 dediti
941 1102 1102 1131 fortunam
1118 1100 1257 1139 partium
1273 1100 1479 1140 speculaban-

157 1151 221 1182 tur¹
241 1149 364 1188 eapitur
380 1147 550 1185 praefectus
563 1148 621 1178 alae
634 1148 755 1178 Tullius
772 1147 958 1185 Flavianus3
975 1147 1068 1178 ceteri
1088 1146 1172 1177 soeda
1188 1147 1263 1187 suga
1276 1148 1480 1180 consternan-

154 1199 209 1230 tur
222 1219 229 1232 ‚
247 1204 311 1225 non
329 1194 412 1225 ultra
430 1193 565 1225 Fidenas
581 1193 592 1211 ²
613 1195 732 1225 secutis
748 1195 935 1225 victoribus.

198 1247 312 1275 LXXX.
338 1246 379 1272 Eo
397 1250 546 1272 successu
566 1241 676 1272 studia
693 1242 801 1281 populi
820 1244 926 1272 aucta.
951 1241 1065 1280 vulgus
1090 1241 1249 1272 urbanum
1267 1249 1356 1272 arma
1382 1241 1477 1281 cepit.

155 1291 269 1334 paucis
287 1290 376 1320 scuta
389 1288 556 1321 militaria;
575 1289 700 1328 plures,
719 1288 817 1328 raptis
835 1288 922 1328 quod
939 1288 1055 1327 cuique
1081 1288 1213 1318 obvium
1234 1288 1324 1328 telis,
1341 1289 1478 1327 siqnum

153 1346 282 1379 pumice
293 1337 481 1375 exposcunt.
492 1335 554 1374 agit
568 1337 672 1375 grates
682 1334 828 1365 Vitellius
840 1335 927 1366 etad
939 1335 1102 1366 tuendam
1121 1335 1242 1366 Urbem
1250 1342 1478 1375 prorumpere

154 1385 255 1424 jubet.
269 1392 343 1414 mox
359 1386 471 1413 vocato
486 1384 598 1412 senatu
614 1382 798 1421 deliguntur
811 1382 903 1421 legati
920 1381 958 1412 ad
985 1382 1144 1412 exercitus
1156 1406 1164 1421 ,
1185 1384 1219 1412 ut
1244 1383 1401 1422 pizetexto
1419 1381 1478 1413 rei-

155 1432 293 1472 publicae
309 1429 513 1461 concordiam
530 1438 707 1469 pacemque
723 1429 906 1461 suaderent.
939 1428 1028 1459 varia
1045 1429 1221 1467 legatorum
1243 1438 1311 1460 sors
1329 1428 1398 1460 fuit.
1421 1429 1477 1469 qui

154 1479 267 1510 Petilio
284 1477 397 1509 Ceriali
412 1480 638 1515 occurrerant,
657 1478 837 1507 extremuni
861 1476 1034 1512 discrimen
1051 1476 1155 1507 adiere
1168 1500 1176 1515 ‚
1200 1479 1388 1516 aspernante
1414 1476 1476 1506 1111-

154 1526 209 1557 lite
224 1524 422 1555 conditiones
438 1524 537 1563 pacis.
558 1523 746 1554 vulneratur
768 1526 886 1562 praetor
902 1523 1060 1554 Arulenus
1086 1523 1270 1554 Rusticus¹.
1290 1524 1379 1553 auxit
1396 1522 1476 1553 invi·

153 1574 241 1605 diam
257 1581 353 1611 super
370 1571 525 1601 violatum
543 1570 638 1609 legati
656 1570 866 1609 praetorisque
882 1579 998 1600 nomeu
1016 1570 1142 1610 propria
1158 1570 1299 1608 dignatio
1325 1568 1397 1600 viri.
1422 1578 1476 1609 pa·

152 1620 263 1651 lantur
279 1619 430 1656 comites,
448 1617 604 1648 occiditur
621 1616 786 1656 proximus
803 1617 895 1647 lictor
914 1616 1078 1647 dimovere
1094 1616 1222 1647 turbam
1249 1624 1365 1655 ausus,
1391 1618 1423 1646 et
1442 1617 1476 1647 ni

154 1667 231 1698 dato
249 1675 266 1696 a
284 1665 364 1695 duce
392 1664 545 1703 praesidio
574 1663 695 1693 defensi
722 1662 845 1702 forent,
864 1671 990 1693 sacrum
1013 1663 1110 1694 etiam
1132 1663 1164 1693 in
1180 1662 1190 1680 ²
1217 1665 1342 1694 exteras
1365 1663 1475 1702 gentes

153 1713 331 1752 legatorum
347 1711 398 1749 jus
413 1712 485 1741 ante
503 1710 569 1749 ipsa
585 1710 697 1748 patriae
713 1710 830 1740 moenia
847 1710 952 1740 civilis
975 1709 1077 1741 rabies
1095 1719 1196 1749 usque
1219 1710 1251 1740 in
1278 1710 1414 1740 exitium
1432 1710 1475 1741 te·

154 1759 319 1791 merasset.
337 1756 531 1796 aequioribus
547 1756 663 1787 animis
678 1757 801 1796 accepti
819 1758 893 1787 sunt
910 1757 964 1796 qui
984 1756 1022 1787 ad
1040 1757 1215 1788 Antonium
1232 1758 1396 1796 venerant,
1411 1765 1474 1787 non

153 1807 228 1847 quia
242 1805 417 1836 modestior
436 1804 543 1841 miles,
561 1802 615 1834 sed
633 1803 706 1834 duci
724 1804 797 1843 plus
813 1803 1018 1834 auctoritatis.
1036 1826 1039 1829 »

196 1856 324 1883 LXXXI.
351 1851 520 1881 Miscuerat
538 1858 572 1880 se
593 1850 704 1889 legatis
727 1850 893 1881 Musonius
910 1851 1013 1882 Rufus
1031 1850 1187 1891 equestris
1204 1850 1324 1881 ordinis
1342 1850 1347 1868 ¹
1368 1874 1377 1890 ,
1404 1852 1473 1881 stu-

152 1899 241 1930 dium
262 1897 469 1938 philosophiae
483 1899 515 1928 et
530 1896 649 1936 placita
664 1897 839 1928 Stoicorum
854 1897 1022 1928 aemulatus
1038 1908 1046 1936 3
1061 1898 1282 1938 coeptabatque
1297 1897 1474 1938 permixtus

152 1945 327 1983 manipulis
342 1969 350 1983 ‚
366 1944 451 1975 bona
463 1945 563 1983 pacis
581 1951 621 1974 ac
636 1943 716 1974 belli
732 1943 937 1975 discrimina
960 1944 1120 1976 disserens
1133 1969 1142 1983 ,
1166 1946 1305 1975 armatos
1328 1952 1470 1975 monere.

152 1992 183 2023 id
199 1993 358 2031 plerisque
373 1990 530 2029 ludibrio,
548 1990 694 2030 pluribus
709 1990 805 2021 taedio
815 2002 824 2030 ;
840 2000 899 2022 nec
912 1991 1043 2023 deerant
1057 1992 1109 2031 qni
1126 1991 1337 2031 propellerent
1351 1989 1472 2031 procul·

152 2040 341 2078 carentque,
358 2037 392 2068 ni
408 2037 575 2068 admonitu
593 2036 821 2069 modestissimi
838 2039 994 2079 cujusque
1009 2039 1041 2069 et
1058 2038 1127 2069 aliis
1153 2037 1377 2069 minitantibus
1393 2035 1472 2068 omi·

151 2155 204 2173 -2.
221 2149 249 2172 In
263 2147 414 2171 Mucianum
426 2148 576 2177 retorquet.
592 2148 637 2171 Est
648 2148 759 2172 invidia
771 2148 926 2177 conflagrati
941 2147 1124 2177 capitolin—³.
1141 2148 1238 2177 Magno
1254 2148 1354 2177 stagnio
1369 2149 1471 2178 conspi-

153 2190 232 2209 cuum
254 2182 414 2212 reddidere,
435 2183 507 2212 quod
524 2183 651 2206 nonnulla
664 2183 862 2212 {properatione
879 2184 997 2212 ipsorum
1020 2183 1099 2207 vitari
1113 2184 1289 2212 poterat.-⁴.
1308 2182 1349 2206 Ita
1366 2183 1438 2208 dicta
1454 2192 1469 2210 a

150 2219 255 2245 salinis
272 2218 431 2242 Sabinorum
444 2236 450 2246 ,
468 2219 500 2241 ad
516 2224 583 2247 quos
600 2218 731 2247 ducebat,
750 2219 872 2242 ceterum
889 2219 969 2242 etiam
982 2217 1083 2242 Collina
1098 2219 1208 2244 vocata;
1225 2223 1251 2241 v.
1267 2222 1326 2246 cap.
1341 2222 1379 2240 82.

183 2255 221 2278 Lx
229 2253 296 2276 xix.
315 2258 335 2276 1.
349 2252 427 2277 Nono
439 2252 548 2277 milliari
558 2255 591 2278 ab
603 2253 673 2278 Urbe
684 2254 764 2278 situm
777 2253 942 2283 oppidulum,
953 2253 981 2278 ln
993 2254 1034 2277 vla
1050 2252 1240 2277 Flaminia-2.
1253 2253 1350 2282 Quinto
1363 2253 1470 2278 milliari

152 2289 186 2313 ab
201 2288 279 2312 Urbe.

182 2324 222 2347 Lx
230 2323 287 2346 XX.
308 2328 327 2346 1.
344 2324 383 2347 De
401 2329 454 2353 quo
472 2324 531 2348 viro
554 2324 651 2348 eximio
672 2330 697 2348 v.
719 2330 799 2354 supra
823 2326 896 2349 Arm.
916 2324 982 2353 XVI,
997 2328 1042 2353 26,
1057 2324 1154 2354 Ayric.
1173 2330 1197 2348 c.
1215 2325 1296 2349 2.—2.
1313 2324 1357 2348 Sic
1375 2323 1469 2348 Cicero

152 2357 237 2382 Verr.
253 2357 294 2386 IV,
311 2363 334 2380 11
352 2364 358 2380 :
378 2358 497 2382 Ordinis
515 2359 705 2387 auctoritati,
725 2365 787 2389 quae
803 2359 859 2383 nisi
878 2359 975 2389 oravis
994 2360 1051 2385 erit
1069 2364 1159 2384 APUD
1179 2359 1280 2389 socios,
1301 2363 1336 2384 11<
1355 2359 1469 2383 exteras

149 2393 289 2420 nationes,
303 2391 351 2416 ubi
361 2393 419 2417 erit
434 2394 548 2423 imperii
561 2400 662 2418 nomen
673 2395 700 2418 et
712 2394 858 2423 diqnieas?

179 2427 298 2452 LXXXI.
319 2432 341 2452 1.
359 2428 398 2452 De
417 2433 470 2458 quo
484 2430 558 2453 Ann-
572 2429 643 2457 XIV,
664 2434 707 2457 rw,-
725 2429 781 2459 xv,
795 2433 834 2453 71.
