1539 2668
176 192 235 224 408
541 196 672 224 nem
695 196 968 226 ms'romARUM
1010 197 1083 227 Lm.
1107 198 1145 227 V.

567 405 765 455 LIBER
804 406 1125 470 QUINTUS,

740 540 956 554 “m——

690 636 983 667 ARGUMENTUM.

202 720 263 748 (zap.
280 723 300 741 ι.
321 716 432 740 Interim
451 716 527 739 Titus
546 720 607 738 cum
628 714 718 738 valido
738 716 860 739 exercitu
878 721 965 745 prope
986 716 1174 746 Hierosolyma
1196 719 1285 741 eastra
1309 719 1381 742 facit.
1395 733 1421 736 —
1435 725 1501 745 2—5.

171 754 290 778 Judaicae
313 753 400 781 gentis
414 750 578 780 primordia,
596 755 693 777 sacra,
711 750 854 777 instituta,
870 751 957 780 deque
974 751 1005 774 iis
1023 751 1139 781 maligna
1162 753 1336 781 profanorum
1348 754 1462 783 judis-in,
1475 769 1501 773 -

170 795 193 815 6,
207 794 229 812 7.
245 787 390 816 descriptio
409 788 489 809 terrae
510 785 674 814 finiumque,
689 785 816 813 balsami,
837 786 930 809 Libani
943 804 949 811 .
968 786 1109 815 sommis,
1125 787 1199 810 lacus
1217 787 1337 811 bitumen
1353 791 1502 818 ege-renus,

171 829 330 852 camporum
349 822 515 845 torridorum
529 839 534 849 ,
557 820 694 844 fructuum
717 821 743 844 iu
764 821 883 844 cinerem
898 822 1121 849 vanescentium,
1137 822 1192 846 Beli
1209 824 1308 851 amnis,
1324 824 1400 852 qu'us
1414 831 1503 850 arcnae

172 859 242 882 vitro
252 859 488 882 inservientes.—a
506 855 692 884 Hierosolyma
708 856 782 885 genti
796 858 885 885 caput.
895 857 1031 880 immensae
1045 857 1188 886 opulentiae
1199 858 1336 887 templum.
1348 859 1502 885 Judaeorum

169 894 219 917 sub
234 894 292 917 aliis
307 893 432 921 §.rentibus
443 893 470 915 et
484 892 537 915 suis
550 891 661 920 regibus
675 892 781 920 1ata;-
792 897 815 915 o.
830 892 904 915 varia
919 898 977 916 sors
991 892 1040 915 sub
1055 893 1219 916 numanis-
1233 898 1326 916 10—12.
1341 893 1440 917 bellum
1453 895 1503 919 suh

170 930 263 953 Gessio
278 928 358 952 Floro
377 928 558 956 procuratore
573 928 673 950 ortum.
688 927 764 950 Titus
777 927 885 951 Judaeos
898 927 924 950 in
939 927 1032 951 urbem
1048 927 1202 957 compulsos
1218 927 1332 951 obsidet.
1348 928 1503 958 mei-osoly-

170 970 275 988 morum
292 964 466 989 munitiones,
480 962 574 991 copiae,
588 961 679 985 duces.
690 975 720 979 —
733 967 767 986 ¹3.
782 962 905 992 prodigia
919 965 982 986 ante
996 962 1139 986 obsidium.

202 1006 237 1024 Η.
256 1000 363 1023 interea
389 997 480 1021 Civilis
494 998 619 1026 reparato
640 1003 690 1027 per
708 998 878 1021 Germaniam
897 999 1019 1021 exercitu
1039 997 1138 1022 bellum
1161 999 1331 1027 renovat;—
1345 1003 1380 1022 ¹⁵.
1393 1004 1501 1022 manum

169 1035 290 1059 conserit
309 1040 370 1057 cum
388 1032 491 1057 Ceriale
512 1033 578 1056 satis
598 1038 739 1062 prospere.
763 1034 879 1062 uterque
899 1033 932 1056 ad
955 1033 1146 1056 maturandum
1165 1039 1276 1057 summae
1295 1034 1335 1057 rei
1355 1033 1502 1058 discrimen

168 1072 285 1095 erectus.
297 1082 327 1086 —
339 1075 374 1096 m,
391 1074 425 1091 Π.
441 1069 526 1091 aciem
541 1068 666 1095 instruit,
683 1073 746 1091 suos
766 1068 929 1096 adloquitur.
941 1081 968 1085 —
982 1074 1016 1091 «a.
1032 1068 1062 1091 fit
1075 1069 1152 1092 atrox
1165 1074 1254 1097 pugna
1264 1087 1270 1095 ,
1284 1074 1336 1097 qua
1350 1068 1503 1098 proditione

168 1105 309 1135 cujusdam
324 1104 418 1127 Batavi
431 1103 557 1126 Germani
577 1103 800 1129 vincuntur.—¹9,
817 1107 853 1125 20.
872 1103 962 1127 Civilis
975 1104 1002 1126 ln
1016 1104 1176 1127 Batavorum
1191 1103 1304 1126 insulam
1319 1105 1502 1133 transgressus

167 1140 291 1171 praesidia
304 1141 489 1163 Romanorum
508 1139 612 1161 invadit
626 1139 744 1166 verace,
758 1138 888 1164 Classico,
902 1138 1003 1161 Tutore
1016 1138 1154 1162 surtuitus.
1171 1149 1199 1154 -
1209 1144 1245 1162 Ἡ.
1264 1138 1419 1167 ambiguum
1433 1144 1503 1167 proe-

167 1176 241 1200 lium.
260 1175 387 1198 subvenit
403 1173 513 1197 Cerialis
528 1173 720 1201 fortunamque
739 1174 831 1196 vertit.
844 1185 870 1188 —
882 1177 919 1196 22.
936 1174 964 1196 at
977 1178 1070 1201 parum
1085 1172 1214 1202 providus
1228 1172 1314 1196 ferme
1332 1173 1500 1202 opprimitur.

167 1224 196 1229 —
206 1216 243 1233 25.
262 1210 351 1233 Civilis
366 1208 490 1232 navalem
505 1209 593 1231 aciem
615 1209 750 1236 ostentat,
765 1208 812 1231 sed
825 1214 839 1231 a
853 1208 955 1232 Ceriale
969 1209 1045 1231 trans
1060 1208 1181 1232 Rhenum
1199 1208 1316 1237 pellitur.
1330 1208 1373 1231 hic
1387 1207 1501 1231 insulani

167 1246 328 1270 Batavorum
349 1244 493 1273 populatus
514 1243 656 1272 superfuso
677 1248 756 1266 amne
780 1249 878 1266 novum
903 1243 1048 1266 discrimen
1068 1243 1228 1271 adit-2⁴,
1246 1248 1286 1266 25.
1308 1244 1365 1266 tum
1383 1242 1500 1266 hostium

166 1282 271 1304 animos
282 1280 396 1304 occultis
411 1279 512 1302 nuntiis
525 1278 753 1302 labefactat—26.
769 1277 860 1302 Civilis
873 1278 959 1307 petito
974 1278 1111 1307 colloquio
1122 1278 1156 1302 ad
1166 1278 1331 1302 deditionem
1345 1283 1374 1301 se
1384 1282 1498 1307 pronum

166 1316 321 1346 profitetur.

208 1449 231 1476 Ι.
257 1443 405 1483 Ejusdem
431 1442 506 1472 anni
526 1440 684 1481 principio
701 1444 807 1472 Caesar
822 1441 934 1480 Titus,
956 1441 1184 1481 perdomandae
1206 1441 1326 1473 Judaeae
1346 1441 1494 1472 delectus

165 1502 183 1523 a
209 1494 300 1532 patre
326 1492 358 1521 et
375 1489 511 1530 privatis
537 1489 708 1528 utriusque
734 1488 849 1519 rebus¹
880 1489 996 1520 militia
1022 1489 1146 1528 clarus,
1173 1488 1292 1528 majore
1309 1490 1378 1520 tum
1399 1488 1432 1519 vi
1449 1489 1496 1519 sa·

165 1547 283 1579 maque
308 1538 443 1577 agebat,
471 1536 669 1567 certantibus
695 1536 936 1576 provinciarum
964 1539 997 1567 et
1018 1537 1219 1567 exercituum
1243 1536 1371 1567 studiis.
1400 1536 1497 1574 atque

164 1587 232 1626 ipse
245 1610 252 1623 ,
271 1586 307 1616 ut
325 1593 422 1624 super
443 1584 604 1614 fortunam
620 1582 630 1599 ²
649 1582 847 1619 crederetur,
866 1582 1021 1613 decorum
1036 1591 1070 1613 se
1087 1584 1339 1622 promptumque
1352 1582 1384 1612 in
1400 1582 1497 1612 armis

164 1631 379 1669 ostendebat,
414 1630 570 1660 comitate
605 1631 637 1660 et
662 1629 811 1668 alloquiis
835 1629 941 1660 officia
967 1639 1165 1669 provocans,
1197 1638 1234 1659 ac
1256 1629 1443 1668 plerumque
1463 1627 1496 1658 in

164 1688 259 1721 opere
272 1703 280 1715 ‚
304 1679 337 1708 iu
357 1678 485 1716 agmine
504 1676 652 1715 gregario
671 1676 762 1705 militi
789 1676 931 1713 mixtus,
953 1676 1141 1716 incorrupto
1159 1676 1250 1707 ducis
1273 1676 1405 1705 bonore.
1429 1675 1495 1705 tres

163 1736 238 1758 eum
259 1726 290 1756 in
306 1724 417 1755 Judaea
434 1723 576 1762 legiones
590 1747 599 1761 ‚
620 1723 735 1762 quinta
751 1724 783 1753 et
800 1722 924 1753 decima
940 1724 972 1754 et
993 1723 1251 1762 quintadecima,
1269 1725 1362 1752 vetus
1378 1724 1495 1760 Vespa-

164 1774 245 1807 siani
263 1772 365 1809 miles
384 1779 548 1810 excepere.
568 1769 694 1801 addidit
706 1779 722 1800 e
737 1770 826 1809 Syria
842 1770 1071 1800 duodecimam
1086 1772 1119 1801 et
1133 1769 1289 1801 abductos
1303 1767 1495 1800 Alexandria

163 1818 479 1853 duoetvieesimanos
493 1817 726 1856 tei-uanosque.
746 1817 989 1848 comitabantur
1004 1817 1117 1856 viginti
1135 1817 1230 1848 sociae
1246 1816 1408 1853 cobortes,
1420 1815 1494 1844 octo

164 1868 311 1909 equitum
328 1866 404 1903 aiae,
431 1865 527 1895 simul
550 1864 688 1903 Agrippa
713 1865 946 1903 Soliaemusque
969 1873 1076 1903 reges,
1093 1866 1126 1895 et
1143 1864 1261 1894 auxilia
1278 1863 1359 1902 regis
1382 1861 1491 1892 Antio-

164 1916 216 1948 chi
227 1915 252 1953 ³³,
270 1913 440 1951 validaque
453 1914 485 1942 et
496 1912 591 1942 solito
608 1912 692 1942 inter
706 1912 832 1942 accolas
847 1911 920 1942 odio
934 1911 1058 1942 infensa
1071 1911 1192 1942 Judaeis
1202 1910 1344 1942 Arabum
1358 1915 1490 1943 manus3

166 1963 257 1994 multi
275 1969 356 2000 quos
378 1958 462 1990 Urbe
482 1962 578 1998 atque
594 1959 685 1989 Italia
702 1968 760 1989 sua
775 1967 939 1998 quemque
951 1967 1022 1998 spes
1035 1959 1196 1989 acciverat
1209 1956 1385 1997 occupandi
1398 1954 1490 1986 Prin-

164 2011 268 2049 cipem
285 2007 391 2038 adbuc
408 2014 546 2036 vacuum
559 2005 583 2036 ⁴.
604 2006 653 2037 his
669 2014 743 2036 oum
762 2006 865 2045 copiis
883 2006 961 2037 lines
979 2006 1121 2037 bostium
1134 2006 1296 2044 ingressus
1314 2000 1490 2042 composito

163 2056 290 2095 agmine
303 2079 312 2093 ‚
333 2056 450 2084 cuneta
474 2053 648 2092 explorans
666 2054 866 2092 paratusque
888 2053 1076 2092 decernere,
1096 2052 1181 2083 haud
1200 2051 1312 2092 procul
1335 2050 1487 2081 Hieroso·

164 2103 260 2144 lymis
278 2101 383 2131 castra
400 2099 486 2130 fecit.

206 2153 245 2181 ΙΙ.
264 2148 320 2179 Sed
338 2149 413 2187 quia
430 2148 561 2178 famosae
579 2146 667 2178 urbis
683 2156 870 2187 supremum
888 2146 973 2178 diem
990 2147 1140 2178 tradituri
1158 2154 1287 2183 summ,
1305 2148 1485 2182 congruens

165 2197 292 2228 videtur
309 2194 486 2235 primordia
502 2195 570 2233 ejus
587 2194 708 2234 aperire
721 2195 742 2223 ¹.
766 2194 906 2226 Judoeos
925 2195 1028 2225 Creta
1050 2194 1168 2226 insula
1184 2192 1352 2233 profchos
1375 2190 1484 2221 novis-

195 2295 215 2318 Ι.
232 2300 251 2317 ι.
266 2293 474 2322 imperatorium
489 2292 522 2315 ad
535 2292 670 2322 fastigium
681 2293 800 2317 nundum
814 2295 926 2318 evectis.
947 2295 986 2318 Dc
1002 2293 1109 2317 militia
1122 2297 1214 2316 eorum
1235 2292 1298 2315 ante
1314 2290 1366 2314 hoc
1379 2290 1485 2316 tempus

165 2336 190 2353 v.
202 2330 310 2352 Suetou,
326 2328 409 2357 Vesp.
426 2334 450 2351 c.
464 2333 484 2355 4,
505 2328 555 2352 Tit.
571 2334 594 2351 c.
609 2333 686 2352 4.—2.
699 2330 743 2352 Sc.
757 2335 815 2352 esse
826 2337 831 2355 :
843 2330 965 2358 superior
976 2329 1146 2353 fortuna—5.
1160 2329 1198 2351 De
1212 2327 1309 2357 quibus
1324 2326 1353 2353 11,
1371 2329 1409 2348 8¹.
1420 2326 1480 2344 -4-

165 2364 276 2388 Locutio
294 2369 325 2386 ct
337 2364 397 2392 jure
411 2363 455 2391 (de
468 2363 689 2393 possessionibus)
704 2365 786 2393 petita
799 2372 805 2389 ε
820 2365 948 2394 Principis
967 2365 1085 2388 animum
1100 2365 1127 2388 et
1141 2363 1261 2387 favorem
1271 2381 1277 2390 ,
1291 2363 1437 2390 antequam
1450 2356 1483 2380 ad

166 2399 234 2424 ulios
248 2398 399 2426 inclinaret,
415 2399 464 2421 sibi
478 2399 648 2423 conciliandi.

195 2435 226 2459 11.
245 2440 266 2458 ι.
285 2434 347 2463 Quat
360 2435 516 2463 sequuntur,
536 2434 664 2463 pleraque
679 2437 768 2459 omnia
786 2442 800 2460 c
814 2435 989 2466 scriptoribus
1003 2435 1086 2466 petita
1105 2437 1167 2460 sunt
1186 2435 1310 2466 paganis,
1326 2437 1420 2457 manca
1435 2430 1482 2452 aut
