1539 2668
152 149 214 179 266
527 146 660 175 TACITI
684 145 902 176 ANNALIUM
925 148 998 175 ΠΒ.
1022 148 1103 176 xvi.

147 231 293 265 ,quorum
309 222 460 262 aspectus
472 224 504 252 et
518 221 624 252 minas
643 219 916 260 ingressicuriam
942 223 1119 252 senatores.
1142 221 1175 252 et
1196 221 1300 253 oratio
1324 223 1479 264 Principis
1531 225 1533 236 ”

152 281 209 314 per
226 271 422 310 quaestorem
435 268 506 307 ejus
519 267 531 286 ²
557 268 669 300 audita
694 269 752 299 est.
781 268 911 299 nemine
933 267 1127 299 nominatim
1154 269 1352 309 compellato.
1371 273 1479 303 Patres
1531 272 1532 281 ¹

145 317 328 358 arguebat,
346 329 360 343 ιι
376 315 463 355 quod
479 315 607 356 publica
622 315 736 346 munia
750 314 954 354 desererent,
977 324 1154 355 eorumque
1179 316 1325 358 exemplo
1346 317 1478 358 Equites
1530 341 1532 349 ι

155 379 170 394 n
185 364 318 398 Romani
335 363 346 381 ³
363 363 401 394 ad
416 362 586 402 segnitiam
601 364 774 394 uterenturv
796 362 916 394 etenim
939 363 1016 402 quid
1036 363 1154 393 mirum
1172 372 1189 394 e
1203 363 1384 405 longinquis
1406 374 1477 406 pro·

155 427 171 441 (ι
187 412 300 444 vinciis
313 410 399 442 haud
413 409 516 441 veniri
537 409 564 446 ⁴,
592 419 697 450 vquum
718 409 864 450 plerique
890 409 999 450 adepti
1019 410 1225 441 consulatum
1250 413 1283 443 et
1303 411 1479 444 sacerdotia
1526 408 1531 456 f

152 461 354 492 «hortorum
371 457 478 497 potius
493 457 676 488 amoenitati
693 457 895 489 inservirent.
914 470 928 484 υ
948 457 1033 497 quod
1057 458 1147 488 velut
1170 458 1273 490 telum
1294 458 1479 500 corripuere
1526 457 1527 486 ἶ

144 509 367 540 accusatores

193 556 332 587 XXVIII.
350 552 388 582 Et
402 550 533 581 initium
549 550 685 582 faciente
698 551 892 583 Cossutiano
909 576 917 591 ,
932 552 1053 591 maj0re
1066 552 1100 583 vi
1116 552 1285 584 Marcellus
1304 560 1477 584 summam
1526 547 1527 557 ¹

151 600 404 641 rempublicam
417 600 474 638 αφ’
490 597 695 629 clamitabat:
712 611 727 625 «
740 598 947 629 contumacia
961 598 1151 630 inferiorum
1168 599 1333 630 lenitatem
1348 599 1477 640 imperi·
1529 599 1530 607 ¹

152 665 168 679 «
182 648 282 681 tantis
296 645 450 678 deminui.
467 645 603 676 nimium
618 646 714 677 mites
730 646 770 677 ad
793 654 864 676 eam
881 645 965 676 diem
991 649 1098 678 Patres
1111 673 1119 686 ‚
1146 647 1201 687 qui
1226 647 1399 678 Thraseam
1424 645 1476 678 de·

152 710 167 724 «
182 696 372 727 sciscentem
383 715 390 726 ‚
408 692 464 732 qui
475 701 627 732 generum
642 694 710 733 eJus
729 692 912 724 Helvidium
929 692 1075 723 Priscum
1095 694 1100 711 ¹
1122 694 1152 724 in
1168 694 1282 725 iisdem
1293 693 1456 725 sui-oribus
1466 716 1476 732 ,

151 756 167 771 «ι
184 742 280 774 simul
304 740 480 772 Paconium
509 740 743 780 Agrippinum²
774 739 898 780 paterni
928 740 960 770 in
988 741 1152 780 Principes
1178 740 1243 771 odii
1271 740 1421 772 heredem
1446 743 1478 772 et
1529 732 1530 742 ¹

152 803 167 817 «
183 789 331 821 Curtium
348 790 537 818 Montanum
553 787 565 804 ³
583 786 772 818 detestanda
793 785 938 817 carmina
965 786 1163 818 factitantem
1187 786 1316 818 eludere
1344 786 1477 828 impune
1528 790 1530 812 ἕ

151 850 166 864 u
181 836 336 868 sinerent.
357 834 518 874 requirere
533 833 542 852 ⁴
560 843 594 865 se
609 834 641 864 in
664 836 777 865 senatu
795 833 997 864 consularem
1010 858 1017 871 ‚
1038 834 1068 865 in
1087 835 1173 865 votis
1196 833 1396 866 sacerdotem
1411 856 1420 872 ‚
1441 834 1475 865 in

148 896 167 912 ·«
179 882 388 924 jureJurando
405 881 510 912 civem
524 904 533 920 ,
547 880 607 912 nisi
622 883 735 912 contra
752 881 904 912 instituta
920 882 952 912 et
971 882 1163 912 cerimonias
1189 881 1347 921 majorum
1370 880 1476 920 prodi-

151 945 166 959 «
182 933 284 962 torem
299 930 405 970 palam
419 930 451 959 et
466 928 589 959 hostem
604 928 745 959 Thrasea
760 927 929 959 induisset.
951 928 1088 967 denique
1102 931 1209 967 ageret
1222 930 1403 960 senatorem
1418 951 1428 967 ,
1443 927 1476 959 et
1528 927 1529 939 ¹

151 992 167 1007 «
181 976 338 1017 Principis
351 976 585 1007 obtrectatores
601 977 769 1014 protegere
784 975 900 1006 solitus
914 976 1058 1013 veniret,
1084 977 1230 1006 censeret
1251 975 1331 1015 qnid
1359 972 1476 1014 corrigi

150 1039 165 1054 «
180 1026 237 1057 aut
254 1023 371 1055 mutari
387 1023 483 1054 vellet
498 1032 505 1053 :
524 1022 649 1053 facilius
672 1022 853 1062 perlaturos
869 1022 997 1061 singula
1013 1022 1233 1062 increpantem
1248 1046 1255 1061 ‚
1272 1030 1372 1061 quam
1388 1029 1476 1052 nunc

153 1086 169 1100 u
182 1071 349 1104 silentium
368 1070 545 1110 perferrent
558 1069 668 1100 onmia
683 1069 880 1100 damnantis.
898 1078 1010 1109 pacem
1027 1070 1071 1099 illi
1089 1078 1143 1108 per
1157 1069 1268 1099 orbem
1283 1072 1375 1100 terrae
1388 1068 1413 1107 ⁵,
1435 1076 1477 1100 an

147 1133 162 1144 «
180 1118 330 1150 victorias
347 1118 415 1148 sine
435 1114 554 1147 damnb
569 1116 773 1147 exercituum
790 1115 983 1155 displicere?
997 1125 1036 1146 ne
1052 1116 1214 1146 hominem
1229 1115 1322 1146 bonis
1335 1115 1477 1155 publicis

149 1179 164 1193 «
178 1167 330 1196 moestum
344 1188 355 1203 ,
371 1165 405 1195 et
423 1163 477 1203 qni
504 1163 572 1193 fora
585 1186 594 1201 ,
620 1162 744 1193 theatra
761 1186 770 1200 ,
798 1162 922 1201 templa
948 1171 1006 1202 pro
1028 1162 1201 1193 solitudine
1222 1161 1355 1194 liaberet
1370 1161 1397 1203 ⁶,
1419 1161 1474 1202 qui
1526 1163 1527 1167 ’

150 1226 166 1240 «
181 1212 385 1244 minitaretur
402 1210 553 1242 exsilium
571 1218 687 1248 suum,
705 1209 893 1240 ambitionis
909 1218 1020 1250 pravae
1039 1213 1221 1250 compotem
1240 1210 1391 1241 facerent.
1408 1217 1473 1240 non

148 1273 163 1287 κ
180 1260 226 1291 illi
244 1259 394 1290 consulta
410 1258 491 1297 haec,
517 1265 580 1287 non
597 1257 806 1296 magistratus
820 1258 878 1288 aut
890 1261 1069 1288 Romanam
1088 1257 1199 1288 urbem
1211 1256 1326 1288 videri.
1345 1256 1475 1288 abrum-
1525 1275 1526 1278 =

148 1321 164 1335 «
179 1307 268 1347 peret
281 1306 383 1337 vitam
400 1305 440 1336 ab
454 1313 491 1335 ea
507 1303 638 1335 civitate
652 1328 661 1342 ‚
690 1305 782 1344 cujus
808 1304 977 1336 caritatem
1002 1305 1082 1336 olim
1097 1329 1106 1345 ‚
1135 1313 1222 1335 nunc
1247 1305 1280 1336 et
1306 1306 1472 1345 aspectum

151 1368 165 1382 «
202 1354 254 1384 ι’
278 1362 285 1369 “
310 1356 331 1383 t.
349 1366 364 1380 »

181 1362 306 1433 331¹}ss
315 1404 423 1440 Quum
441 1407 498 1439 per
508 1399 579 1430 haec
594 1400 691 1439 atque
711 1398 786 1430 talia
804 1399 990 1439 Marcellus,
1011 1401 1047 1430 nt
1061 1400 1127 1430 erat
1153 1400 1265 1431 torvus
1287 1399 1321 1430 et
1336 1398 1443 1430 minax
1462 1422 1471 1437 ,

145 1457 223 1480 voce
237 1472 244 1486 ‚
263 1447 354 1477 vultu
368 1471 377 1485 ,
392 1446 497 1477 oculis
511 1447 690 1478 ardesceret
706 1442 714 1485 ',
730 1456 793 1477 non
819 1446 872 1477 illa
895 1448 971 1477 nota
996 1447 1028 1478 et
1052 1446 1234 1477 celebritate
1251 1445 1471 1486 periculorum
1523 1443 1525 1458 ⁵

144 1498 233 1528 sueta
248 1495 312 1535 jam
326 1495 458 1525 senatus
476 1494 628 1524 moestitia
644 1517 653 1532 ,
671 1494 726 1525 sed
743 1503 847 1525 novus
864 1495 897 1525 et
910 1493 1004 1525 altior
1022 1502 1122 1533 pavor
1135 1501 1249 1524 manus
1271 1495 1303 1524 et
1327 1493 1390 1524 tela
1412 1492 1474 1523 mi-
1519 1514 1524 1520 ,η

144 1543 240 1574 titum
254 1540 470 1573 cernentibus.
488 1541 586 1572 simul
600 1541 701 1581 ipsius
714 1541 861 1572 Thraseae
878 1540 1071 1572 venerabilis
1085 1541 1206 1580 species
1225 1539 1472 1579 obversabatur;
1519 1540 1520 1551 ¹

143 1592 176 1622 et
188 1591 279 1621 erant
293 1587 349 1628 qui
368 1587 570 1619 Helvidium
588 1596 721 1628 quoque
739 1588 969 1619 miserarentur
984 1590 1138 1619 innooeiae
1153 1587 1343 1626 affinitatis
1352 1594 1475 1627 poenas

144 1636 325 1668 daturum.
342 1634 438 1673 «qnid
453 1634 625 1674 Agrippino
639 1635 800 1673 objectum
819 1634 878 1665 nisi
894 1635 1020 1665 tristem
1036 1637 1133 1674 patris
1146 1634 1330 1665 fortunam?
1343 1632 1473 1674 quando
1517 1632 1522 1655 ἰ

145 1696 162 1712 ιι
175 1685 207 1714 et
220 1682 273 1713 ille
289 1681 420 1721 perinde
435 1681 589 1712 innocens
608 1681 613 1698 ¹
633 1681 751 1712 Tiberii
772 1681 898 1712 saevitia
918 1681 1128 1712 concidisset.
1156 1681 1323 1712 enimvero
1345 1683 1472 1712 Monta·
1517 1698 1519 1708 ,ι

147 1739 255 1760 «nuni
281 1727 391 1768 probae
411 1726 555 1766 jnventae
580 1737 685 1768 neque
712 1728 828 1759 famosi
855 1728 1030 1768 carminis,
1059 1729 1136 1768 quia
1165 1728 1333 1768 protulerit
1349 1726 1361 1745 ²
1384 1727 1472 1768 inge·
1517 1725 1522 1768 ἶ

145 1791 160 1805 «ι
176 1776 280 1815 nium,
293 1776 454 1806 extorrem
467 1775 529 1815 agi.
542 1787 557 1802 υ

183 1827 275 1855 XXX.
302 1824 404 1863 Atque
421 1822 550 1853 interim
568 1822 712 1854 Ostorius
727 1822 863 1854 Sabinus
877 1821 989 1854 Sorani
1007 1824 1175 1853 accusator
1189 1821 1370 1862 ingreditur
1385 1821 1469 1852 ordi-

145 1935 265 1962 vocatus,
277 1939 332 1957 non
345 1934 448 1957 temere
460 1933 489 1956 ln
500 1933 629 1962 templum
641 1934 780 1964 genitricis
792 1933 869 1958 Juliae
882 1934 1036 1964 gentis.-2.
1047 1934 1186 1958 Recitante
1200 1934 1335 1963 quaestore
1347 1934 1471 1964 Augusti.
1515 1934 1516 1939 ¹

145 1970 272 1999 Ulpianus
284 1976 289 1993 :
306 1969 366 1993 Non
382 1975 477 1993 omnes
491 1971 645 1999 quaestores
657 1971 823 2000 provincias
836 1970 1043 1999 sortiebantur,
1066 1976 1166 1994 verum
1176 1969 1285 1999 excepti
1299 1970 1386 1993 erant
1400 1968 1473 1994 Can-

143 2005 237 2029 didati
260 2005 404 2033 Principis
422 2004 491 2034 (slve
505 2007 658 2034 quaestores
676 2006 830 2034 Augus-tn:
844 2006 875 2029 Ιιι·
893 2007 997 2030 etenim
1018 2006 1087 2030 solis
1107 2006 1190 2030 libr-ts
1210 2004 1425 2035 principalibus
1440 2005 1473 2029 in

142 2042 244 2064 senatu
260 2040 384 2070 leyendis
398 2041 568 2064 vacant—³.
584 2041 668 2064 Penes
682 2047 750 2071 quos
761 2041 927 2070 judicia—4.
940 2043 981 2065 Sc.
993 2042 1021 2064 in
1033 2043 1168 2065 senatum.
1183 2040 1259 2064 Conr.
1274 2040 1331 2068 ΧΠ,
1343 2044 1380 2063 23.

172 2075 292 2099 xxvlll.
315 2081 333 2098 ι.
351 2076 417 2099 ltem
439 2076 569 2105 Stolcum‚
585 2076 618 2100 dc
636 2083 689 2106 quo
711 2076 783 2101 Hist.
811 2077 852 2105 tv,
869 2082 892 2104 s,
908 2076 974 2100 Ptin.
1000 2076 1090 2105 Epist.
1110 2076 1151 2101 lll.
1178 2079 1287 2099 ¹¹.—2.
1308 2075 1427 2099 Stoicum
1445 2074 1473 2097 et

143 2112 237 2140 ipsum,
253 2110 391 2134 laudatum
414 2111 547 2140 Epicteto.
564 2112 644 2135 Pater
661 2112 719 2141 cjns
732 2113 768 2136 M.
792 2112 925 2136 Paconius
939 2111 1089 2140 majestatis
1103 2116 1163 2134 reus
1182 2109 1231 2133 sub
1254 2109 1362 2134 Tiberio
1382 2109 1472 2139 periit.

143 2158 170 2161 -
181 2151 202 2169 5.
218 2146 256 2169 De
271 2151 324 2174 quo
335 2146 426 2175 paullo
440 2146 562 2174 inferius,
576 2148 604 2171 et
623 2147 699 2172 Hist.
717 2148 757 2178 tv,
772 2153 808 2177 ιο,
826 2152 866 2171 ⁴2.
880 2159 908 2164 —
921 2152 943 2170 ⁴.
960 2147 1135 2174 Desiderare;
1149 2151 1210 2169 nam
1226 2145 1344 2169 Thrasea
1359 2151 1471 2171 munera
1518 2152 1520 2175 3

142 2180 196 2208 iila,
211 2180 261 2204 sub
280 2181 388 2205 Nerone
412 2183 439 2205 in
455 2182 648 2211 turpitudinem
672 2183 791 2212 delapsa,
812 2182 977 2212 neglexerat.
994 2182 1068 2206 Conf.
1095 2188 1119 2205 (¹.
1144 2187 1184 2212 22„
1205 2180 1257 2205 Sed
1279 2181 1415 2204 structura
1433 2179 1471 2204 ita

143 2216 232 2245 pergit.
256 2221 289 2239 ac
314 2217 334 2238 si
353 2216 454 2241 dictum
481 2219 553 2242 esset
573 2224 578 2241 :
597 2225 625 2242 sc
652 2219 870 2242 desideraturum
887 2217 971 2241 fuisse
994 2217 1167 2242 consularem
1191 2218 1244 2241 etc.
1267 2216 1470 2246 (accusaturum
1517 2214 1520 2246 J

142 2250 224 2274 fuisse
233 2250 387 2280 neglectum
404 2253 508 2276 illorum
531 2253 682 2279 munerum)
703 2254 761 2277 nisi
774 2253 864 2284 palam
887 2254 915 2276 et
931 2252 1011 2276 factis
1024 2258 1078 2277 non
1098 2253 1186 2276 dubiis
1200 2257 1229 2275 se
1249 2251 1355 2276 hostem
1372 2249 1472 2280 *patriae

141 2285 320 2314 profiteretur
332 2287 459 2311 Thrasea.
474 2301 502 2305 —
513 2294 534 2311 5.
551 2289 613 2318 Quae
633 2295 681 2318 per
694 2289 758 2312 illud
774 2291 881 2318 tempus
891 2288 1042 2317 obtinebat,
1053 2289 1121 2312 adeo
1138 2290 1167 2312 ut
1180 2286 1310 2318 templum
1323 2284 1469 2310 Janielau·
1516 2282 1518 2314 j

141 2320 206 2343 serit
230 2321 308 2350 Nero,
321 2322 393 2351 quod
410 2324 497 2346 nuinis
511 2324 646 2354 hodieque
672 2324 862 2354 superstitibus
875 2323 1052 2348 celebratum.
1069 2336 1097 2341 —
1113 2328 1136 2347 e.
1152 2325 1190 2347 Ac
1212 2321 1330 2353 proinde
1344 2325 1383 2344 ea
1412 2323 1468 2343 non
1508 2321 1518 2358 i

144 2355 264 2416 ωῗῖἑςὲῐῐχ.
277 2397 298 2418 ¹.
313 2393 403 2424 Atque
416 2393 547 2420 finus—2.
563 2397 607 2420 Sc.
624 2398 651 2421 in
665 2397 763 2422 lucem.

1517 1657 1519 1683 ,¹
