1539 2668
518 198 740 226 ELOCUTloN
747 199 779 226 IS
803 198 987 226 TACITEAE.
1357 201 1412 230 xxi

141 277 241 311 Dum
263 283 346 309 cum
366 270 593 317 subjunctivo
613 282 674 316 pro
691 271 800 306 modo
819 271 871 306 vel
891 270 1095 307 decmmoclo
1111 283 1124 307 .·
1139 274 1236 308 nihil
1252 274 1413 310 abnuen-

93 332 179 372 tem,
202 329 295 364 ditm
310 327 577 362 dominationis
593 327 846 371 apisceretur,
867 330 901 360 et
917 326 998 360 alia.

139 403 287 440 Finalis
315 403 534 448 conjzmctio
556 412 819 447 nonnunquam
847 401 1026 437 omittitur
1050 401 1087 436 in
1113 402 1226 438 altero
1252 404 1412 440 membro

94 457 261 504 positivo,
284 461 478 502 postquam
492 455 658 501 negativa
675 455 850 500 particula
866 455 985 490 finalis
999 461 1233 501 praecesserat
1247 483 1255 499 ,
1277 467 1318 492 ex
1339 467 1410 503 qua

93 509 254 545 elicenda
271 515 325 544 est
342 508 494 555 positiva
512 521 519 542 :
539 508 752 543 exstinctam
775 515 897 543 autem
922 509 1152 555 negationem
1173 519 1251 545 esse
1275 515 1415 545 senten-

92 562 141 598 tia
166 572 250 597 cum
276 561 433 597 decursu
463 561 601 607 periodi
630 560 779 596 indicat.
812 560 993 607 Exemplis
1014 571 1089 596 rem
1114 560 1380 598 declarabimus
1403 575 1412 597 :

83 613 237 660 sactum
254 614 642 657 senatusconsultum,
665 625 712 649 ne
731 615 889 649 decreta
911 617 1073 649 l’atrum
1093 617 1182 649 ante
1201 614 1298 649 diem
1316 616 1416 650 (leci-

93 677 196 702 mum
216 668 270 703 act
292 669 477 703 aerarium
497 666 760 712 deferrentur,
782 668 895 712 idque
920 670 1006 702 ritae
1028 669 1197 713 spatium
1218 667 1416 703 damnatis

91 720 453 767 proroqaretur,ubi
468 721 580 766 idque
595 726 649 756 est
662 731 739 766 pro,
753 726 788 755 et
802 725 842 754 ut
858 719 906 754 id.
924 722 1127 766 Pepiqerat
1138 720 1281 763 Pallas,
1296 732 1343 756 ne
1355 732 1416 756 cu-

85 775 226 819 jusque
242 774 346 819 jacti
371 776 409 808 in
428 776 672 819 praeteritum
704 776 1009 818 interroqaretm·
1034 784 1222 818 paresque
1247 776 1417 808 rationes

93 837 177 862 cum
200 827 395 873 republica
411 827 591 870 liaberet,
624 826 687 862 ubi
705 837 896 872 paresque
917 832 990 869 est,
1018 832 1054 861 et
1075 834 1115 861 ut
1135 837 1250 871 pares.
1275 830 1417 862 Orasse

93 881 318 918 dicebantur
334 891 380 915 ne
402 882 688 915 criminantium
709 882 850 914 nuntiis
877 882 1016 914 temere
1036 879 1310 914 accenderetur
1328 882 1416 914 inte-

92 944 276 982 9rumque
298 937 348 975 (et
372 938 410 967 ut
427 933 624 979 integrum)
647 944 686 967 se
696 933 781 978 filio
794 935 1016 979 praestaret.
1054 934 1104 967 Ne
1128 934 1210 977 quis
1233 934 1311 966 rita
1324 943 1417 978 pro-

93 988 224 1024 brosus
234 988 478 1033 onrinciam
494 988 700 1021 sortiretur
719 986 830 1031 idque
845 989 893 1027 (et
908 990 950 1020 ut
966 985 1047 1027 hoc)
1073 987 1257 1030 Princeps
1277 985 1403 1030 (lijudi

35 1034 39 1037 ⁵
94 1043 214 1077 caret.
237 1040 433 1086 Optabunt
453 1051 498 1074 ne
517 1040 625 1075 miles
641 1041 879 1082 centurioni,
900 1049 947 1073 ne
963 1040 1134 1073 centurio
1151 1038 1300 1072 tribuno
1318 1038 1418 1073 obse·

93 1097 255 1142 quatur,
285 1094 375 1128 hinc
399 1092 548 1138 confusi
571 1093 722 1139 pedites
752 1095 962 1138 equitesque
985 1094 1024 1126 in
1053 1093 1216 1126 exitium
1243 1102 1415 1135 ruamus,

94 1147 155 1182 ubi
171 1147 259 1182 hinc
278 1157 357 1192 pro,
380 1152 415 1181 et
431 1153 469 1182 ut
489 1146 642 1181 hinc.—
661 1146 792 1181 Eadem
814 1145 992 1190 particula
1012 1147 1055 1179 ‘ut
1070 1144 1269 1190 saepissime
1286 1144 1419 1179 omitti-

94 1205 154 1236 tur
173 1205 255 1245 post
274 1199 380 1234 verba
396 1199 560 1244 jubendi,
583 1199 769 1241 incitandi,
787 1197 972 1240 hortandi,
994 1198 1153 1243 optandi,
1170 1197 1299 1232 similia
1319 1198 1419 1242 :Jus-

93 1254 144 1289 sz't
165 1254 232 1296 (ut)
255 1252 419 1293 abirent,
444 1257 512 1286 etc.

140 1306 207 1341 UT
222 1304 418 1350 particula,
440 1315 521 1339 cum
540 1304 735 1339 indicativo
752 1309 908 1345 structa,
927 1314 1192 1349 nonnunquam
1216 1302 1325 1338 habet
1344 1302 1419 1337 vim

94 1358 370 1403 restringentem
398 1363 432 1392 et
464 1356 613 1402 impedit
645 1357 842 1402 quominus
870 1367 925 1391 res
959 1356 1158 1401 accipiatur
1189 1355 1356 1390 universe
1384 1360 1420 1391 et

94 1410 281 1452 absolute;
306 1415 384 1445 tum
405 1409 618 1455 plerumque
639 1410 716 1444 sine
737 1409 844 1444 verbo
862 1410 1031 1455 ponitur-3
1050 1408 1094 1444 de
1117 1408 1297 1454 oppressis
1313 1408 1419 1443 ruina

94 1463 237 1505 theatri,
257 1474 318 1498 eos
334 1473 447 1509 quum
465 1465 696 1508 principium
716 1465 859 1507 strassis
879 1465 1134 1508 oppresserat,
1158 1464 1197 1496 ut
1215 1461 1283 1496 tali
1301 1464 1416 1507 sorte,

95 1518 309 1551 cruciatum
326 1515 509 1561 essuqere,
525 1526 600 1551 non
620 1526 770 1561 prorsus
783 1514 946 1561 effugere
962 1515 1179 1559 cruciatum,
1198 1513 1261 1549 sed
1275 1513 1420 1560 utjudi—

95 1578 221 1604 camus
233 1569 269 1604 in
282 1569 344 1604 tali
359 1575 468 1611 sorte,
480 1567 724 1615 comparando
736 1569 918 1603 cruciatus
933 1568 1196 1603 mutilatorum.
1212 1567 1271 1602 Sic
1287 1569 1416 1603 Germ.

94 1630 126 1656 c.
150 1625 207 1664 30,
230 1621 291 1657 ubi
306 1623 387 1658 vide
404 1627 542 1657 notam.
567 1623 669 1668 Saepe
687 1621 897 1667 simpliciter
914 1620 1159 1667 supplendum
1172 1620 1238 1665 fit,
1258 1620 1314 1655 vel
1324 1620 1419 1666 fieri

92 1673 214 1710 solet:
235 1686 343 1718 mox,
365 1678 409 1711 ut
436 1678 475 1710 in
496 1678 644 1721 maqnis
661 1676 884 1717 mendaciis,
901 1673 1121 1719 interfuisse
1136 1685 1173 1708 se
1196 1674 1304 1723 multi
1324 1673 1419 1708 (tice-

93 1726 211 1774 bant;
231 1731 295 1774 qui
312 1728 492 1764 mortales
509 1731 757 1764 Britanniam
775 1731 883 1764 initio
903 1728 1107 1773 coluerint,
1130 1726 1339 1772 ἱηάίθεηίε,
1366 1736 1419 1761 an

93 1780 255 1824 aduecti,
274 1785 317 1817 ut
332 1784 432 1818 inter
452 1782 652 1825 barbaros,
671 1793 818 1829 parum
836 1784 1084 1828 compertum.

146 1859 383 1904 Temporales
409 1861 687 1905 conjunctiones
719 1859 866 1906 quando
898 1858 1170 1905 subjunctivum
1207 1856 1360 1899 babent,
1388 1855 1418 1890 is

93 1919 168 1945 non
185 1921 225 1946 ex
251 1911 339 1957 ipsis
358 1912 502 1958 pendet,
529 1911 593 1947 sed
616 1922 657 1947 ex
676 1913 827 1948 notione
852 1911 1060 1948 accidente:
1078 1911 1195 1952 velut,
1216 1912 1419 1956 postquam

93 1971 246 2014 coqnita
264 1970 366 2005 caede
390 1973 474 2006 Caii
492 1971 600 2006 leand
623 1971 923 2017 obtemperatum
940 1973 1054 2013 esset,
1076 1969 1259 2004 manebat
1280 1971 1414 2012 metus,

93 2020 156 2056 ubi
177 2021 314 2057 accedit
329 2033 446 2058 eausae
460 2023 574 2060 notio.
594 2025 638 2059 In
650 2023 706 2059 his
724 2024 834 2069 igitur
852 2023 1091 2069 subjunctivis
1109 2032 1250 2068 semper
1262 2021 1417 2067 amplius

92 2074 230 2120 a'iquid
246 2075 487 2121 quaerendum
507 2081 562 2112 est
583 2087 692 2123 quam
707 2076 744 2111 in
759 2076 976 2111 indicativis.

142 2226 311 2271 Denique
328 2227 561 2264 exhortamur
582 2229 746 2275 juvenes,
765 2234 807 2264 ut
827 2229 865 2264 in
884 2228 1059 2264 brevitate
1083 2226 1199 2262 Taciti
1224 2225 1330 2261 simul
1357 2223 1418 2259 ob-

94 2284 238 2314 servent
254 2283 510 2317 variationem
525 2285 732 2326 oratz'onis,
749 2283 911 2318 studiose
930 2281 1120 2327 quaesitam
1136 2291 1155 2316 a
1170 2280 1345 2325 scriptore
1362 2288 1416 2312 sa-

94 2330 337 2417 pientissimo,
355 2334 417 2381 qui
438 2335 506 2371 hac
522 2342 600 2372 arte
618 2337 675 2372 vel
695 2337 905 2372 brevissime
920 2335 1027 2371 dictis
1048 2340 1172 2370 motus
1190 2332 1342 2369 decoros
1356 2330 1416 2367 tri-

122 2389 185 2419 u1t.

494 2463 1013 2483 &OQ-Offir-
