1539 2668
596 155 647 183 DE
669 154 936 183 ORATORIBUS.
1365 151 1427 182 467

100 232 233 271 statuae,
252 240 328 272 quae
343 240 449 272 neque
465 231 535 271 ipsa
551 231 660 261 tamen
686 230 892 270 negliguntur
905 253 913 267 ,
931 230 999 259 tam
1022 226 1157 257 Hercule
1181 235 1278 265 quam
1304 224 1430 257 divitiae

101 282 133 311 et
146 288 221 320 opes
233 305 242 319 ‚
257 288 337 319 quas
355 279 478 310 facilius
493 277 638 308 invenies
655 279 712 317 qui
728 279 890 317 vituperet
907 281 1005 315 quam
1020 273 1075 313 qui
1093 273 1245 304 fastidiat.
1261 273 1316 304 His
1330 272 1430 312 igitur

100 329 132 358 et
149 326 325 357 honoribus
339 328 371 356 et
386 325 583 356 ornamentis
598 326 630 355 et
645 325 848 356 facultatibus
864 323 995 354 refertas
1009 321 1124 351 domos
1139 329 1250 351 eorum
1268 320 1428 359 videmus,

100 373 200 413 quise
214 373 253 405 ab
263 374 395 405 ineunte
405 372 620 404 adolescentia
633 373 737 403 causis
749 371 928 402 forensibus
941 371 974 400 et
984 369 1124 399 oratorio
1136 368 1243 399 studio
1257 367 1426 399 dederunt.

143 424 194 452 IX.
231 433 247 448 «
265 425 344 452 Nam
371 420 514 451 carmina
542 421 574 450 et
599 427 733 457 versus,
759 417 877 458 quibus
905 418 1008 447 totam
1028 416 1128 446 vitam
1153 416 1316 446 Maternus
1345 414 1430 445 insu·

100 474 187 498 mere
215 470 306 508 optat
333 467 430 507 (inde
458 466 544 497 enim
570 466 675 496 omnis
696 466 790 496 fluxit
815 463 965 503 oratio),
996 471 1101 502 neque
1120 462 1310 498 dignitatem
1328 461 1428 492 ullam

100 515 286 546 auctoribus
307 515 372 545 suis
393 513 567 545 conciliant
585 522 688 552 neque
712 512 852 543 utilitate
879 520 933 542 eos
956 510 1066 547 alunt3
1093 509 1295 548 voluptatem
1316 511 1428 539 autem

101 561 232 592 brevem
244 585 253 601 ,
274 561 401 592 laudem
424 561 552 591 inanem
575 562 608 591 et
629 560 862 590 infructuosam
878 560 1131 597 consequuntur.
1148 556 1236 587 Licet
1253 556 1323 586 liaec
1336 555 1425 594 ipsa,

99 610 132 639 et
153 617 226 648 quae
242 608 359 639 deinde
381 608 528 639 dicturus
549 616 641 646 sum,
661 616 754 638 aures
782 610 867 644 tuae,
884 607 1028 636 Materne
1041 629 1049 642 ,
1070 605 1244 643 respuant,
1263 602 1314 633 cui
1339 601 1428 632 bono

101 657 169 693 est,
185 656 214 687 si
238 656 325 696 apud
342 658 374 686 te
396 659 615 694 Agamemnon
632 655 687 684 aut
713 658 804 684 I'ason
823 653 942 684 diserte
965 651 1144 691 loquitur-¹?
1174 651 1248 690 quis
1275 648 1348 680 ideo
1376 647 1430 679 do·

102 712 192 734 mum
215 702 369 734 defensus
391 705 424 733 et
452 702 511 733 tibi
528 702 689 741 obligatus
707 701 808 732 redit?
826 701 899 740 quis
914 698 1052 731 Saleium
1076 700 1243 736 nostrum,
1264 695 1428 735 egregium

101 751 247 791 poetam,
269 750 317 781 vel
334 750 360 780 si
378 750 438 780 hoc
462 749 728 779 honorificentius
748 749 795 778 cst
810 771 818 786 ‚
841 745 1123 786 praeclarissimum
1144 747 1253 775 vatem
1267 768 1276 783 ,
1295 740 1429 773 deducit

99 798 156 828 aut
169 797 290 828 salutat
307 798 365 828 aut
379 796 604 836 prosequitur?
622 803 738 834 nempe
755 795 780 825 si
795 794 921 825 amicus
936 793 1005 831 ejus
1017 816 1025 829 ‚
1047 793 1072 823 si
1091 792 1310 832 propinquus,
1329 789 1355 820 si
1373 788 1430 819 de·

99 845 196 884 nique
210 844 324 883 ipsein
338 843 468 883 aliquod
485 843 649 882 negotium
665 841 826 879 inciderit,
844 841 885 871 ad
903 841 988 871 bunc
1003 840 1185 870 Secundum
1206 839 1359 873 recurret,
1374 836 1431 866 aut

97 890 137 921 ad
152 893 203 928 te,
218 893 374 928 Materne,
392 899 458 920 non
475 890 550 930 quia
564 893 657 929 poeta
673 898 717 926 es,
734 897 838 928 neque
854 890 890 919 ut
905 895 963 927 pro
978 896 1015 917 eo
1031 895 1143 917 versus
1158 886 1255 916 facias
1271 894 1278 914 z
1295 884 1327 914 lii
1341 883 1428 914 enim

97 941 194 969 Basso
216 937 304 968 domi
327 938 519 975 nascuntur,
544 935 671 975 pulchri
696 935 828 975 quidem
850 937 883 965 et
902 933 1059 973 jucundi,
1081 942 1221 972 quorum
1245 934 1353 962 tamen
1376 929 1430 960 liic

98 985 204 1017 exitus
220 987 287 1024 est,
312 987 369 1022 ut,
393 993 495 1024 quum
517 985 585 1014 toto
602 992 687 1014 anno
699 1007 707 1021 ,
728 991 782 1022 per
799 990 913 1012 omnes
928 981 996 1012 dies
1008 1004 1017 1019 ‚
1036 989 1151 1019 magna
1169 980 1312 1010 noctium
1337 978 1429 1017 parte

99 1041 201 1062 unum
220 1032 337 1063 librum
357 1031 491 1062 excudit
505 1034 537 1062 et
552 1029 772 1068 elucubravit,
789 1037 899 1067 rogare
921 1029 1005 1059 ultro
1028 1032 1059 1059 et
1082 1027 1204 1058 ambire
1226 1027 1370 1065 cogatur,
1393 1025 1430 1056 ut

98 1079 163 1110 sint
182 1079 237 1118 qui
254 1078 429 1117 dignentur
446 1078 557 1108 audire
569 1103 578 1116 ,
597 1079 629 1108 et
647 1086 686 1108 ne
709 1077 741 1107 id
764 1076 897 1116 quidem
914 1075 1014 1114 gratis
1033 1085 1039 1105 :
1059 1084 1132 1105 nam
1156 1076 1188 1105 et
1204 1074 1335 1104 domum
1355 1081 1428 1102 mu-

98 1127 209 1157 tuatur
224 1128 256 1157 et
276 1125 474 1156 auditorium
491 1125 632 1155 exstruit
648 1126 680 1155 et
701 1123 854 1154 subsellia
870 1122 1025 1153 conducit
1042 1123 1074 1153 et
1095 1121 1217 1152 libellos
1231 1120 1241 1138 ²
1259 1119 1426 1159 dispergit.

98 1173 132 1203 et
150 1174 184 1204 ut
202 1172 408 1204 beatissimus
431 1172 654 1203 recitationem
674 1171 743 1210 ejus
762 1173 899 1201 eventus
916 1173 1148 1210 prosequatur,
1166 1168 1273 1199 omnis
1289 1167 1343 1197 illa
1360 1166 1430 1197 laus

99 1218 184 1250 intra
208 1229 309 1251 imum
325 1222 381 1250 aut
401 1220 538 1250 alterum
565 1219 672 1255 diem,
698 1218 788 1249 velut
812 1217 843 1247 iu
866 1217 964 1247 herba
982 1217 1031 1247 vel
1058 1217 1135 1247 tiore
1161 1216 1321 1256 praecepta
1337 1213 1362 1251 ³,
1387 1212 1430 1243 ad

100 1267 222 1298 nullam
238 1270 359 1298 certam
373 1271 405 1298 et
416 1267 553 1298 solidam
568 1266 717 1306 pervenit
734 1266 856 1304 frugem
871 1275 879 1302 3
896 1273 953 1295 nec
974 1267 1031 1295 aut
1045 1263 1221 1294 amicitiam
1240 1262 1314 1293 inde
1330 1260 1429 1293 refert

100 1316 156 1345 aut
173 1314 353 1345 clientelam
378 1316 434 1345 aut
457 1322 643 1343 mansurum
664 1314 695 1343 in
714 1313 822 1343 animo
842 1312 1035 1351 cujusquam
1055 1310 1266 1347 beneficium,
1290 1309 1345 1340 sed
1362 1308 1428 1339 cla-

100 1369 223 1393 morem
241 1371 358 1401 vagum
375 1364 406 1392 et
420 1370 516 1392 voees
531 1360 642 1391 inanes
656 1363 687 1391 et
706 1360 860 1399 gaudium
876 1360 1016 1390 volucre.
1036 1358 1254 1389 Laudavimus
1274 1365 1377 1395 nuper
1391 1357 1429 1387 ut

101 1408 219 1440 miram
242 1412 275 1440 et
296 1409 449 1439 eximiam
464 1407 654 1447 Vespasiani
678 1407 902 1438 liberalitatem
915 1431 923 1445 ,
949 1405 1036 1445 quod
1057 1406 1233 1445 quingenta
1251 1403 1401 1434 sestertia
1415 1402 1424 1419 ⁴

100 1460 196 1487 Basso
210 1456 370 1487 donasset.
387 1456 557 1495 pulchrum
580 1455 610 1485 id
631 1454 780 1493 quidem,
798 1453 1031 1493 indulgentiam
1050 1452 1207 1492 Principis
1220 1450 1347 1490 ingenio
1363 1458 1428 1481 me-

100 1503 164 1535 reri
183 1513 190 1533 ε
209 1505 332 1543 quanto
349 1506 456 1534 tamen
474 1503 642 1543 pulchrius
654 1525 662 1540 ‚
684 1502 710 1533 si
729 1502 772 1532 ita
789 1510 840 1532 res
858 1500 1025 1532 familiaris
1042 1501 1170 1539 exigat,
1193 1507 1226 1529 se
1244 1499 1350 1538 ipsum
1373 1505 1428 1528 co-

98 1551 165 1583 lere
176 1550 200 1588 ⁵‚
219 1559 314 1581 suum
331 1550 461 1589 genium
480 1549 666 1589 propitiare,
685 1557 777 1580 suam
793 1548 932 1588 experiri
954 1547 1205 1578 liberalitatem?
1222 1545 1324 1584 adjice
1341 1543 1431 1584 quod

100 1597 224 1637 poetis,
251 1597 278 1628 si
300 1597 397 1627 modo
412 1596 544 1635 dignum
564 1596 684 1636 aliquid
702 1596 869 1627 elaborare
886 1597 918 1625 et
935 1595 1065 1625 et'licere
1082 1594 1200 1630 velint,
1222 1591 1430 1632 relinquenda

98 1644 304 1676 conversatio
319 1645 498 1675 amicorum
516 1646 548 1674 et
563 1643 748 1683 jucunditas
761 1642 869 1681 Urbis,
883 1642 1061 1674 deserenda
1075 1644 1182 1672 cetera
1195 1641 1313 1678 oflicia,
1330 1641 1431 1679 utque

100 1691 163 1732 ipsi
177 1691 308 1730 dicunt,
328 1692 360 1721 in
377 1700 509 1722 nemora
530 1694 561 1722 et
584 1690 692 1730 lucos,
710 1691 741 1721 id
760 1692 809 1722 est
828 1690 861 1720 in
878 1689 1091 1721 solitudinem
1105 1713 1113 1727 ,
1131 1687 1349 1719 recedendum
1367 1689 1428 1718 est.

142 1742 179 1770 X.
202 1751 217 1766 «
233 1742 279 1770 Ne
301 1739 410 1778 opinio
435 1739 565 1778 quidem
590 1742 624 1770 et
650 1739 733 1769 fama
746 1761 754 1777 ‚
773 1737 824 1769 cui
842 1738 901 1769 soli
919 1738 1069 1768 serviunt
1092 1739 1124 1768 et
1139 1736 1225 1776 quod
1242 1744 1343 1766 unum
1360 1743 1430 1766 esse

102 1786 243 1826 pretium
257 1786 364 1816 omnis
380 1785 498 1816 laboris
511 1786 560 1816 sui
573 1786 727 1824 fatentur,
742 1794 834 1824 arque
847 1786 957 1824 poetas
971 1793 1070 1823 quam
1084 1787 1231 1815 oratores
1245 1783 1391 1821 sequitur
1404 1782 1428 1820 ¹,

102 1833 257 1873 quoniam
273 1833 452 1864 mediocres
468 1835 579 1872 poetas
593 1841 689 1864 nemo
708 1832 821 1870 novit,
838 1831 941 1862 bonos
958 1831 1064 1870 pauci.
1084 1830 1215 1870 quaudo
1232 1830 1317 1860 enim
1336 1830 1428 1860 raris-

102 1881 258 1911 simarum
273 1879 283 1897 ²
304 1879 534 1911 recitationum
553 1880 638 1910 fama
656 1880 689 1910 in
703 1881 803 1910 totam
818 1878 937 1909 Urbem
950 1880 1116 1918 penetrat?
1132 1877 1251 1908 nedum
1268 1879 1304 1908 ut
1314 1885 1370 1916 per
1382 1878 1431 1908 tot

101 1928 286 1970 provincias
309 1927 502 1958 innotescat.
526 1929 647 1966 quotus
669 1927 827 1965 quisque,
848 1934 949 1965 quum
971 1934 1010 1956 ex
1031 1924 1186 1965 Hispania
1206 1924 1257 1955 vel
1272 1924 1364 1963 Asia,
1387 1932 1430 1955 ne

102 1975 181 2015 quid
201 1975 241 2005 de
255 1974 352 2005 Gallis
372 1975 493 2005 nostris
511 1974 640 2013 loquar,
659 1973 691 2004 in
707 1973 826 2004 Urbem
841 1973 949 2011 venit,
963 1972 1101 2004 Saleium
1119 1976 1252 2003 Bassum
1269 1971 1431 2011 requirit?

104 2025 200 2062 atque
215 2021 296 2052 adeo
314 2021 340 2051 si
355 2021 428 2060 quis
443 2021 596 2061 requirit,
613 2023 649 2051 nt
664 2020 761 2051 semel
778 2019 876 2059 vidit,
895 2020 1009 2050 transit
1026 2021 1057 2050 et
1074 2022 1244 2050 contentus
1260 2021 1331 2058 est,
1350 2022 1385 2050 ut
1403 2020 1430 2050 si

101 2069 262 2108 picturam
281 2068 420 2108 aliquam
438 2069 488 2099 vel
504 2070 648 2100 statuam
663 2067 811 2099 vidisset.
828 2071 939 2106 Neque
954 2067 1040 2098 hune
1055 2075 1165 2097 meum
1181 2074 1365 2097 sermonem
1383 2066 1431 2098 sie

102 2116 204 2156 accipi
220 2116 295 2146 volo
308 2139 317 2154 ‚
335 2117 502 2155 tamquam
519 2124 574 2147 eos
585 2139 594 2154 ,
611 2115 729 2156 quibus
745 2117 861 2145 natura
877 2123 934 2145 sua
950 2114 1129 2145 oratorium
1147 2113 1313 2152 ingenium
1331 2113 1427 2143 ‹lene-

103 2163 212 2203 gavit,
225 2163 404 2194 deterream
418 2172 436 2193 a
453 2162 662 2200 carminibus,
680 2162 707 2193 si
725 2161 820 2193 modo
836 2162 870 2193 in
887 2161 947 2192 bae
962 2161 1142 2192 studiorum
1158 2162 1248 2201 parte
1265 2159 1430 2191 oblectare

101 2209 204 2241 otium
226 2212 260 2242 et
280 2219 399 2242 nomeu
419 2210 562 2242 inserere
581 2213 718 2250 possunt
741 2210 847 2241 famae.
871 2213 934 2249 Ego
955 2217 1033 2240 vero
1054 2217 1186 2239 omnem
1208 2207 1430 2247 eloquentiam

134 2319 168 2343 lx
196 2323 216 2342 ι.
236 2319 266 2343 In
284 2321 420 2349 tragoediis
438 2326 505 2350 quas
520 2321 629 2344 recitas.
641 2333 669 2337 —
680 2325 701 2343 2.
716 2319 818 2349 Quibus
832 2319 980 2343 invitentur
993 2318 1137 2342 auditores
1156 2317 1232 2342 Cont.
1254 2317 1318 2341 Plin.
1335 2316 1427 2346 Epist.

104 2354 150 2382 ΙΙΙ,
164 2360 242 2378 3.-5.
256 2355 330 2378 Prius
345 2356 373 2379 et.
384 2357 448 2379 ante
460 2356 566 2385 frugem
580 2357 668 2385 capta,
680 2356 873 2384 decerpta-⁴.
888 2354 1078 2383 88‚500sr.—5.
1098 2353 1179 2383 Quasi
1192 2358 1296 2382 agrum.

134 2390 168 2414 X.
182 2395 202 2414 ι.
214 2390 371 2421 comitatur,
385 2391 417 2415 iis
430 2392 626 2422 contingit-2.
641 2391 782 2416 Rarissimo
797 2392 825 2415 et
838 2392 967 2416 eminenti
983 2391 1077 2415 favore
1092 2390 1277 2419 exceptarum.
