1539 2668
116 165 177 196 310
469 160 603 191 mern
625 158 908 189 HISTORIARUM
918 156 994 188 LIB.
1020 158 1059 187 11.

116 238 214 270 retur.
234 235 417 275 Vitelliani,
441 234 562 275 quibus
585 232 693 264 minor
712 231 859 273 peditum
877 231 947 270 vis,
972 231 1005 261 in
1028 229 1136 270 equite
1160 228 1280 269 robur,
1303 229 1444 270 Alpinos,

116 283 270 326 proximis
286 283 389 324 iugis,
415 282 568 313 cohortes
591 279 701 311 densis
725 278 894 310 ordinibus
918 279 992 319 post
1012 276 1154 317 equitem
1178 276 1296 308 locant.
1321 281 1437 310 Treve-

115 340 224 364 rorum
238 332 356 363 turmae
371 330 516 361 obtulere
529 337 563 360 se
576 327 664 359 hosti
677 327 808 358 incaute
818 351 829 367 ‚
844 335 944 367 quum
959 325 1119 365 exciperet
1135 325 1247 356 contra
1265 326 1435 358 veteranus

115 380 205 412 miles
217 402 226 418 ‚
242 377 337 410 simul
353 387 371 409 a
388 378 488 409 latere
503 375 595 408 saxis
612 376 744 415 urgeret
766 375 842 415 apta
856 373 897 405 ad
917 372 1101 413 jaciendum
1120 371 1217 403 etiarn
1235 380 1437 413 paganorum

115 435 248 465 manus,
268 426 324 466 qui
344 425 447 466 sparsi
463 424 551 455 inter
564 421 684 454 milites
701 421 827 453 strenui
838 421 1012 461 ignavique
1027 419 1059 451 in
1078 419 1213 452 victoria
1232 419 1319 452 idem
1334 421 1435 454 aude-

114 472 202 505 bant.
230 473 363 504 additus
384 470 538 512 perculsis
562 472 667 501 terror
688 468 819 501 invecta
845 469 879 500 in
903 470 991 508 terga
1016 468 1229 509 pugnantium
1257 468 1368 502 classe.
1389 468 1436 502 ita

114 520 258 561 undique
281 520 381 551 clausi
400 528 406 549 :
430 518 611 558 deletaeque
623 525 736 548 omnes
754 516 857 557 copiae
880 516 986 548 forent
998 540 1008 555 ,
1032 515 1065 546 ni
1083 515 1239 548 victorem
1256 515 1436 548 exercitum

113 568 298 599 attinuisset
314 567 490 598 obscurum
508 564 626 604 noctis,
642 563 655 582 ³
670 563 821 596 obtentui
837 562 1047 603 fugientibus.

152 619 216 646 XV.
243 619 308 645 Nec
329 612 491 645 Vitelliani
508 620 706 652 quamquam
727 611 806 643 victi
824 611 988 651 quievere.
1010 611 1121 643 accitis
1138 610 1268 643 auxiliis
1285 620 1436 644 securum

112 661 236 693 hostem
254 670 290 693 ac
302 670 453 693 successu
472 668 581 692 rerum
597 659 767 692 socordius
783 661 930 699 agentem
948 658 1117 690 invadunt.
1132 658 1208 690 caesi
1222 659 1349 699 vigiles,
1364 667 1436 700 pern

111 709 204 748 rupta
222 710 327 740 castra
340 733 349 749 ‚
372 707 570 749 trepidatum
596 707 683 747 apud
708 715 826 743 naves,
848 705 952 736 donec
975 705 1101 737 sidente
1129 706 1298 746 paullatim
1323 708 1434 748 metu,

109 758 268 796 occupato
281 756 375 796 juxta
388 755 471 787 colle
484 755 610 786 defensi
627 763 704 785 mox
719 754 874 794 irrupere.
893 755 986 784 atrox
999 752 1044 784 ibi
1057 752 1174 793 caedes,
1188 755 1221 785 et
1233 757 1435 794 Tungrarum

89 794 292 834 'cohortium
317 803 463 844 praefecti
490 802 670 834 sustentata
694 800 749 832 diu
767 801 835 832 acie
859 800 931 832 telis
955 800 1151 831 obruuntur.
1178 810 1217 832 ne
1243 801 1436 835 Othonianis

109 850 243 890 quidem
271 850 442 882 incruenta
472 850 608 881 victoria
636 849 698 880 fuit
710 873 718 888 ,
751 856 892 889 quorum
919 847 1103 887 improvide
1132 850 1262 880 secutos
1287 849 1436 883 conversi

109 898 234 938 equites
257 898 553 930 circumvenerunt.
572 905 609 928 ac
625 896 714 927 velut
731 896 834 936 pactis
853 895 1015 934 induciis,
1041 904 1083 927 ne
1106 895 1183 926 hinc
1199 896 1312 929 classis
1327 921 1337 937 ‚
1360 897 1436 931 iude

109 954 208 985 eques
229 945 370 977 subitam
386 943 592 976 formidinem
609 944 767 975 inferrent
778 967 787 983 ,
805 942 970 975 Vitelliani
987 944 1074 974 retro
1089 943 1265 983 Antipolim
1281 968 1290 984 ,
1309 944 1433 978 Narbo-

108 993 215 1024 nensis
231 993 341 1025 Galliae
363 991 575 1032 municipium
590 1017 600 1033 ‚
618 991 791 1024 Othoniani
817 990 1058 1031 Albigauuum‚
1086 990 1252 1022 interioris
1276 991 1433 1033 Liguriae,

110 1042 278 1072 revertere.

149 1091 227 1118 XVI.
244 1085 405 1119 corsicam
422 1094 459 1117 ac
474 1085 655 1117 Sardiniam
672 1087 862 1125 ceterasque
877 1084 1017 1125 proximi
1034 1085 1133 1116 maris
1148 1085 1269 1118 insulas
1287 1086 1373 1118 fama
1385 1087 1435 1119 vi-

109 1134 217 1166 ctricis
227 1134 337 1165 elassis
352 1133 384 1164 in
395 1133 541 1173 partibus
553 1132 690 1164 Othonis
699 1132 815 1163 tenuit.
828 1131 884 1163 sed
893 1132 1052 1164 Corsicam
1064 1140 1162 1172 prope
1173 1133 1289 1165 afflixit
1301 1134 1435 1166 Decumi

108 1182 229 1213 Pacarii
247 1181 466 1222 procuratoris
485 1181 670 1219 temeritas,
687 1182 778 1211 tanta
794 1180 880 1211 mole
896 1179 972 1211 belli
991 1179 1069 1210 nihil
1093 1180 1125 1211 in
1142 1189 1306 1214 summam
1325 1182 1433 1222 profu-

108 1231 180 1261 tura
192 1253 200 1268 ‚
226 1228 284 1269 ipsi
304 1228 454 1260 exitiosa.
473 1237 616 1269 namque
632 1227 773 1260 Othonis
788 1227 865 1259 odio
880 1228 993 1267 juvare
1012 1228 1176 1260 Vitellium
1194 1233 1365 1261 Corsorum
1381 1229 1433 1262 vi-

110 1276 199 1308 ribus
218 1276 353 1315 statuit,
371 1275 460 1307 inani
485 1276 607 1307 auxilio
624 1275 723 1307 etiam
741 1276 768 1306 si
785 1275 996 1316 provenisset.
1015 1276 1136 1307 vocatis.
1161 1276 1361 1318 principibus
1382 1277 1433 1310 in-

107 1323 185 1355 sulae
198 1324 368 1355 consilium
384 1324 504 1363 aperit,
520 1325 551 1355 et
565 1327 678 1355 contra
694 1323 802 1355 dicere
817 1333 913 1355 ausos
925 1348 934 1363 ,
951 1323 1123 1356 Claudium
1141 1324 1345 1364 Pyrrhicum,
1358 1325 1434 1359 trie-

107 1371 256 1402 rarchum
276 1371 520 1402 Liburnicarum
531 1371 574 1402 ibi
587 1371 731 1410 navium,
747 1372 918 1411 Quintium
934 1374 1064 1403 Certum
1081 1372 1222 1412 equitem
1237 1376 1431 1415 Romanum,

106 1419 243 1450 interfici
256 1418 359 1458 ¹jubet.
377 1428 516 1459 quorum
530 1422 634 1451 morte
652 1419 800 1452 exterriti
817 1420 874 1459 qui
892 1419 1042 1459 aderant,
1058 1419 1153 1451 simul
1168 1420 1278 1460 ignara
1292 1422 1323 1452 et
1336 1421 1432 1453 alieni

106 1469 210 1498 metus
225 1466 313 1498 socia
340 1466 567 1507 imperitorum
591 1466 708 1507 turba,
736 1466 768 1497 iu
792 1466 891 1498 verba
908 1467 1027 1498 Vitellii
1045 1467 1207 1507 juravere.
1226 1468 1282 1499 sed
1305 1468 1360 1500 ubi
1377 1468 1431 1502 de-

104 1514 224 1546 lectum
241 1522 333 1555 agere
348 1514 505 1546 Pacarius
523 1517 556 1547 et
574 1515 760 1546 inconditos
779 1515 927 1546 homines
948 1514 1082 1555 fatigare
1100 1516 1225 1547 militiae
1241 1516 1432 1550 muneribus

104 1561 246 1602 occepit,
271 1561 414 1593 laborem
436 1562 604 1594 insolitum
622 1562 727 1603 perosi
749 1561 973 1593 infirmitatem
996 1572 1089 1594 suani
1109 1563 1301 1604 reputabant
1317 1573 1325 1594 :
1341 1565 1432 1596 insu·

105 1610 177 1642 lam
193 1617 264 1642 esse
279 1618 385 1651 quam
398 1610 608 1649 incolerent,
624 1612 659 1642 et
671 1610 768 1649 lonqe
789 1609 796 1626 ¹
820 1611 1043 1640 Germaniam
1058 1612 1216 1650 viresque
1232 1611 1404 1650 leqiomcm
1417 1623 1431 1651 ,-

103 1656 254 1697 direptos
273 1657 495 1697 vastatosque
509 1657 617 1688 classe
637 1658 742 1688 ettam
766 1665 851 1697 qzcos
870 1657 1024 1688 cohortes
1045 1657 1181 1697 alceque
1194 1659 1427 1697 proteqerent.

102 1706 135 1734 et
151 1703 255 1735 aversi
281 1706 413 1744 repente
432 1703 552 1743 animi;
577 1712 636 1735 nec
655 1705 763 1736 tamen
788 1707 897 1744 aperta
913 1704 947 1735 vi
967 1703 993 1743 ²,
1019 1707 1132 1744 aptum
1152 1706 1280 1744 tempus
1303 1705 1429 1739 insidiis

103 1752 218 1790 legere.
246 1750 396 1790 digressis
418 1752 476 1791 qui
503 1751 672 1783 Pacarium
696 1751 973 1792 frequentabant,
999 1752 1108 1782 nudus
1138 1753 1170 1782 et
1196 1752 1310 1784 auxilii
1335 1752 1429 1795 inops

103 1798 236 1830 balineis
256 1797 466 1839 interficitur3
487 1799 641 1831 trucidati
658 1800 691 1831 et
707 1799 854 1831 comites.
871 1800 995 1839 capita,
1014 1802 1051 1831 ut
1070 1799 1232 1840 hostium,
1251 1800 1312 1841 ipsi
1328 1801 1429 1834 inter-

103 1846 238 1878 fectores
248 1845 286 1876 ad
300 1846 461 1877 Othonem
478 1848 581 1879 tulere
592 1858 600 1886 ;
615 1856 719 1887 neque
730 1856 785 1878 eos
797 1848 854 1878 aut
867 1847 952 1878 Otho
966 1847 1100 1887 pra-’mio
1111 1847 1219 1879 affecit
1232 1850 1289 1881 aut
1302 1848 1430 1889 punivit

103 1892 249 1924 Vitellius
259 1916 267 1929 ,
282 1893 314 1924 in
329 1894 434 1925 multa
449 1894 590 1927 colluvie
608 1904 716 1926 rerum
732 1894 910 1934 majoribus
925 1894 1054 1933 flagitiis
1070 1895 1082 1913 ³
1097 1895 1286 1936 permixtos.

143 1943 238 1972 XVIl.
263 1943 440 1981 Aperuerat
455 1942 521 1981 jam
539 1942 665 1974 ltaliam
682 1942 869 1983 bellumque
885 1943 1128 1982 transmiserat,
1150 1945 1186 1974 ut
1203 1952 1301 1984 supra
1327 1943 1335 1963 ¹
1357 1953 1427 1978 me-

103 1988 302 2020 moravimus
314 2013 323 2029 ,
340 1990 390 2020 ala
406 1989 547 2030 Sullana,
563 1991 653 2022 nullo
670 1990 754 2031 apud
773 1999 968 2031 quemquam
987 1991 1125 2023 Othonis
1141 1990 1262 2030 favore,
1280 2000 1340 2024 nec
1352 1993 1428 2034 quia

103 2035 267 2067 Vitellium
282 2037 432 2076 mallent;
448 2036 503 2068 sed
522 2037 616 2078 longa
630 2047 692 2079 pax
709 2039 750 2070 ad
765 2047 862 2070 omne
874 2039 1044 2070 servitium
1063 2039 1200 2078 fregerat
1214 2039 1320 2071 faciles
1332 2048 1426 2072 occu-

104 2081 255 2121 pantibus
267 2084 300 2115 et
312 2083 499 2115 melioribus
515 2085 696 2118 incuriosos
711 2085 738 2118 ².
753 2085 1014 2118 florentissimum
1033 2086 1131 2116 ltaliae
1145 2086 1229 2117 latus
1241 2110 1251 2126 ,
1267 2090 1426 2126 quantum

104 2128 188 2160 inter
209 2130 330 2163 Padum
348 2132 507 2173 Alpesque
526 2142 716 2174 camporum
742 2135 774 2166 et
798 2133 947 2172 urbium,
965 2134 1066 2165 armis
1085 2133 1204 2165 Vitellii
1222 2134 1376 2175 (namque
1394 2137 1427 2169 et

104 2177 281 2215 praemissae
299 2187 318 2209 a
335 2180 460 2211 Caecina
481 2181 634 2213 cohortes
649 2182 860 2222 advenerant)
876 2181 1059 2214 tenebatur.
1074 2184 1169 2222 capta
1186 2182 1426 2215 Pannoniorum

106 2293 288 2321 obversis-z.
302 2298 344 2322 sc.
356 2299 428 2328 quod
442 2301 500 2324 erat
513 2300 647 2325 obtentui.

136 2331 205 2356 xvt.
222 2338 242 2357 l.
257 2334 348 2364 Longe
360 2337 493 2359 remotam
508 2342 634 2361 esse—2.
649 2338 691 2361 Sc.
707 2338 882 2367 agentes—5.
896 2337 940 2361 Sc.
958 2337 1110 2364 puniendis.

136 2367 216 2392 xvu.
232 2374 252 2393 ι.
267 2368 284 2398 1,
303 2374 398 2395 7o.·-2.
413 2372 452 2395 lta
459 2371 595 2402 freyerat
608 2374 707 2402 gentes
721 2373 828 2397 italicas
845 2372 918 2397 illius
932 2373 1051 2402 regionis
1066 2373 1110 2401 (nd
1125 2379 1195 2403 quas
1208 2373 1290 2397 etiam
1305 2373 1427 2400 mallent

106 2402 298 2435 referendum),
311 2406 341 2429 ut
355 2405 436 2431 facile
449 2412 478 2431 se
492 2407 624 2432 dederent
642 2409 853 2439 occupantibus,
874 2413 967 2433 curam
983 2408 1084 2432 nullam
1099 2409 1293 2439 impenderent
1313 2408 1424 2434 meliora
