1539 2668
459 132 497 161 A.
523 133 559 161 U.
585 132 620 161 C.
645 132 716 162 773.
741 134 778 162 Α.
802 134 838 163 C.
864 135 913 163 20.
1313 138 1354 169 67

75 210 128 239 IV.
153 206 244 245 Diffi,
267 214 332 246 quo
349 205 492 245 reliquiae
517 206 644 237 tumulo
659 207 794 247 Augusti
818 207 1048 247 inferebantur,
1073 209 1171 241 modo
1194 219 1250 250 per
1263 211 1358 244 silen-

33 255 117 288 tium
130 256 242 285 vastus
262 253 286 293 ¹,
304 253 400 285 modo
419 253 597 294 ploratibus
614 253 762 294 inquies;
781 255 876 292 plena
891 255 987 287 Urbis
1003 255 1137 295 itinera,
1166 257 1360 292 collucentes

32 312 90 345 per
105 310 256 341 campum
278 301 389 332 Martis
405 301 491 332 faces
506 299 532 332 ².
559 300 625 332 iilic
638 301 731 332 miles
747 310 822 333 cum
839 302 955 342 armis,
975 301 1043 335 sine
1064 303 1244 343 insignibus
1260 306 1360 345 magi·

31 353 152 384 stratus
165 373 173 389 ‚
189 348 326 389 populus
352 356 409 388 per
434 347 556 387 tribus,
578 348 762 380 concidisse
789 349 1040 390 rempublicam
1054 374 1064 391 ‚
1082 350 1171 382 nihil
1186 353 1257 391 spei
1286 353 1361 384 reli·

32 406 141 439 quum
160 394 390 435 clamitabant,
413 395 595 435 promptius
612 395 821 436 apertiusque
833 420 842 436 ,
865 405 964 437 quam
978 398 1016 429 ut
1032 397 1217 429 meminisse
1233 398 1361 438 imperi-

31 444 172 476 tantium
187 442 344 474 crederes.
370 442 457 474 Nihil
474 445 584 475 tamen
600 443 766 475 Tiberium
792 444 895 484 magis
921 445 1103 485 penetravit
1127 453 1227 485 quam
1255 447 1363 478 studia

32 492 202 524 hominum
221 498 357 522 accensa
373 489 404 521 in
421 490 631 531 Agrippinam
644 514 653 530 ‚
672 499 773 531 quum
790 491 893 523 decus
910 494 1061 533 patrtae,
1088 492 1201 524 solum
1218 494 1364 533 Aztyzzsli

32 542 276 585 sanyutnmn',
302 544 446 575 unicum
472 545 699 585 antiquitatis
722 546 889 585 specimen
914 544 1130 585 appellarent,
1150 545 1300 586 versique
1325 547 1364 578 ad

32 592 150 624 coelum
172 599 211 622 ac
229 590 308 623 deos
326 591 501 631 inteyram
516 590 571 623 illc·
598 591 747 624 sobolem
775 600 817 624 ac
835 593 1057 632 superstitem
1072 593 1271 633 iniquorum
1291 601 1363 633 pre-

30 639 194 671 carentur.

73 688 112 717 V.
137 687 240 717 Fuere
256 684 313 725 qui
324 684 457 725 publici
469 684 610 724 funeris
625 693 792 726 pompam
810 684 818 704 ¹
840 685 1062 726 requirerent,
1076 687 1347 727 compararentqu

33 742 51 758 ι
67 740 142 772 quae
163 732 197 763 iu
213 736 354 764 Drusum
367 756 377 772 ,
401 735 525 773 patrem
540 732 720 764 Germanici
734 757 742 772 ,
762 732 886 764 honora
903 734 936 764 et
951 733 1122 773 magnifica
1141 736 1305 773 Augustus
1323 734 1352 764 sc

33 790 52 806 ι
69 779 176 811 cisset.
207 779 314 820 ipsum
334 779 454 820 quippe
481 780 658 821 asperrimo
685 780 800 812 hiemis
827 780 976 811 Ticinum
1001 789 1106 820 usque
1135 789 1340 821 progressum
1356 805 1366 820 ,

34 838 51 854 a
70 834 175 866 neque
195 826 423 858 abscedentem
445 836 464 859 a
489 835 623 867 corpore
637 852 645 867 ,
670 827 767 858 simul
787 827 902 859 urbem
938 827 1135 867 intravisse3
1153 827 1367 860 circumfusas

35 885 52 901 ι
69 872 153 904 lecto
166 873 377 905 Claudiorum
393 873 617 914 Juliorumque
629 873 642 892 2
670 874 846 914 imagines;
865 873 1018 906 defletum
1036 874 1070 904 in
1086 874 1173 914 soro,
1199 874 1367 906 laudatum

34 932 53 949 ι
70 929 128 961 pro
144 921 275 961 rostris;
291 922 409 953 cuncta
426 930 445 952 a
460 921 638 962 majoribus
651 925 790 962 reperta,
805 923 863 953 aut
877 931 950 962 quae
963 921 1084 962 posteri
1100 921 1295 961 invenerint,
1313 931 1366 953 cu-

35 979 53 996 ι
70 967 204 999 mulata.
229 970 263 999 at
290 968 478 1000 Germanico
505 978 546 1001 ne
568 969 680 1001 solitos
704 969 835 1009 quidem
849 972 881 1000 et
905 969 1100 1008 cuicumque
1126 968 1223 1000 nobili
1239 968 1366 1001 debitos

33 1027 51 1042 α
67 1014 206 1046 bonores
230 1016 413 1055 contigisse.
448 1024 526 1048 sane
552 1025 670 1057 corpus
694 1016 737 1047 ob
761 1016 1030 1056 longinquitatem
1053 1015 1205 1046 itinerum
1226 1017 1368 1049 externis

33 1075 50 1089 ι
71 1062 166 1093 terris
182 1071 315 1103 quoquo
332 1062 429 1094 modo
446 1066 626 1095 crematum
644 1073 652 1094 ε
669 1063 724 1095 sed
746 1065 837 1094 tanto
853 1063 946 1103 plura
961 1061 1077 1094 decora
1098 1071 1175 1093 mox
1197 1061 1299 1094 tribui
1310 1072 1369 1104 par

34 1121 52 1137 ι
69 1109 186 1149 fuisse,
202 1112 325 1149 quanto
340 1111 445 1150 prima
461 1110 527 1141 sors
542 1110 738 1150 negavisset.
761 1119 828 1141 non
848 1110 980 1141 fratrem
1003 1109 1066 1141 nisi
1080 1109 1178 1141 unius
1195 1109 1258 1141 diei
1275 1110 1329 1142 via
1340 1110 1367 1153 ⁸,

32 1167 52 1184 ι
68 1164 135 1187 non
156 1158 309 1196 patruum
320 1181 329 1197 ,
352 1157 465 1188 saltem
481 1160 576 1197 porta
588 1159 707 1197 tenus,
724 1156 872 1188 obvium.
900 1156 956 1188 ubi
970 1156 1023 1188 illa
1037 1159 1185 1187 veterum
1199 1156 1369 1192 instituta?

67 1203 267 1244 propositam
288 1204 359 1234 toro
375 1203 513 1242 effigiem
522 1227 532 1243 ,
550 1204 704 1235 meditata
718 1203 759 1235 ad
776 1204 969 1235 memoriam
981 1202 1113 1235 virtutis
1126 1203 1270 1235 earmina
1285 1203 1312 1245 ⁴,
1335 1208 1368 1238 et

33 1261 52 1279 α
68 1249 270 1282 laudationes
287 1251 319 1281 et
335 1249 502 1289 lacrimas,
516 1249 569 1281 vel
582 1249 701 1282 doloris
714 1250 942 1282 imitamenta?

71 1300 127 1329 VI.
151 1300 291 1329 Gnarum
306 1296 338 1327 id
352 1296 479 1328 Tiberio
494 1296 573 1337 suit;
596 1300 696 1337 utque
709 1299 869 1338 premeret
889 1297 897 1315 ¹
927 1295 1015 1336 vulgi
1037 1305 1223 1337 sermones,
1240 1298 1367 1330 monuit

30 1343 158 1383 edicto,
181 1356 196 1370 κ
215 1343 336 1374 multos
357 1343 531 1374 illustrium
552 1347 773 1375 Romanorum
799 1343 840 1374 ob
860 1342 1092 1383 rempublicam
1112 1342 1249 1381 obiisse;
1263 1345 1366 1375 nenii-

34 1404 51 1420 «
70 1400 146 1423 nem
162 1393 229 1422 tam
246 1390 393 1430 flagranti
415 1389 575 1421 desiderio
597 1389 808 1422 celebratum.
836 1389 934 1429 idque
957 1391 990 1420 et
1011 1389 1073 1420 sibi
1088 1391 1120 1420 et
1141 1390 1268 1421 cunctis
1283 1399 1366 1430 egre-

32 1450 50 1468 «
71 1438 160 1478 gium
172 1461 182 1478 ,
199 1437 226 1469 si
246 1437 363 1468 modus
380 1437 581 1476 adjiceretur.
600 1446 665 1468 non
691 1436 777 1468 enim
798 1436 911 1467 eadem
928 1435 1044 1467 decora
1064 1435 1265 1476 principibus
1286 1437 1366 1470 viris

31 1497 51 1514 κ
67 1486 100 1517 et
115 1484 303 1526 imperatori
318 1484 438 1526 populo
448 1508 457 1525 ,
472 1492 548 1524 quae
563 1483 701 1515 modicis
715 1482 868 1515 domibus
885 1485 941 1514 aut
963 1482 1162 1514 civitatibus.
1177 1484 1367 1518 convenisse

30 1544 48 1561 ιι
66 1531 188 1564 recenti
201 1531 304 1563 dolori
315 1531 493 1571 luctum,et
501 1540 541 1562 ex
551 1540 689 1562 moerore
704 1530 820 1562 solatia
836 1540 843 1561 :
859 1529 917 1562 sed
928 1529 1132 1561 referendum
1140 1534 1208 1569 jam
1221 1530 1365 1563 animum

31 1592 50 1609 α
66 1579 106 1611 ad
122 1578 356 1610 firmitudinem
367 1602 377 1619 ‚
402 1579 438 1610 ut
453 1578 617 1618 quondam
635 1578 734 1610 divus
749 1577 853 1610 Julius
869 1576 987 1608 amissa
1001 1576 1096 1608 unica
1111 1576 1176 1608 filia
1187 1601 1198 1617 ,
1216 1578 1253 1608 ut
1269 1576 1366 1611 divus

29 1639 49 1656 «
65 1628 228 1666 Augustus
250 1626 373 1666 ereptis
393 1625 567 1665 nepotibus
584 1624 800 1657 abstruserint
818 1623 996 1656 tristitiam.
1018 1623 1064 1654 nil
1085 1632 1168 1663 opus
1185 1622 1367 1655 vetustiori-

31 1685 50 1702 «
65 1673 130 1705 bus
143 1672 300 1713 exemplis
312 1696 321 1709 .
342 1672 470 1713 quoties
485 1672 625 1714 populus
640 1676 808 1704 Romanus
820 1670 929 1703 clades
946 1670 1149 1702 exercituum
1160 1694 1171 1711 ,
1197 1670 1364 1703 interitum

31 1731 49 1747 «
68 1719 188 1752 ducum
200 1744 210 1760 ,
229 1720 378 1752 funditus
394 1720 529 1752 amissas
543 1719 669 1751 nobiles
691 1718 830 1750 familias
846 1718 1034 1750 constanter
1050 1717 1160 1749 tulerit
1176 1726 1184 1748 :
1202 1717 1364 1758 principes

31 1779 48 1794 «
65 1767 238 1819 mortales,
256 1767 488 1808 rempublicam
514 1768 672 1798 aeternam
692 1774 779 1804 esse;
802 1765 895 1806 proin
914 1765 1096 1805 repeterent
1111 1763 1279 1805 solennia,
1289 1777 1304 1791 »ι
1332 1767 1365 1796 et

28 1814 106 1854 quia
134 1813 285 1846 ludorum
310 1814 519 1855 Megalesium
534 1813 545 1831 ²
583 1812 807 1854 spectaculum
838 1811 993 1851 suberat,
1015 1823 1032 1838 «
1049 1811 1148 1843 etiam
1177 1810 1363 1851 voluptates

280 1873 295 1887 2.

29 1872 48 1890 ⁸
64 1863 392 1939 ξῗῖωξιΐιῗέῑεκυῐο
382 1905 535 1946 justitio,
563 1905 704 1938 reditum
729 1904 771 1936 ad
794 1904 926 1944 munia;
945 1908 979 1937 et
1002 1908 1130 1936 Drusus
1150 1904 1299 1945 Illyricos
1321 1905 1362 1937 ad

58 1995 103 2020 iv.
118 1999 138 2018 4.
155 1993 264 2018 Vastus
280 1993 326 2017 hic
342 1993 453 2023 proprio
471 1993 500 2017 et
521 1993 635 2022 antiquo
648 1997 732 2016 sensu
745 1991 850 2016 dictum
870 1997 920 2021 pro
937 1991 1022 2017 inani.
1038 1990 1162 2015 deserto:
1176 1991 1212 2015 ob
1224 1991 1361 2017 silentium

27 2029 106 2059 quasi
119 2029 227 2053 deserta
243 2028 362 2053 solitudo
371 2029 476 2052 erat—
486 2033 511 2052 2.
529 2028 588 2052 Mos
602 2027 673 2052 euim
685 2028 745 2051 erat
758 2032 861 2055 cereos,
875 2025 988 2055 funalia,
1005 2026 1080 2050 taces
1091 2026 1254 2055 gestandiin
1267 2027 1363 2054 funere

26 2064 226 2093 prosequendo.
239 2075 269 2081 -
281 2069 303 2087 s.
318 2064 488 2094 Quamquam
501 2063 665 2093 supererant
674 2062 722 2087 alii
732 2068 765 2086 ex
776 2062 898 2091 Augusto
914 2066 964 2092 per
976 2062 1087 2091 neptem
1099 2060 1207 2091 Juliam,
1219 2062 1268 2086 sed
1289 2063 1361 2090 haud

27 2099 198 2124 memorabili
210 2100 320 2123 virtute.

57 2134 89 2157 v.
105 2139 127 2157 ι.
142 2134 270 2163 Pompam
290 2133 400 2163 pubnco
414 2133 511 2157 funere
523 2132 608 2162 (quod
626 2131 678 2161 ipsi
698 2130 804 2159 datum)
816 2136 881 2155 vere
894 2130 1016 2161 dignam.
1031 2135 1091 2155 —2.
1110 2131 1211 2155 Praeter
1227 2131 1362 2156 Claudio-

27 2174 95 2194 rum
107 2169 134 2197 (a
147 2169 236 2198 patre)
256 2170 283 2193 et
302 2169 437 2193 Liviorum
451 2169 476 2197 (a
490 2169 577 2192 matre
600 2166 683 2196 Livia)
698 2167 832 2196 imagines
851 2167 990 2196 Augustus
1010 2166 1163 2191 luliarum
1182 2172 1291 2196 quoque
1314 2172 1361 2196 per

28 2203 159 2227 bonorem
174 2205 349 2228 concesserat
363 2205 390 2228 et
401 2204 435 2228 ob
447 2203 610 2227 affinitatem
622 2209 629 2226 ι
639 2208 704 2226 nam
715 2202 804 2232 neptis
820 2202 937 2232 Augusti
947 2203 1066 2226 Antonia
1077 2202 1138 2226 erat
1147 2207 1217 2225 uxor
1230 2202 1317 2226 nrusi.
1332 2214 1359 2219 -

27 2245 52 2263 s.
66 2238 130 2261 Vide
147 2244 205 2268 cap.
223 2244 236 2263 ·
239 2240 416 2269 .Quanquam
428 2239 496 2263 duos
503 2239 603 2263 tratres
615 2237 743 2265 habebat,
751 2237 882 2266 fratrem
895 2237 972 2267 dixit,
984 2238 1014 2262 ut
1023 2238 1081 2267 ipse
1092 2238 1267 2261 Germanicus
1278 2242 1360 2266 supra

28 2272 100 2301 11,⁷1
119 2251 268 2303 (resera-’tis
275 2274 385 2304 fratri)
398 2274 432 2298 de
441 2274 528 2299 Druso
541 2273 600 2299 solo
610 2273 744 2304 loquitur,
752 2273 879 2303 neglecto
892 2272 1015 2298 Claudio.
1027 2272 1104 2297 cont.
1115 2271 1185 2296 'mn-a
1196 2277 1222 2297 c.
1242 2277 1279 2296 ia.
1293 2284 1323 2289 —-
1332 2276 1357 2296 4.

28 2309 52 2334 A
64 2308 153 2332 choris
162 2309 270 2338 publice
280 2310 414 2334 canenda.

59 2344 104 2367 Vl
120 2348 140 2366 ι
154 2344 330 2374 Repu-inierat.
344 2357 373 2363 -
389 2350 412 2369 2.
425 2345 531 2375 Magnae
541 2345 637 2369 matris
653 2344 788 2372 deorum,⁸
796 2338 928 2378 μεγάλης
945 2337 1097 2379 (μητρός),
1113 2343 1197 2368 Nonis
1220 2341 1359 2372 Aprilibus

28 2383 238 2409 celebratorum.
246 2386 296 2410 Per
305 2385 456 2411 Saturnalia
464 2391 523 2416 quae
532 2386 730 2416 praecesserant
737 2390 829 2409 mense
837 2384 981 2409 Decembri
992 2383 1096 2408 luctus
1091 2388 1185 2413 ingens
1195 2380 1355 2407 duraverat·
