<?xml version="1.0" encoding="UTF-8"?>
<!DOCTYPE html PUBLIC "-//W3C//DTD XHTML 1.0 Transitional//EN"
    "http://www.w3.org/TR/xhtml1/DTD/xhtml1-transitional.dtd">
<html xmlns="http://www.w3.org/1999/xhtml" xml:lang="en" lang="en">
 <head>
  <title>
</title>
<meta http-equiv="Content-Type" content="text/html;charset=utf-8" />
  <meta name='ocr-system' content='tesseract 3.04.00' />
  <meta name='ocr-capabilities' content='ocr_page ocr_carea ocr_par ocr_line ocrx_word'/>
</head>
<body>
  <div class='ocr_page' id='page_1' title='image "./operaquaesupersu00taciuoft_0291.png"; bbox 0 0 1539 2668; ppageno 0'>
   <div class='ocr_carea' id='block_1_1' title="bbox 487 213 1375 247">
    <p class='ocr_par' dir='ltr' id='par_1_1' title="bbox 487 213 1375 247">
     <span class='ocr_line' id='line_1_1' title="bbox 487 213 1375 247; baseline -0.006 0"><span class='ocrx_word' id='word_1_1' title='bbox 487 218 524 247; x_wconf 79' lang='lat' dir='ltr'>A.</span> <span class='ocrx_word' id='word_1_2' title='bbox 548 218 586 247; x_wconf 89' lang='lat' dir='ltr'>U.</span> <span class='ocrx_word' id='word_1_3' title='bbox 609 217 643 245; x_wconf 92' lang='lat' dir='ltr'>C.</span> <span class='ocrx_word' id='word_1_4' title='bbox 669 217 739 245; x_wconf 83' lang='lat'>818.</span> <span class='ocrx_word' id='word_1_5' title='bbox 766 218 800 244; x_wconf 77' lang='grc' dir='ltr'>Α.</span> <span class='ocrx_word' id='word_1_6' title='bbox 825 218 859 245; x_wconf 88' lang='lat' dir='ltr'>C.</span> <span class='ocrx_word' id='word_1_7' title='bbox 884 219 934 245; x_wconf 78' lang='lat'>05.</span> <span class='ocrx_word' id='word_1_8' title='bbox 1315 213 1375 243; x_wconf 82' lang='lat'>259</span> 
     </span>
    </p>
   </div>
   <div class='ocr_carea' id='block_1_2' title="bbox 39 291 1376 2078">
    <p class='ocr_par' dir='ltr' id='par_1_2' title="bbox 47 291 1376 478">
     <span class='ocr_line' id='line_1_2' title="bbox 51 291 1376 338; baseline -0.006 -9"><span class='ocrx_word' id='word_1_9' title='bbox 51 303 191 338; x_wconf 80' lang='lat' dir='ltr'>praesens</span> <span class='ocrx_word' id='word_1_10' title='bbox 207 294 240 327; x_wconf 86' lang='lat' dir='ltr'>et</span> <span class='ocrx_word' id='word_1_11' title='bbox 255 302 330 325; x_wconf 88' lang='lat' dir='ltr'>mox</span> <span class='ocrx_word' id='word_1_12' title='bbox 343 292 505 325; x_wconf 86' lang='lat' dir='ltr'>redditum</span> <span class='ocrx_word' id='word_1_13' title='bbox 518 291 639 323; x_wconf 90' lang='lat' dir='ltr'>odium.</span> <span class='ocrx_word' id='word_1_14' title='bbox 662 291 870 333; x_wconf 76' lang='lat' dir='ltr'>ferebantque</span> <span class='ocrx_word' id='word_1_15' title='bbox 898 292 1145 332; x_wconf 73' lang='lat' dir='ltr'><em>Vespasianum</em></span> <span class='ocrx_word' id='word_1_16' title='bbox 1157 313 1166 327; x_wconf 85' lang='lat'><strong>‚</strong></span> <span class='ocrx_word' id='word_1_17' title='bbox 1193 291 1376 331; x_wconf 76' lang='lat' dir='ltr'><strong><em>tamquam</em></strong></span> 
     </span>
     <span class='ocr_line' id='line_1_3' title="bbox 49 337 1374 380; baseline -0.007 -4"><span class='ocrx_word' id='word_1_18' title='bbox 49 351 166 375; x_wconf 83' lang='lat' dir='ltr'>somno</span> <span class='ocrx_word' id='word_1_19' title='bbox 179 342 374 375; x_wconf 68' lang='lat' dir='ltr'><em>conniveret</em></span> <span class='ocrx_word' id='word_1_20' title='bbox 389 364 397 380; x_wconf 95' lang='lat'>,</span> <span class='ocrx_word' id='word_1_21' title='bbox 424 348 446 371; x_wconf 86' lang='lat' dir='ltr'>a</span> <span class='ocrx_word' id='word_1_22' title='bbox 470 339 594 372; x_wconf 84' lang='lat' dir='ltr'>Phoebo</span> <span class='ocrx_word' id='word_1_23' title='bbox 621 339 743 370; x_wconf 72' lang='lat' dir='ltr'>liberto</span> <span class='ocrx_word' id='word_1_24' title='bbox 759 341 985 380; x_wconf 76' lang='lat' dir='ltr'>increpitum,</span> <span class='ocrx_word' id='word_1_25' title='bbox 1006 345 1164 378; x_wconf 76' lang='lat' dir='ltr'>aeqreque</span> <span class='ocrx_word' id='word_1_26' title='bbox 1188 337 1374 368; x_wconf 82' lang='lat' dir='ltr'>meliorum</span> 
     </span>
     <span class='ocr_line' id='line_1_4' title="bbox 47 383 1375 431; baseline -0.005 -9"><span class='ocrx_word' id='word_1_27' title='bbox 47 390 206 431; x_wconf 78' lang='lat' dir='ltr'>precibus</span> <span class='ocrx_word' id='word_1_28' title='bbox 225 389 395 421; x_wconf 82' lang='lat' dir='ltr'>obtectum</span> <span class='ocrx_word' id='word_1_29' title='bbox 408 411 417 427; x_wconf 94' lang='lat'>,</span> <span class='ocrx_word' id='word_1_30' title='bbox 441 395 521 418; x_wconf 80' lang='lat' dir='ltr'>mox</span> <span class='ocrx_word' id='word_1_31' title='bbox 543 389 778 418; x_wconf 71' lang='lat' dir='ltr'><strong><em>imminentem</em></strong></span> <span class='ocrx_word' id='word_1_32' title='bbox 802 388 986 427; x_wconf 73' lang='lat' dir='ltr'>perniciem</span> <span class='ocrx_word' id='word_1_33' title='bbox 1009 385 1141 426; x_wconf 67' lang='lat' dir='ltr'>majore</span> <span class='ocrx_word' id='word_1_34' title='bbox 1154 383 1238 424; x_wconf 86' lang='lat' dir='ltr'>fato</span> <span class='ocrx_word' id='word_1_35' title='bbox 1255 384 1263 401; x_wconf 69' lang='lat'>“¹</span> <span class='ocrx_word' id='word_1_36' title='bbox 1285 383 1375 424; x_wconf 76' lang='lat' dir='ltr'>effu·</span> 
     </span>
     <span class='ocr_line' id='line_1_5' title="bbox 47 439 146 478; baseline -0.01 -9"><span class='ocrx_word' id='word_1_37' title='bbox 47 439 146 478; x_wconf 75' lang='lat' dir='ltr'>yisse.</span> 
     </span>
    </p>

    <p class='ocr_par' dir='ltr' id='par_1_3' title="bbox 45 479 1375 854">
     <span class='ocr_line' id='line_1_6' title="bbox 91 479 1373 522; baseline -0.005 -6"><span class='ocrx_word' id='word_1_38' title='bbox 91 488 144 517; x_wconf 87' lang='lat' dir='ltr'>Vl.</span> <span class='ocrx_word' id='word_1_39' title='bbox 169 486 242 516; x_wconf 83' lang='lat' dir='ltr'>Post</span> <span class='ocrx_word' id='word_1_40' title='bbox 258 482 354 514; x_wconf 87' lang='lat' dir='ltr'>finem</span> <span class='ocrx_word' id='word_1_41' title='bbox 368 482 483 514; x_wconf 86' lang='lat' dir='ltr'>ludicri</span> <span class='ocrx_word' id='word_1_42' title='bbox 503 485 638 522; x_wconf 86' lang='lat' dir='ltr'>Poppaea</span> <span class='ocrx_word' id='word_1_43' title='bbox 655 483 792 513; x_wconf 89' lang='lat' dir='ltr'>mortem</span> <span class='ocrx_word' id='word_1_44' title='bbox 807 482 906 521; x_wconf 80' lang='lat' dir='ltr'>obiit,</span> <span class='ocrx_word' id='word_1_45' title='bbox 922 480 1055 513; x_wconf 80' lang='lat' dir='ltr'>fortuita</span> <span class='ocrx_word' id='word_1_46' title='bbox 1069 479 1175 512; x_wconf 87' lang='lat' dir='ltr'>mariti</span> <span class='ocrx_word' id='word_1_47' title='bbox 1192 479 1373 519; x_wconf 81' lang='lat' dir='ltr'>iracundia,</span> 
     </span>
     <span class='ocr_line' id='line_1_7' title="bbox 46 527 1373 572; baseline -0.005 -8"><span class='ocrx_word' id='word_1_48' title='bbox 46 541 66 564; x_wconf 86' lang='lat' dir='ltr'>a</span> <span class='ocrx_word' id='word_1_49' title='bbox 89 540 154 572; x_wconf 91' lang='lat' dir='ltr'>quo</span> <span class='ocrx_word' id='word_1_50' title='bbox 170 530 299 572; x_wconf 86' lang='lat' dir='ltr'>gravida</span> <span class='ocrx_word' id='word_1_51' title='bbox 327 529 390 561; x_wconf 92' lang='lat' dir='ltr'>ictu</span> <span class='ocrx_word' id='word_1_52' title='bbox 409 529 505 560; x_wconf 85' lang='lat' dir='ltr'>calcis</span> <span class='ocrx_word' id='word_1_53' title='bbox 521 530 640 560; x_wconf 85' lang='lat' dir='ltr'>asssicta</span> <span class='ocrx_word' id='word_1_54' title='bbox 659 532 720 561; x_wconf 88' lang='lat' dir='ltr'>est.</span> <span class='ocrx_word' id='word_1_55' title='bbox 747 539 849 569; x_wconf 86' lang='lat' dir='ltr'>neque</span> <span class='ocrx_word' id='word_1_56' title='bbox 867 530 952 561; x_wconf 80' lang='lat' dir='ltr'>enim</span> <span class='ocrx_word' id='word_1_57' title='bbox 970 536 1130 560; x_wconf 86' lang='lat' dir='ltr'>venenum</span> <span class='ocrx_word' id='word_1_58' title='bbox 1157 527 1351 559; x_wconf 83' lang='lat' dir='ltr'>crediderim</span> <span class='ocrx_word' id='word_1_59' title='bbox 1365 551 1373 566; x_wconf 92' lang='lat'>,</span> 
     </span>
     <span class='ocr_line' id='line_1_8' title="bbox 47 574 1375 618; baseline -0.002 -9"><span class='ocrx_word' id='word_1_60' title='bbox 47 579 198 618; x_wconf 84' lang='lat' dir='ltr'>quamvis</span> <span class='ocrx_word' id='word_1_61' title='bbox 218 577 348 618; x_wconf 90' lang='lat' dir='ltr'>quidam</span> <span class='ocrx_word' id='word_1_62' title='bbox 374 576 546 617; x_wconf 84' lang='lat' dir='ltr'>scriptores</span> <span class='ocrx_word' id='word_1_63' title='bbox 563 577 710 615; x_wconf 88' lang='lat' dir='ltr'>tradant,</span> <span class='ocrx_word' id='word_1_64' title='bbox 730 577 804 608; x_wconf 89' lang='lat' dir='ltr'>odio</span> <span class='ocrx_word' id='word_1_65' title='bbox 827 576 926 617; x_wconf 75' lang='lat' dir='ltr'>magis</span> <span class='ocrx_word' id='word_1_66' title='bbox 951 585 1049 617; x_wconf 89' lang='lat' dir='ltr'>quam</span> <span class='ocrx_word' id='word_1_67' title='bbox 1073 584 1112 607; x_wconf 89' lang='lat' dir='ltr'>ex</span> <span class='ocrx_word' id='word_1_68' title='bbox 1140 574 1202 606; x_wconf 86' lang='lat' dir='ltr'>fide</span> <span class='ocrx_word' id='word_1_69' title='bbox 1224 587 1230 604; x_wconf 89' lang='lat'><strong>:</strong></span> <span class='ocrx_word' id='word_1_70' title='bbox 1255 574 1375 614; x_wconf 85' lang='lat' dir='ltr'>quippe</span> 
     </span>
     <span class='ocr_line' id='line_1_9' title="bbox 46 621 1374 665; baseline -0.005 -7"><span class='ocrx_word' id='word_1_71' title='bbox 46 625 222 658; x_wconf 84' lang='lat' dir='ltr'>liberorum</span> <span class='ocrx_word' id='word_1_72' title='bbox 240 624 372 665; x_wconf 88' lang='lat' dir='ltr'>cupiens</span> <span class='ocrx_word' id='word_1_73' title='bbox 389 627 420 655; x_wconf 90' lang='lat' dir='ltr'>et</span> <span class='ocrx_word' id='word_1_74' title='bbox 436 625 538 655; x_wconf 87' lang='lat' dir='ltr'>amori</span> <span class='ocrx_word' id='word_1_75' title='bbox 554 624 664 655; x_wconf 82' lang='lat' dir='ltr'>uxoris</span> <span class='ocrx_word' id='word_1_76' title='bbox 689 625 848 656; x_wconf 81' lang='lat' dir='ltr'>obnoxius</span> <span class='ocrx_word' id='word_1_77' title='bbox 867 627 943 655; x_wconf 89' lang='lat' dir='ltr'>erat.</span> <span class='ocrx_word' id='word_1_78' title='bbox 965 631 1082 664; x_wconf 87' lang='lat' dir='ltr'>corpus</span> <span class='ocrx_word' id='word_1_79' title='bbox 1102 631 1165 654; x_wconf 90' lang='lat' dir='ltr'>non</span> <span class='ocrx_word' id='word_1_80' title='bbox 1192 622 1255 662; x_wconf 87' lang='lat' dir='ltr'><strong>igni</strong></span> <span class='ocrx_word' id='word_1_81' title='bbox 1276 621 1374 653; x_wconf 85' lang='lat' dir='ltr'>aboli-</span> 
     </span>
     <span class='ocr_line' id='line_1_10' title="bbox 46 669 1374 713; baseline -0.005 -8"><span class='ocrx_word' id='word_1_82' title='bbox 46 673 136 713; x_wconf 87' lang='lat' dir='ltr'>tum,</span> <span class='ocrx_word' id='word_1_83' title='bbox 154 675 192 704; x_wconf 87' lang='lat' dir='ltr'>ut</span> <span class='ocrx_word' id='word_1_84' title='bbox 215 677 378 704; x_wconf 82' lang='lat' dir='ltr'>Romanus</span> <span class='ocrx_word' id='word_1_85' title='bbox 400 680 489 710; x_wconf 72' lang='lat' dir='ltr'>mos,</span> <span class='ocrx_word' id='word_1_86' title='bbox 520 671 576 703; x_wconf 86' lang='lat' dir='ltr'>sed</span> <span class='ocrx_word' id='word_1_87' title='bbox 603 681 713 711; x_wconf 79' lang='lat' dir='ltr'>regum</span> <span class='ocrx_word' id='word_1_88' title='bbox 736 676 941 704; x_wconf 72' lang='lat' dir='ltr'>externorum</span> <span class='ocrx_word' id='word_1_89' title='bbox 960 670 1192 702; x_wconf 88' lang='lat' dir='ltr'>consuetudine</span> <span class='ocrx_word' id='word_1_90' title='bbox 1207 669 1374 700; x_wconf 69' lang='lat' dir='ltr'>differtum</span> 
     </span>
     <span class='ocr_line' id='line_1_11' title="bbox 46 715 1374 759; baseline -0.005 -6"><span class='ocrx_word' id='word_1_91' title='bbox 46 720 201 753; x_wconf 88' lang='lat' dir='ltr'>odoribus</span> <span class='ocrx_word' id='word_1_92' title='bbox 225 719 373 750; x_wconf 87' lang='lat' dir='ltr'>conditur</span> <span class='ocrx_word' id='word_1_93' title='bbox 392 719 397 736; x_wconf 93' lang='lat'><strong>¹</strong></span> <span class='ocrx_word' id='word_1_94' title='bbox 426 719 617 759; x_wconf 87' lang='lat' dir='ltr'>tumuloque</span> <span class='ocrx_word' id='word_1_95' title='bbox 637 720 795 751; x_wconf 83' lang='lat' dir='ltr'>Juliorum</span> <span class='ocrx_word' id='word_1_96' title='bbox 818 720 964 751; x_wconf 82' lang='lat' dir='ltr'>insertur.</span> <span class='ocrx_word' id='word_1_97' title='bbox 983 719 1090 750; x_wconf 83' lang='lat' dir='ltr'>ductae</span> <span class='ocrx_word' id='word_1_98' title='bbox 1111 721 1218 750; x_wconf 86' lang='lat' dir='ltr'>tamen</span> <span class='ocrx_word' id='word_1_99' title='bbox 1236 715 1374 757; x_wconf 86' lang='lat' dir='ltr'>publicae</span> 
     </span>
     <span class='ocr_line' id='line_1_12' title="bbox 46 763 1374 807; baseline -0.005 -7"><span class='ocrx_word' id='word_1_100' title='bbox 46 767 210 807; x_wconf 75' lang='lat' dir='ltr'>exsequiae</span> <span class='ocrx_word' id='word_1_101' title='bbox 224 791 232 805; x_wconf 94' lang='lat'>,</span> <span class='ocrx_word' id='word_1_102' title='bbox 257 765 463 806; x_wconf 66' lang='lat' dir='ltr'>laudavitque</span> <span class='ocrx_word' id='word_1_103' title='bbox 481 767 546 806; x_wconf 86' lang='lat' dir='ltr'>ipse</span> <span class='ocrx_word' id='word_1_104' title='bbox 562 766 648 807; x_wconf 88' lang='lat' dir='ltr'>apud</span> <span class='ocrx_word' id='word_1_105' title='bbox 668 770 770 798; x_wconf 84' lang='lat' dir='ltr'>rostra</span> <span class='ocrx_word' id='word_1_106' title='bbox 779 767 938 806; x_wconf 80' lang='lat' dir='ltr'>sormam</span> <span class='ocrx_word' id='word_1_107' title='bbox 960 767 1033 806; x_wconf 79' lang='lat' dir='ltr'>ejus</span> <span class='ocrx_word' id='word_1_108' title='bbox 1046 790 1054 805; x_wconf 90' lang='lat'>‚</span> <span class='ocrx_word' id='word_1_109' title='bbox 1081 768 1113 798; x_wconf 85' lang='lat' dir='ltr'>el</span> <span class='ocrx_word' id='word_1_110' title='bbox 1136 764 1226 806; x_wconf 81' lang='lat' dir='ltr'>quod</span> <span class='ocrx_word' id='word_1_111' title='bbox 1247 763 1374 795; x_wconf 74' lang='lat' dir='ltr'>divinoe</span> 
     </span>
     <span class='ocr_line' id='line_1_13' title="bbox 45 812 1231 854; baseline -0.004 -8"><span class='ocrx_word' id='word_1_112' title='bbox 45 813 194 854; x_wconf 75' lang='lat' dir='ltr'>infantis</span> <span class='ocrx_word' id='word_1_113' title='bbox 205 822 338 854; x_wconf 78' lang='lat' dir='ltr'>parens</span> <span class='ocrx_word' id='word_1_114' title='bbox 353 812 485 852; x_wconf 74' lang='lat' dir='ltr'>suisset</span> <span class='ocrx_word' id='word_1_115' title='bbox 497 837 506 853; x_wconf 95' lang='lat'>,</span> <span class='ocrx_word' id='word_1_116' title='bbox 531 813 656 854; x_wconf 87' lang='lat' dir='ltr'>aliaque</span> <span class='ocrx_word' id='word_1_117' title='bbox 672 814 809 846; x_wconf 79' lang='lat' dir='ltr'>fortunae</span> <span class='ocrx_word' id='word_1_118' title='bbox 827 823 961 845; x_wconf 86' lang='lat' dir='ltr'>munera</span> <span class='ocrx_word' id='word_1_119' title='bbox 976 822 1033 853; x_wconf 91' lang='lat' dir='ltr'>pro</span> <span class='ocrx_word' id='word_1_120' title='bbox 1048 812 1231 844; x_wconf 87' lang='lat' dir='ltr'>virtutibus.</span> 
     </span>
    </p>

    <p class='ocr_par' dir='ltr' id='par_1_4' title="bbox 41 856 1374 1418">
     <span class='ocr_line' id='line_1_14' title="bbox 86 856 1374 900; baseline -0.003 -8"><span class='ocrx_word' id='word_1_121' title='bbox 86 864 154 892; x_wconf 86' lang='lat' dir='ltr'>VII.</span> <span class='ocrx_word' id='word_1_122' title='bbox 180 863 314 891; x_wconf 86' lang='lat' dir='ltr'>Mortem</span> <span class='ocrx_word' id='word_1_123' title='bbox 333 864 497 900; x_wconf 72' lang='lat' dir='ltr'>Poppaeae,</span> <span class='ocrx_word' id='word_1_124' title='bbox 514 863 550 891; x_wconf 91' lang='lat' dir='ltr'>ut</span> <span class='ocrx_word' id='word_1_125' title='bbox 574 861 679 900; x_wconf 88' lang='lat' dir='ltr'>palam</span> <span class='ocrx_word' id='word_1_126' title='bbox 710 862 852 900; x_wconf 79' lang='lat' dir='ltr'>tristem,</span> <span class='ocrx_word' id='word_1_127' title='bbox 879 862 923 892; x_wconf 89' lang='lat' dir='ltr'>ita</span> <span class='ocrx_word' id='word_1_128' title='bbox 949 859 1190 891; x_wconf 72' lang='lat' dir='ltr'>recordantibus</span> <span class='ocrx_word' id='word_1_129' title='bbox 1206 859 1313 889; x_wconf 77' lang='lat' dir='ltr'>laetam</span> <span class='ocrx_word' id='word_1_130' title='bbox 1332 856 1374 888; x_wconf 87' lang='lat' dir='ltr'>oh</span> 
     </span>
     <span class='ocr_line' id='line_1_15' title="bbox 44 905 1372 948; baseline -0.004 -9"><span class='ocrx_word' id='word_1_131' title='bbox 44 907 283 948; x_wconf 81' lang='lat' dir='ltr'>impudicitiam</span> <span class='ocrx_word' id='word_1_132' title='bbox 306 906 374 946; x_wconf 77' lang='lat' dir='ltr'>ejus</span> <span class='ocrx_word' id='word_1_133' title='bbox 405 907 644 947; x_wconf 70' lang='lat' dir='ltr'>saevitiamque,</span> <span class='ocrx_word' id='word_1_134' title='bbox 671 917 754 939; x_wconf 77' lang='lat' dir='ltr'>nova</span> <span class='ocrx_word' id='word_1_135' title='bbox 783 908 914 948; x_wconf 86' lang='lat' dir='ltr'>insuper</span> <span class='ocrx_word' id='word_1_136' title='bbox 940 907 1061 939; x_wconf 88' lang='lat' dir='ltr'>invidia</span> <span class='ocrx_word' id='word_1_137' title='bbox 1081 911 1164 938; x_wconf 89' lang='lat' dir='ltr'>Nero</span> <span class='ocrx_word' id='word_1_138' title='bbox 1181 905 1372 946; x_wconf 83' lang='lat' dir='ltr'>complevit,</span> 
     </span>
     <span class='ocr_line' id='line_1_16' title="bbox 42 951 1372 996; baseline -0.004 -10"><span class='ocrx_word' id='word_1_139' title='bbox 42 955 243 996; x_wconf 85' lang='lat' dir='ltr'>prohibendo</span> <span class='ocrx_word' id='word_1_140' title='bbox 270 958 304 985; x_wconf 86' lang='lat' dir='ltr'>C.</span> <span class='ocrx_word' id='word_1_141' title='bbox 333 953 498 985; x_wconf 87' lang='lat' dir='ltr'>Cassium¹</span> <span class='ocrx_word' id='word_1_142' title='bbox 532 953 638 985; x_wconf 74' lang='lat' dir='ltr'>officio</span> <span class='ocrx_word' id='word_1_143' title='bbox 662 954 914 994; x_wconf 73' lang='lat' dir='ltr'>exsequiarum:</span> <span class='ocrx_word' id='word_1_144' title='bbox 935 954 1019 994; x_wconf 88' lang='lat' dir='ltr'>quod</span> <span class='ocrx_word' id='word_1_145' title='bbox 1049 954 1188 994; x_wconf 85' lang='lat' dir='ltr'>primum</span> <span class='ocrx_word' id='word_1_146' title='bbox 1217 951 1372 983; x_wconf 81' lang='lat' dir='ltr'>indicium</span> 
     </span>
     <span class='ocr_line' id='line_1_17' title="bbox 42 999 1370 1041; baseline -0.005 -7"><span class='ocrx_word' id='word_1_147' title='bbox 42 1002 127 1035; x_wconf 84' lang='lat' dir='ltr'>mali.</span> <span class='ocrx_word' id='word_1_148' title='bbox 149 1010 254 1041; x_wconf 90' lang='lat' dir='ltr'>neque</span> <span class='ocrx_word' id='word_1_149' title='bbox 273 1001 305 1032; x_wconf 92' lang='lat' dir='ltr'>in</span> <span class='ocrx_word' id='word_1_150' title='bbox 330 1001 460 1040; x_wconf 76' lang='lat' dir='ltr'>longum</span> <span class='ocrx_word' id='word_1_151' title='bbox 478 1001 614 1033; x_wconf 86' lang='lat' dir='ltr'>dilatum</span> <span class='ocrx_word' id='word_1_152' title='bbox 644 1005 713 1041; x_wconf 84' lang='lat' dir='ltr'>est,</span> <span class='ocrx_word' id='word_1_153' title='bbox 732 1002 786 1033; x_wconf 89' lang='lat' dir='ltr'>sed</span> <span class='ocrx_word' id='word_1_154' title='bbox 805 1002 932 1034; x_wconf 81' lang='lat' dir='ltr'>Silanus</span> <span class='ocrx_word' id='word_1_155' title='bbox 948 1001 1089 1039; x_wconf 83' lang='lat' dir='ltr'>additur,</span> <span class='ocrx_word' id='word_1_156' title='bbox 1115 1001 1201 1032; x_wconf 88' lang='lat' dir='ltr'>nullo</span> <span class='ocrx_word' id='word_1_157' title='bbox 1216 999 1370 1036; x_wconf 85' lang='lat' dir='ltr'>crimine,</span> 
     </span>
     <span class='ocr_line' id='line_1_18' title="bbox 41 1045 1373 1093; baseline -0.004 -12"><span class='ocrx_word' id='word_1_158' title='bbox 41 1049 104 1081; x_wconf 89' lang='lat' dir='ltr'>nisi</span> <span class='ocrx_word' id='word_1_159' title='bbox 124 1049 211 1090; x_wconf 91' lang='lat' dir='ltr'>quod</span> <span class='ocrx_word' id='word_1_160' title='bbox 227 1049 352 1080; x_wconf 78' lang='lat' dir='ltr'>Cassius</span> <span class='ocrx_word' id='word_1_161' title='bbox 368 1048 485 1093; x_wconf 85' lang='lat' dir='ltr'>opibus</span> <span class='ocrx_word' id='word_1_162' title='bbox 502 1049 639 1080; x_wconf 84' lang='lat' dir='ltr'>vetustis</span> <span class='ocrx_word' id='word_1_163' title='bbox 657 1052 687 1080; x_wconf 84' lang='lat' dir='ltr'>et</span> <span class='ocrx_word' id='word_1_164' title='bbox 704 1050 860 1088; x_wconf 77' lang='lat' dir='ltr'>gravitate</span> <span class='ocrx_word' id='word_1_165' title='bbox 878 1058 1023 1087; x_wconf 86' lang='lat' dir='ltr'>morum,</span> <span class='ocrx_word' id='word_1_166' title='bbox 1041 1049 1168 1081; x_wconf 87' lang='lat' dir='ltr'>Silanus</span> <span class='ocrx_word' id='word_1_167' title='bbox 1181 1045 1373 1079; x_wconf 72' lang='lat' dir='ltr'>claritudine</span> 
     </span>
     <span class='ocr_line' id='line_1_19' title="bbox 42 1094 1373 1136; baseline -0.004 -8"><span class='ocrx_word' id='word_1_168' title='bbox 42 1097 166 1136; x_wconf 88' lang='lat' dir='ltr'>generis</span> <span class='ocrx_word' id='word_1_169' title='bbox 182 1097 214 1127; x_wconf 89' lang='lat' dir='ltr'>et</span> <span class='ocrx_word' id='word_1_170' title='bbox 230 1095 375 1126; x_wconf 87' lang='lat' dir='ltr'>modesta</span> <span class='ocrx_word' id='word_1_171' title='bbox 387 1097 520 1135; x_wconf 72' lang='lat' dir='ltr'>juventa</span> <span class='ocrx_word' id='word_1_172' title='bbox 536 1096 773 1136; x_wconf 69' lang='lat' dir='ltr'>praecellebant.</span> <span class='ocrx_word' id='word_1_173' title='bbox 785 1097 884 1136; x_wconf 84' lang='lat' dir='ltr'>igitur</span> <span class='ocrx_word' id='word_1_174' title='bbox 898 1096 996 1127; x_wconf 88' lang='lat' dir='ltr'>missa</span> <span class='ocrx_word' id='word_1_175' title='bbox 1010 1096 1051 1127; x_wconf 92' lang='lat' dir='ltr'>ad</span> <span class='ocrx_word' id='word_1_176' title='bbox 1065 1100 1212 1127; x_wconf 77' lang='lat' dir='ltr'>senatum</span> <span class='ocrx_word' id='word_1_177' title='bbox 1228 1094 1373 1125; x_wconf 88' lang='lat' dir='ltr'>oratione</span> 
     </span>
     <span class='ocr_line' id='line_1_20' title="bbox 42 1139 1373 1183; baseline -0.003 -8"><span class='ocrx_word' id='word_1_178' title='bbox 42 1142 261 1175; x_wconf 79' lang='lat' dir='ltr'>removendos</span> <span class='ocrx_word' id='word_1_179' title='bbox 278 1150 300 1173; x_wconf 82' lang='lat' dir='ltr'>a</span> <span class='ocrx_word' id='word_1_180' title='bbox 318 1142 494 1181; x_wconf 73' lang='lat' dir='ltr'>republica</span> <span class='ocrx_word' id='word_1_181' title='bbox 511 1145 676 1183; x_wconf 80' lang='lat' dir='ltr'>utrosque</span> <span class='ocrx_word' id='word_1_182' title='bbox 689 1143 842 1175; x_wconf 76' lang='lat' dir='ltr'>disseruit</span> <span class='ocrx_word' id='word_1_183' title='bbox 856 1155 865 1183; x_wconf 90' lang='lat'>;</span> <span class='ocrx_word' id='word_1_184' title='bbox 885 1143 1123 1183; x_wconf 78' lang='lat' dir='ltr'>objectavitque</span> <span class='ocrx_word' id='word_1_185' title='bbox 1135 1142 1242 1174; x_wconf 87' lang='lat' dir='ltr'>Cassio</span> <span class='ocrx_word' id='word_1_186' title='bbox 1260 1154 1274 1168; x_wconf 88' lang='lat'>«</span> <span class='ocrx_word' id='word_1_187' title='bbox 1286 1139 1373 1180; x_wconf 90' lang='lat' dir='ltr'>quod</span> 
     </span>
     <span class='ocr_line' id='line_1_21' title="bbox 44 1187 1373 1230; baseline -0.002 -9"><span class='ocrx_word' id='word_1_188' title='bbox 44 1202 59 1217; x_wconf 89' lang='lat'>«</span> <span class='ocrx_word' id='word_1_189' title='bbox 77 1189 162 1221; x_wconf 89' lang='lat' dir='ltr'>inter</span> <span class='ocrx_word' id='word_1_190' title='bbox 182 1189 332 1228; x_wconf 68' lang='lat' dir='ltr'>imagines</span> <span class='ocrx_word' id='word_1_191' title='bbox 347 1190 504 1228; x_wconf 86' lang='lat' dir='ltr'>majorum</span> <span class='ocrx_word' id='word_1_192' title='bbox 521 1190 616 1220; x_wconf 76' lang='lat' dir='ltr'>etiam</span> <span class='ocrx_word' id='word_1_193' title='bbox 637 1193 671 1221; x_wconf 93' lang='lat' dir='ltr'>C.</span> <span class='ocrx_word' id='word_1_194' title='bbox 691 1190 792 1220; x_wconf 84' lang='lat' dir='ltr'>Cassii</span> <span class='ocrx_word' id='word_1_195' title='bbox 808 1190 819 1207; x_wconf 81' lang='lat'><strong>²</strong></span> <span class='ocrx_word' id='word_1_196' title='bbox 837 1190 972 1230; x_wconf 80' lang='lat' dir='ltr'>effigiem</span> <span class='ocrx_word' id='word_1_197' title='bbox 989 1190 1161 1228; x_wconf 85' lang='lat' dir='ltr'>coluisset,</span> <span class='ocrx_word' id='word_1_198' title='bbox 1191 1189 1234 1220; x_wconf 79' lang='lat' dir='ltr'>ita</span> <span class='ocrx_word' id='word_1_199' title='bbox 1263 1187 1373 1219; x_wconf 85' lang='lat' dir='ltr'>inscri-</span> 
     </span>
     <span class='ocr_line' id='line_1_22' title="bbox 44 1235 1372 1276; baseline -0.002 -9"><span class='ocrx_word' id='word_1_200' title='bbox 44 1248 60 1263; x_wconf 89' lang='lat'>«</span> <span class='ocrx_word' id='word_1_201' title='bbox 77 1238 167 1276; x_wconf 84' lang='lat' dir='ltr'>ptam</span> <span class='ocrx_word' id='word_1_202' title='bbox 186 1247 192 1265; x_wconf 80' lang='lat' dir='ltr'>z</span> <span class='ocrx_word' id='word_1_203' title='bbox 208 1241 277 1267; x_wconf 71' lang='lat' dir='ltr'>Dux</span> <span class='ocrx_word' id='word_1_204' title='bbox 304 1240 442 1267; x_wconf 61' lang='lat' dir='ltr'>Panium</span> <span class='ocrx_word' id='word_1_205' title='bbox 461 1245 468 1266; x_wconf 88' lang='grc'>;</span> <span class='ocrx_word' id='word_1_206' title='bbox 487 1236 603 1276; x_wconf 87' lang='lat' dir='ltr'>quippe</span> <span class='ocrx_word' id='word_1_207' title='bbox 620 1236 744 1267; x_wconf 80' lang='lat' dir='ltr'>semina</span> <span class='ocrx_word' id='word_1_208' title='bbox 758 1236 945 1268; x_wconf 82' lang='lat' dir='ltr'>bellicivilis</span> <span class='ocrx_word' id='word_1_209' title='bbox 965 1238 997 1268; x_wconf 89' lang='lat' dir='ltr'>et</span> <span class='ocrx_word' id='word_1_210' title='bbox 1013 1236 1226 1268; x_wconf 75' lang='lat' dir='ltr'>defectionem</span> <span class='ocrx_word' id='word_1_211' title='bbox 1241 1244 1259 1266; x_wconf 86' lang='lat' dir='ltr'>a</span> <span class='ocrx_word' id='word_1_212' title='bbox 1275 1235 1372 1265; x_wconf 87' lang='lat' dir='ltr'>domo</span> 
     </span>
     <span class='ocr_line' id='line_1_23' title="bbox 44 1282 1371 1323; baseline -0.001 -9"><span class='ocrx_word' id='word_1_213' title='bbox 44 1295 60 1310; x_wconf 92' lang='lat'>«</span> <span class='ocrx_word' id='word_1_214' title='bbox 77 1286 240 1314; x_wconf 75' lang='lat' dir='ltr'>Caesarum</span> <span class='ocrx_word' id='word_1_215' title='bbox 258 1282 439 1323; x_wconf 63' lang='lat' dir='ltr'>quazsitam.</span> <span class='ocrx_word' id='word_1_216' title='bbox 463 1291 501 1314; x_wconf 87' lang='lat' dir='ltr'>ac</span> <span class='ocrx_word' id='word_1_217' title='bbox 523 1292 563 1314; x_wconf 88' lang='lat' dir='ltr'>ne</span> <span class='ocrx_word' id='word_1_218' title='bbox 586 1283 740 1314; x_wconf 87' lang='lat' dir='ltr'>memoria</span> <span class='ocrx_word' id='word_1_219' title='bbox 760 1286 884 1315; x_wconf 86' lang='lat' dir='ltr'>tantum</span> <span class='ocrx_word' id='word_1_220' title='bbox 902 1283 1016 1315; x_wconf 83' lang='lat' dir='ltr'>infensi</span> <span class='ocrx_word' id='word_1_221' title='bbox 1038 1283 1177 1314; x_wconf 88' lang='lat' dir='ltr'>nominis</span> <span class='ocrx_word' id='word_1_222' title='bbox 1194 1282 1233 1313; x_wconf 91' lang='lat' dir='ltr'>ad</span> <span class='ocrx_word' id='word_1_223' title='bbox 1250 1282 1371 1313; x_wconf 82' lang='lat' dir='ltr'>discor-</span> 
     </span>
     <span class='ocr_line' id='line_1_24' title="bbox 44 1329 1371 1372; baseline 0 -12"><span class='ocrx_word' id='word_1_224' title='bbox 44 1341 59 1356; x_wconf 91' lang='lat'>«</span> <span class='ocrx_word' id='word_1_225' title='bbox 77 1329 147 1362; x_wconf 88' lang='lat' dir='ltr'>dias</span> <span class='ocrx_word' id='word_1_226' title='bbox 163 1333 319 1370; x_wconf 85' lang='lat' dir='ltr'>uteretur,</span> <span class='ocrx_word' id='word_1_227' title='bbox 334 1330 545 1370; x_wconf 86' lang='lat' dir='ltr'>assumpsisse</span> <span class='ocrx_word' id='word_1_228' title='bbox 562 1334 595 1361; x_wconf 87' lang='lat' dir='ltr'>L.</span> <span class='ocrx_word' id='word_1_229' title='bbox 611 1330 772 1370; x_wconf 82' lang='lat' dir='ltr'>Silanum,</span> <span class='ocrx_word' id='word_1_230' title='bbox 786 1331 938 1370; x_wconf 83' lang='lat' dir='ltr'>juvenem</span> <span class='ocrx_word' id='word_1_231' title='bbox 954 1340 1068 1372; x_wconf 86' lang='lat' dir='ltr'>genere</span> <span class='ocrx_word' id='word_1_232' title='bbox 1082 1330 1222 1362; x_wconf 87' lang='lat' dir='ltr'>nobilem</span> <span class='ocrx_word' id='word_1_233' title='bbox 1235 1352 1244 1369; x_wconf 92' lang='lat'>,</span> <span class='ocrx_word' id='word_1_234' title='bbox 1263 1329 1371 1361; x_wconf 87' lang='lat' dir='ltr'>animo</span> 
     </span>
     <span class='ocr_line' id='line_1_25' title="bbox 44 1377 871 1418; baseline 0.001 -10"><span class='ocrx_word' id='word_1_235' title='bbox 44 1389 58 1403; x_wconf 74' lang='lat' dir='ltr'>«t</span> <span class='ocrx_word' id='word_1_236' title='bbox 77 1381 297 1418; x_wconf 79' lang='lat' dir='ltr'>praeruptum,</span> <span class='ocrx_word' id='word_1_237' title='bbox 316 1386 411 1417; x_wconf 87' lang='lat' dir='ltr'>quem</span> <span class='ocrx_word' id='word_1_238' title='bbox 434 1377 524 1408; x_wconf 83' lang='lat' dir='ltr'>novis</span> <span class='ocrx_word' id='word_1_239' title='bbox 538 1377 633 1408; x_wconf 87' lang='lat' dir='ltr'>rebus</span> <span class='ocrx_word' id='word_1_240' title='bbox 653 1380 871 1409; x_wconf 80' lang='lat' dir='ltr'>ostentaret.»</span> 
     </span>
    </p>

    <p class='ocr_par' dir='ltr' id='par_1_5' title="bbox 39 1423 1372 1887">
     <span class='ocr_line' id='line_1_26' title="bbox 85 1423 1372 1466; baseline 0 -10"><span class='ocrx_word' id='word_1_241' title='bbox 85 1427 170 1456; x_wconf 75' lang='lat' dir='ltr'>VIII.</span> <span class='ocrx_word' id='word_1_242' title='bbox 198 1429 307 1465; x_wconf 87' lang='lat' dir='ltr'>Ipsum</span> <span class='ocrx_word' id='word_1_243' title='bbox 324 1424 439 1455; x_wconf 83' lang='lat' dir='ltr'>dehinc</span> <span class='ocrx_word' id='word_1_244' title='bbox 457 1424 601 1455; x_wconf 88' lang='lat' dir='ltr'>Silanum</span> <span class='ocrx_word' id='word_1_245' title='bbox 616 1424 780 1465; x_wconf 82' lang='lat' dir='ltr'>increpuit</span> <span class='ocrx_word' id='word_1_246' title='bbox 796 1425 907 1457; x_wconf 85' lang='lat' dir='ltr'>iisdem</span> <span class='ocrx_word' id='word_1_247' title='bbox 919 1424 1037 1466; x_wconf 83' lang='lat' dir='ltr'>quibus</span> <span class='ocrx_word' id='word_1_248' title='bbox 1048 1427 1198 1465; x_wconf 87' lang='lat' dir='ltr'>patruum</span> <span class='ocrx_word' id='word_1_249' title='bbox 1216 1423 1284 1462; x_wconf 76' lang='lat' dir='ltr'>eJ‘us</span> <span class='ocrx_word' id='word_1_250' title='bbox 1296 1427 1372 1456; x_wconf 89' lang='lat' dir='ltr'>Tor-</span> 
     </span>
     <span class='ocr_line' id='line_1_27' title="bbox 41 1470 1371 1513; baseline 0 -11"><span class='ocrx_word' id='word_1_251' title='bbox 41 1473 176 1511; x_wconf 86' lang='lat' dir='ltr'>quatum</span> <span class='ocrx_word' id='word_1_252' title='bbox 195 1472 224 1510; x_wconf 91' lang='lat'>¹,</span> <span class='ocrx_word' id='word_1_253' title='bbox 243 1470 711 1512; x_wconf 28' lang='lat' dir='ltr'>tanquamdde&#39;sponerelJam</span> <span class='ocrx_word' id='word_1_254' title='bbox 728 1474 861 1513; x_wconf 72' lang='lat' dir='ltr'>imperii</span> <span class='ocrx_word' id='word_1_255' title='bbox 881 1481 1005 1512; x_wconf 51' lang='lat' dir='ltr'>curate,</span> <span class='ocrx_word' id='word_1_256' title='bbox 1027 1471 1289 1512; x_wconf 79' lang='lat' dir='ltr'>prceficerelque</span> <span class='ocrx_word' id='word_1_257' title='bbox 1312 1479 1371 1503; x_wconf 86' lang='lat' dir='ltr'>ra-</span> 
     </span>
     <span class='ocr_line' id='line_1_28' title="bbox 43 1518 1370 1559; baseline 0.001 -10"><span class='ocrx_word' id='word_1_258' title='bbox 43 1519 191 1550; x_wconf 75' lang='lat' dir='ltr'>tionibus</span> <span class='ocrx_word' id='word_1_259' title='bbox 206 1521 238 1550; x_wconf 85' lang='lat' dir='ltr'>el</span> <span class='ocrx_word' id='word_1_260' title='bbox 253 1519 380 1550; x_wconf 72' lang='lat' dir='ltr'>libellis</span> <span class='ocrx_word' id='word_1_261' title='bbox 397 1519 429 1549; x_wconf 87' lang='lat' dir='ltr'>et</span> <span class='ocrx_word' id='word_1_262' title='bbox 446 1518 597 1558; x_wconf 74' lang='lat' dir='ltr'>epistolis</span> <span class='ocrx_word' id='word_1_263' title='bbox 612 1519 753 1551; x_wconf 78' lang='lat' dir='ltr'>libertos</span> <span class='ocrx_word' id='word_1_264' title='bbox 766 1544 774 1559; x_wconf 92' lang='lat'>‚</span> <span class='ocrx_word' id='word_1_265' title='bbox 790 1520 901 1552; x_wconf 84' lang='lat' dir='ltr'>inania</span> <span class='ocrx_word' id='word_1_266' title='bbox 918 1519 1016 1550; x_wconf 88' lang='lat' dir='ltr'>simul</span> <span class='ocrx_word' id='word_1_267' title='bbox 1033 1522 1065 1550; x_wconf 90' lang='lat' dir='ltr'>et</span> <span class='ocrx_word' id='word_1_268' title='bbox 1082 1519 1159 1550; x_wconf 78' lang='lat' dir='ltr'>salsa</span> <span class='ocrx_word' id='word_1_269' title='bbox 1178 1527 1185 1548; x_wconf 91' lang='lat'><strong>:</strong></span> <span class='ocrx_word' id='word_1_270' title='bbox 1204 1527 1278 1549; x_wconf 84' lang='lat' dir='ltr'>nam</span> <span class='ocrx_word' id='word_1_271' title='bbox 1295 1518 1370 1550; x_wconf 87' lang='lat' dir='ltr'>Sila-</span> 
     </span>
     <span class='ocr_line' id='line_1_29' title="bbox 40 1565 1372 1607; baseline 0 -11"><span class='ocrx_word' id='word_1_272' title='bbox 40 1573 101 1596; x_wconf 86' lang='lat' dir='ltr'>nus</span> <span class='ocrx_word' id='word_1_273' title='bbox 122 1566 275 1598; x_wconf 88' lang='lat' dir='ltr'>intentior</span> <span class='ocrx_word' id='word_1_274' title='bbox 295 1568 383 1598; x_wconf 87' lang='lat' dir='ltr'>metu</span> <span class='ocrx_word' id='word_1_275' title='bbox 401 1566 433 1597; x_wconf 85' lang='lat' dir='ltr'>et</span> <span class='ocrx_word' id='word_1_276' title='bbox 454 1565 552 1596; x_wconf 80' lang='lat' dir='ltr'>exitio</span> <span class='ocrx_word' id='word_1_277' title='bbox 571 1567 676 1606; x_wconf 83' lang='lat' dir='ltr'>patrui</span> <span class='ocrx_word' id='word_1_278' title='bbox 702 1568 740 1598; x_wconf 86' lang='lat' dir='ltr'>ad</span> <span class='ocrx_word' id='word_1_279' title='bbox 759 1566 1004 1607; x_wconf 76' lang='lat' dir='ltr'>praecavendum</span> <span class='ocrx_word' id='word_1_280' title='bbox 1021 1567 1193 1598; x_wconf 80' lang='lat' dir='ltr'>exterritus</span> <span class='ocrx_word' id='word_1_281' title='bbox 1218 1567 1297 1597; x_wconf 89' lang='lat' dir='ltr'>erat.</span> <span class='ocrx_word' id='word_1_282' title='bbox 1321 1565 1372 1596; x_wconf 91' lang='lat' dir='ltr'>in-</span> 
     </span>
     <span class='ocr_line' id='line_1_30' title="bbox 40 1612 1372 1655; baseline 0.001 -12"><span class='ocrx_word' id='word_1_283' title='bbox 40 1612 132 1645; x_wconf 86' lang='lat' dir='ltr'>ducit</span> <span class='ocrx_word' id='word_1_284' title='bbox 148 1613 281 1653; x_wconf 83' lang='lat' dir='ltr'>posthac</span> <span class='ocrx_word' id='word_1_285' title='bbox 300 1612 458 1644; x_wconf 79' lang='lat' dir='ltr'>vocabulo</span> <span class='ocrx_word' id='word_1_286' title='bbox 474 1612 618 1644; x_wconf 88' lang='lat' dir='ltr'>indicum</span> <span class='ocrx_word' id='word_1_287' title='bbox 630 1636 637 1647; x_wconf 85' lang='lat'>,</span> <span class='ocrx_word' id='word_1_288' title='bbox 661 1614 715 1654; x_wconf 92' lang='lat' dir='ltr'>qui</span> <span class='ocrx_word' id='word_1_289' title='bbox 744 1615 776 1645; x_wconf 90' lang='lat' dir='ltr'>in</span> <span class='ocrx_word' id='word_1_290' title='bbox 801 1615 953 1655; x_wconf 76' lang='lat' dir='ltr'>Lepidam</span> <span class='ocrx_word' id='word_1_291' title='bbox 970 1614 1069 1646; x_wconf 86' lang='lat' dir='ltr'>Cassii</span> <span class='ocrx_word' id='word_1_292' title='bbox 1100 1622 1230 1644; x_wconf 82' lang='lat' dir='ltr'>uxorem</span> <span class='ocrx_word' id='word_1_293' title='bbox 1243 1637 1252 1652; x_wconf 87' lang='lat'>,</span> <span class='ocrx_word' id='word_1_294' title='bbox 1274 1613 1372 1644; x_wconf 87' lang='lat' dir='ltr'>Silani</span> 
     </span>
     <span class='ocr_line' id='line_1_31' title="bbox 42 1659 1372 1701; baseline 0.002 -11"><span class='ocrx_word' id='word_1_295' title='bbox 42 1660 191 1699; x_wconf 87' lang='lat' dir='ltr'>amitam,</span> <span class='ocrx_word' id='word_1_296' title='bbox 209 1662 375 1691; x_wconf 68' lang='lat' dir='ltr'>incestum</span> <span class='ocrx_word' id='word_1_297' title='bbox 392 1669 469 1692; x_wconf 83' lang='lat' dir='ltr'>cum</span> <span class='ocrx_word' id='word_1_298' title='bbox 478 1659 613 1699; x_wconf 73' lang='lat' dir='ltr'>fratris</span> <span class='ocrx_word' id='word_1_299' title='bbox 623 1660 700 1701; x_wconf 75' lang='lat' dir='ltr'>filio</span> <span class='ocrx_word' id='word_1_300' title='bbox 714 1664 746 1693; x_wconf 83' lang='lat' dir='ltr'>et</span> <span class='ocrx_word' id='word_1_301' title='bbox 765 1662 858 1693; x_wconf 78' lang='lat' dir='ltr'>diros</span> <span class='ocrx_word' id='word_1_302' title='bbox 873 1670 1055 1694; x_wconf 83' lang='lat' dir='ltr'>sacrorum</span> <span class='ocrx_word' id='word_1_303' title='bbox 1072 1663 1163 1693; x_wconf 68' lang='lat' dir='ltr'>ritus</span> <span class='ocrx_word' id='word_1_304' title='bbox 1177 1660 1188 1678; x_wconf 85' lang='lat'><strong>²</strong></span> <span class='ocrx_word' id='word_1_305' title='bbox 1208 1660 1372 1701; x_wconf 87' lang='lat' dir='ltr'>confinge-</span> 
     </span>
     <span class='ocr_line' id='line_1_32' title="bbox 40 1707 1370 1741; baseline 0.002 -4"><span class='ocrx_word' id='word_1_306' title='bbox 40 1709 124 1738; x_wconf 86' lang='lat' dir='ltr'>rent.</span> <span class='ocrx_word' id='word_1_307' title='bbox 150 1707 358 1738; x_wconf 83' lang='lat' dir='ltr'>trahebantur</span> <span class='ocrx_word' id='word_1_308' title='bbox 376 1708 411 1738; x_wconf 89' lang='lat' dir='ltr'>ut</span> <span class='ocrx_word' id='word_1_309' title='bbox 427 1707 547 1738; x_wconf 88' lang='lat' dir='ltr'>conscii</span> <span class='ocrx_word' id='word_1_310' title='bbox 560 1708 727 1740; x_wconf 84' lang='lat' dir='ltr'>Vulcatius</span> <span class='ocrx_word' id='word_1_311' title='bbox 742 1710 890 1741; x_wconf 87' lang='lat' dir='ltr'>Tullinus</span> <span class='ocrx_word' id='word_1_312' title='bbox 906 1718 943 1741; x_wconf 90' lang='lat' dir='ltr'>ac</span> <span class='ocrx_word' id='word_1_313' title='bbox 960 1709 1129 1740; x_wconf 87' lang='lat' dir='ltr'>Marcellus</span> <span class='ocrx_word' id='word_1_314' title='bbox 1143 1707 1309 1739; x_wconf 89' lang='lat' dir='ltr'>Cornelius</span> <span class='ocrx_word' id='word_1_315' title='bbox 1323 1717 1370 1740; x_wconf 89' lang='lat' dir='ltr'>se-</span> 
     </span>
     <span class='ocr_line' id='line_1_33' title="bbox 40 1753 1371 1797; baseline 0.003 -13"><span class='ocrx_word' id='word_1_316' title='bbox 40 1755 168 1785; x_wconf 83' lang='lat' dir='ltr'>natores</span> <span class='ocrx_word' id='word_1_317' title='bbox 187 1756 219 1785; x_wconf 90' lang='lat' dir='ltr'>et</span> <span class='ocrx_word' id='word_1_318' title='bbox 237 1753 427 1794; x_wconf 83' lang='lat' dir='ltr'>Calpurnius</span> <span class='ocrx_word' id='word_1_319' title='bbox 443 1753 582 1786; x_wconf 84' lang='lat' dir='ltr'>Fabatus</span> <span class='ocrx_word' id='word_1_320' title='bbox 598 1754 608 1772; x_wconf 79' lang='lat'><strong>³</strong></span> <span class='ocrx_word' id='word_1_321' title='bbox 633 1765 731 1796; x_wconf 86' lang='lat' dir='ltr'>eques</span> <span class='ocrx_word' id='word_1_322' title='bbox 760 1760 944 1788; x_wconf 87' lang='lat' dir='ltr'>Romanus:</span> <span class='ocrx_word' id='word_1_323' title='bbox 966 1758 1022 1797; x_wconf 89' lang='lat' dir='ltr'>qui</span> <span class='ocrx_word' id='word_1_324' title='bbox 1042 1756 1202 1797; x_wconf 87' lang='lat' dir='ltr'>appellato</span> <span class='ocrx_word' id='word_1_325' title='bbox 1225 1755 1371 1796; x_wconf 82' lang='lat' dir='ltr'>Principe</span> 
     </span>
     <span class='ocr_line' id='line_1_34' title="bbox 39 1800 1370 1843; baseline 0.003 -12"><span class='ocrx_word' id='word_1_326' title='bbox 39 1800 212 1832; x_wconf 83' lang='lat' dir='ltr'>instantem</span> <span class='ocrx_word' id='word_1_327' title='bbox 228 1801 467 1833; x_wconf 86' lang='lat' dir='ltr'>damnationem</span> <span class='ocrx_word' id='word_1_328' title='bbox 487 1803 644 1843; x_wconf 79' lang='lat' dir='ltr'>frustrati,</span> <span class='ocrx_word' id='word_1_329' title='bbox 662 1812 736 1835; x_wconf 84' lang='lat' dir='ltr'>mox</span> <span class='ocrx_word' id='word_1_330' title='bbox 749 1808 909 1836; x_wconf 88' lang='lat' dir='ltr'>Neronem</span> <span class='ocrx_word' id='word_1_331' title='bbox 928 1804 1012 1836; x_wconf 83' lang='lat' dir='ltr'>circa</span> <span class='ocrx_word' id='word_1_332' title='bbox 1028 1813 1156 1836; x_wconf 89' lang='lat' dir='ltr'>summa</span> <span class='ocrx_word' id='word_1_333' title='bbox 1173 1803 1296 1835; x_wconf 83' lang='lat' dir='ltr'>scelera</span> <span class='ocrx_word' id='word_1_334' title='bbox 1305 1803 1370 1835; x_wconf 89' lang='lat' dir='ltr'>dis·</span> 
     </span>
     <span class='ocr_line' id='line_1_35' title="bbox 40 1847 596 1887; baseline 0.002 -8"><span class='ocrx_word' id='word_1_335' title='bbox 40 1848 165 1879; x_wconf 84' lang='lat' dir='ltr'>tentum</span> <span class='ocrx_word' id='word_1_336' title='bbox 181 1847 274 1887; x_wconf 83' lang='lat' dir='ltr'>quasi</span> <span class='ocrx_word' id='word_1_337' title='bbox 297 1848 437 1879; x_wconf 89' lang='lat' dir='ltr'>minores</span> <span class='ocrx_word' id='word_1_338' title='bbox 454 1857 596 1880; x_wconf 87' lang='lat' dir='ltr'>evasere.</span> 
     </span>
    </p>

    <p class='ocr_par' dir='ltr' id='par_1_6' title="bbox 41 1894 1372 2078">
     <span class='ocr_line' id='line_1_36' title="bbox 83 1894 1372 1929; baseline 0.002 -5"><span class='ocrx_word' id='word_1_339' title='bbox 83 1897 136 1925; x_wconf 77' lang='lat' dir='ltr'>lx.</span> <span class='ocrx_word' id='word_1_340' title='bbox 160 1898 250 1924; x_wconf 88' lang='lat' dir='ltr'>Tunc</span> <span class='ocrx_word' id='word_1_341' title='bbox 274 1894 423 1925; x_wconf 87' lang='lat' dir='ltr'>consulto</span> <span class='ocrx_word' id='word_1_342' title='bbox 452 1897 582 1927; x_wconf 88' lang='lat' dir='ltr'>senatus</span> <span class='ocrx_word' id='word_1_343' title='bbox 601 1897 716 1926; x_wconf 75' lang='lat' dir='ltr'>Cassio</span> <span class='ocrx_word' id='word_1_344' title='bbox 740 1898 773 1927; x_wconf 89' lang='lat' dir='ltr'>et</span> <span class='ocrx_word' id='word_1_345' title='bbox 792 1897 909 1928; x_wconf 73' lang='lat' dir='ltr'>Silano</span> <span class='ocrx_word' id='word_1_346' title='bbox 925 1898 1050 1929; x_wconf 65' lang='lat' dir='ltr'>exsilia</span> <span class='ocrx_word' id='word_1_347' title='bbox 1068 1897 1287 1928; x_wconf 85' lang='lat' dir='ltr'>decernuntur</span> <span class='ocrx_word' id='word_1_348' title='bbox 1303 1907 1310 1927; x_wconf 95' lang='lat'><strong>:</strong></span> <span class='ocrx_word' id='word_1_349' title='bbox 1329 1897 1372 1928; x_wconf 80' lang='lat' dir='ltr'>de</span> 
     </span>
     <span class='ocr_line' id='line_1_37' title="bbox 41 1940 1371 1984; baseline 0.004 -13"><span class='ocrx_word' id='word_1_350' title='bbox 41 1940 175 1981; x_wconf 78' lang='lat' dir='ltr'>Lepida</span> <span class='ocrx_word' id='word_1_351' title='bbox 191 1943 310 1972; x_wconf 78' lang='lat' dir='ltr'>Coesur</span> <span class='ocrx_word' id='word_1_352' title='bbox 322 1943 506 1974; x_wconf 80' lang='lat' dir='ltr'>statueret.</span> <span class='ocrx_word' id='word_1_353' title='bbox 518 1942 769 1983; x_wconf 86' lang='lat' dir='ltr'>deportatusque</span> <span class='ocrx_word' id='word_1_354' title='bbox 786 1943 819 1974; x_wconf 92' lang='lat' dir='ltr'>in</span> <span class='ocrx_word' id='word_1_355' title='bbox 837 1943 977 1975; x_wconf 88' lang='lat' dir='ltr'>insulam</span> <span class='ocrx_word' id='word_1_356' title='bbox 990 1944 1168 1977; x_wconf 83' lang='lat' dir='ltr'>sardiniam</span> <span class='ocrx_word' id='word_1_357' title='bbox 1182 1944 1321 1984; x_wconf 84' lang='lat' dir='ltr'>Cassius,</span> <span class='ocrx_word' id='word_1_358' title='bbox 1340 1948 1371 1976; x_wconf 87' lang='lat' dir='ltr'>et</span> 
     </span>
     <span class='ocr_line' id='line_1_38' title="bbox 41 1989 1370 2031; baseline 0.003 -13"><span class='ocrx_word' id='word_1_359' title='bbox 41 1992 191 2019; x_wconf 84' lang='lat' dir='ltr'>senectus</span> <span class='ocrx_word' id='word_1_360' title='bbox 203 1989 271 2028; x_wconf 87' lang='lat' dir='ltr'>ejus</span> <span class='ocrx_word' id='word_1_361' title='bbox 282 1989 540 2029; x_wconf 78' lang='lat' dir='ltr'>exspectabatur.</span> <span class='ocrx_word' id='word_1_362' title='bbox 553 1991 692 2030; x_wconf 88' lang='lat' dir='ltr'>Silanus,</span> <span class='ocrx_word' id='word_1_363' title='bbox 705 1992 859 2031; x_wconf 84' lang='lat' dir='ltr'>tanquam</span> <span class='ocrx_word' id='word_1_364' title='bbox 875 1995 1001 2023; x_wconf 84' lang='lat' dir='ltr'>Naxum</span> <span class='ocrx_word' id='word_1_365' title='bbox 1014 1992 1236 2031; x_wconf 85' lang='lat' dir='ltr'>deveheretur,</span> <span class='ocrx_word' id='word_1_366' title='bbox 1246 1992 1370 2024; x_wconf 87' lang='lat' dir='ltr'>Ostiam</span> 
     </span>
     <span class='ocr_line' id='line_1_39' title="bbox 41 2037 1370 2078; baseline 0.004 -12"><span class='ocrx_word' id='word_1_367' title='bbox 41 2037 189 2075; x_wconf 87' lang='lat' dir='ltr'>amotus;</span> <span class='ocrx_word' id='word_1_368' title='bbox 205 2038 277 2076; x_wconf 88' lang='lat' dir='ltr'>post</span> <span class='ocrx_word' id='word_1_369' title='bbox 303 2037 477 2077; x_wconf 86' lang='lat' dir='ltr'>municipio</span> <span class='ocrx_word' id='word_1_370' title='bbox 502 2038 644 2078; x_wconf 84' lang='lat' dir='ltr'>Apuliae,</span> <span class='ocrx_word' id='word_1_371' title='bbox 670 2038 722 2069; x_wconf 91' lang='lat' dir='ltr'>cui</span> <span class='ocrx_word' id='word_1_372' title='bbox 745 2047 862 2070; x_wconf 90' lang='lat' dir='ltr'>nomen</span> <span class='ocrx_word' id='word_1_373' title='bbox 877 2041 927 2070; x_wconf 85' lang='lat' dir='ltr'>est</span> <span class='ocrx_word' id='word_1_374' title='bbox 948 2039 1093 2075; x_wconf 88' lang='lat' dir='ltr'>Barium,</span> <span class='ocrx_word' id='word_1_375' title='bbox 1110 2039 1284 2071; x_wconf 87' lang='lat' dir='ltr'>clauditur.</span> <span class='ocrx_word' id='word_1_376' title='bbox 1303 2040 1370 2071; x_wconf 88' lang='lat' dir='ltr'>illic</span> 
     </span>
    </p>
   </div>
   <div class='ocr_carea' id='block_1_3' title="bbox 40 2082 1370 2169">
    <p class='ocr_par' dir='ltr' id='par_1_7' title="bbox 40 2082 1370 2169">
     <span class='ocr_line' id='line_1_40' title="bbox 40 2082 1369 2126; baseline 0.005 -13"><span class='ocrx_word' id='word_1_377' title='bbox 40 2082 299 2122; x_wconf 83' lang='lat' dir='ltr'>indignissimum</span> <span class='ocrx_word' id='word_1_378' title='bbox 323 2092 433 2115; x_wconf 88' lang='lat' dir='ltr'>casum</span> <span class='ocrx_word' id='word_1_379' title='bbox 457 2085 617 2126; x_wconf 87' lang='lat' dir='ltr'>sapienter</span> <span class='ocrx_word' id='word_1_380' title='bbox 631 2086 771 2117; x_wconf 87' lang='lat' dir='ltr'>tolerans</span> <span class='ocrx_word' id='word_1_381' title='bbox 798 2095 817 2117; x_wconf 90' lang='lat' dir='ltr'>a</span> <span class='ocrx_word' id='word_1_382' title='bbox 841 2086 1027 2118; x_wconf 85' lang='lat' dir='ltr'>centurione</span> <span class='ocrx_word' id='word_1_383' title='bbox 1055 2086 1096 2118; x_wconf 85' lang='lat' dir='ltr'>ad</span> <span class='ocrx_word' id='word_1_384' title='bbox 1120 2087 1242 2119; x_wconf 83' lang='lat' dir='ltr'>caedem</span> <span class='ocrx_word' id='word_1_385' title='bbox 1269 2087 1369 2119; x_wconf 87' lang='lat' dir='ltr'>misso</span> 
     </span>
     <span class='ocr_line' id='line_1_41' title="bbox 41 2124 1370 2169; baseline 0.005 -15"><span class='ocrx_word' id='word_1_386' title='bbox 41 2124 234 2164; x_wconf 80' lang='lat' dir='ltr'>corripitur3</span> <span class='ocrx_word' id='word_1_387' title='bbox 253 2124 465 2166; x_wconf 83' lang='lat' dir='ltr'>suadentique</span> <span class='ocrx_word' id='word_1_388' title='bbox 479 2135 584 2159; x_wconf 79' lang='lat' dir='ltr'>venas</span> <span class='ocrx_word' id='word_1_389' title='bbox 607 2127 816 2168; x_wconf 79' lang='lat' dir='ltr'>abrumpere</span> <span class='ocrx_word' id='word_1_390' title='bbox 835 2151 845 2167; x_wconf 91' lang='lat'>,</span> <span class='ocrx_word' id='word_1_391' title='bbox 871 2129 1026 2160; x_wconf 73' lang='lat' dir='ltr'>animum</span> <span class='ocrx_word' id='word_1_392' title='bbox 1041 2128 1180 2169; x_wconf 72' lang='lat' dir='ltr'>quidem</span> <span class='ocrx_word' id='word_1_393' title='bbox 1194 2131 1300 2161; x_wconf 81' lang='lat' dir='ltr'>morti</span> <span class='ocrx_word' id='word_1_394' title='bbox 1315 2128 1370 2161; x_wconf 84' lang='lat' dir='ltr'>de-</span> 
     </span>
    </p>
   </div>
   <div class='ocr_carea' id='block_1_4' title="bbox 42 2218 1369 2503">
    <p class='ocr_par' dir='ltr' id='par_1_8' title="bbox 42 2218 760 2248">
     <span class='ocr_line' id='line_1_42' title="bbox 42 2218 760 2248; baseline 0.007 -7"><span class='ocrx_word' id='word_1_395' title='bbox 42 2218 173 2242; x_wconf 81' lang='lat' dir='ltr'>suetonio</span> <span class='ocrx_word' id='word_1_396' title='bbox 186 2224 211 2242; x_wconf 81' lang='lat' dir='ltr'>c.</span> <span class='ocrx_word' id='word_1_397' title='bbox 224 2224 316 2243; x_wconf 73' lang='lat'>25.—⁴.</span> <span class='ocrx_word' id='word_1_398' title='bbox 326 2220 401 2245; x_wconf 90' lang='lat' dir='ltr'>Bello</span> <span class='ocrx_word' id='word_1_399' title='bbox 411 2221 440 2246; x_wconf 89' lang='lat' dir='ltr'>in</span> <span class='ocrx_word' id='word_1_400' title='bbox 449 2222 542 2247; x_wconf 82' lang='lat' dir='ltr'>Judaea</span> <span class='ocrx_word' id='word_1_401' title='bbox 555 2224 760 2248; x_wconf 82' lang='lat' dir='ltr'>exardescente.</span> 
     </span>
    </p>

    <p class='ocr_par' dir='ltr' id='par_1_9' title="bbox 42 2253 1369 2387">
     <span class='ocr_line' id='line_1_43' title="bbox 73 2253 1369 2290; baseline 0.009 -14"><span class='ocrx_word' id='word_1_402' title='bbox 73 2253 115 2277; x_wconf 85' lang='lat' dir='ltr'>Vl.</span> <span class='ocrx_word' id='word_1_403' title='bbox 133 2259 151 2276; x_wconf 88' lang='grc' dir='ltr'>ι.</span> <span class='ocrx_word' id='word_1_404' title='bbox 166 2254 217 2277; x_wconf 88' lang='lat' dir='ltr'>Per</span> <span class='ocrx_word' id='word_1_405' title='bbox 228 2260 357 2283; x_wconf 76' lang='lat' dir='ltr'>errorem,</span> <span class='ocrx_word' id='word_1_406' title='bbox 373 2259 403 2281; x_wconf 89' lang='lat' dir='ltr'>ut</span> <span class='ocrx_word' id='word_1_407' title='bbox 417 2258 532 2288; x_wconf 76' lang='lat' dir='ltr'>videtur,</span> <span class='ocrx_word' id='word_1_408' title='bbox 552 2259 631 2283; x_wconf 85' lang='lat' dir='ltr'>aliter</span> <span class='ocrx_word' id='word_1_409' title='bbox 651 2261 744 2283; x_wconf 84' lang='lat' dir='ltr'>narrat</span> <span class='ocrx_word' id='word_1_410' title='bbox 763 2259 873 2290; x_wconf 81' lang='lat' dir='ltr'>Plinius,</span> <span class='ocrx_word' id='word_1_411' title='bbox 887 2260 933 2290; x_wconf 89' lang='lat' dir='ltr'>qui</span> <span class='ocrx_word' id='word_1_412' title='bbox 949 2261 983 2285; x_wconf 87' lang='lat' dir='ltr'>de</span> <span class='ocrx_word' id='word_1_413' title='bbox 999 2261 1129 2285; x_wconf 83' lang='lat' dir='ltr'>aromatis</span> <span class='ocrx_word' id='word_1_414' title='bbox 1145 2261 1179 2285; x_wconf 88' lang='lat' dir='ltr'>ad</span> <span class='ocrx_word' id='word_1_415' title='bbox 1192 2264 1310 2289; x_wconf 83' lang='lat' dir='ltr'>urendos</span> <span class='ocrx_word' id='word_1_416' title='bbox 1323 2264 1369 2290; x_wconf 71' lang='lat' dir='ltr'>de-</span> 
     </span>
     <span class='ocr_line' id='line_1_44' title="bbox 43 2287 1368 2328; baseline 0.01 -17"><span class='ocrx_word' id='word_1_417' title='bbox 43 2287 153 2312; x_wconf 77' lang='lat' dir='ltr'>functos</span> <span class='ocrx_word' id='word_1_418' title='bbox 173 2289 300 2314; x_wconf 81' lang='lat' dir='ltr'>adhibitis</span> <span class='ocrx_word' id='word_1_419' title='bbox 317 2291 422 2316; x_wconf 81' lang='lat' dir='ltr'>locutus</span> <span class='ocrx_word' id='word_1_420' title='bbox 443 2293 526 2322; x_wconf 81' lang='lat' dir='ltr'>addit,</span> <span class='ocrx_word' id='word_1_421' title='bbox 540 2294 607 2318; x_wconf 77' lang='lat' dir='ltr'>nist.</span> <span class='ocrx_word' id='word_1_422' title='bbox 622 2296 680 2318; x_wconf 86' lang='lat' dir='ltr'>nat.</span> <span class='ocrx_word' id='word_1_423' title='bbox 701 2295 760 2324; x_wconf 72' lang='lat' dir='ltr'>XII,</span> <span class='ocrx_word' id='word_1_424' title='bbox 778 2300 812 2324; x_wconf 76' lang='grc' dir='ltr'>ιε,</span> <span class='ocrx_word' id='word_1_425' title='bbox 832 2300 857 2320; x_wconf 67' lang='grc' dir='ltr'>ιι</span> <span class='ocrx_word' id='word_1_426' title='bbox 872 2302 879 2319; x_wconf 89' lang='lat'>:</span> <span class='ocrx_word' id='word_1_427' title='bbox 893 2296 984 2321; x_wconf 72' lang='lat' dir='ltr'>Periti</span> <span class='ocrx_word' id='word_1_428' title='bbox 1002 2302 1104 2321; x_wconf 82' lang='lat' dir='ltr'>rerum</span> <span class='ocrx_word' id='word_1_429' title='bbox 1125 2297 1286 2328; x_wconf 75' lang='lat' dir='ltr'>affirmant,</span> <span class='ocrx_word' id='word_1_430' title='bbox 1310 2305 1368 2327; x_wconf 78' lang='lat' dir='ltr'>non</span> 
     </span>
     <span class='ocr_line' id='line_1_45' title="bbox 42 2322 1368 2366; baseline 0.011 -20"><span class='ocrx_word' id='word_1_431' title='bbox 42 2322 122 2350; x_wconf 80' lang='lat' dir='ltr'>ferre</span> <span class='ocrx_word' id='word_1_432' title='bbox 140 2325 254 2362; x_wconf 66' lang='lat' dir='ltr'>tantum</span> <span class='ocrx_word' id='word_1_433' title='bbox 272 2331 371 2351; x_wconf 79' lang='lat' dir='ltr'>annuo</span> <span class='ocrx_word' id='word_1_434' title='bbox 387 2328 463 2357; x_wconf 84' lang='lat' dir='ltr'>foetu</span> <span class='ocrx_word' id='word_1_435' title='bbox 479 2329 629 2361; x_wconf 81' lang='lat' dir='ltr'>Arabiam,</span> <span class='ocrx_word' id='word_1_436' title='bbox 652 2332 794 2361; x_wconf 76' lang='lat' dir='ltr'>quantum</span> <span class='ocrx_word' id='word_1_437' title='bbox 807 2331 884 2356; x_wconf 85' lang='lat' dir='ltr'>Nero</span> <span class='ocrx_word' id='word_1_438' title='bbox 908 2332 1044 2362; x_wconf 75' lang='lat' dir='ltr'>Princeps</span> <span class='ocrx_word' id='word_1_439' title='bbox 1068 2333 1223 2358; x_wconf 70' lang='lat' dir='ltr'>novissimo</span> <span class='ocrx_word' id='word_1_440' title='bbox 1240 2335 1368 2366; x_wconf 77' lang='lat' dir='ltr'>Poppoeoe</span> 
     </span>
     <span class='ocr_line' id='line_1_46' title="bbox 42 2358 404 2387; baseline 0.011 -6"><span class='ocrx_word' id='word_1_441' title='bbox 42 2361 103 2381; x_wconf 56' lang='grc' dir='ltr'>ενα)</span> <span class='ocrx_word' id='word_1_442' title='bbox 116 2358 162 2382; x_wconf 77' lang='lat' dir='ltr'>dre</span> <span class='ocrx_word' id='word_1_443' title='bbox 171 2364 220 2383; x_wconf 80' lang='lat' dir='ltr'>con</span> <span class='ocrx_word' id='word_1_444' title='bbox 225 2363 404 2387; x_wconf 71' lang='lat' dir='ltr'>cremaverit.</span> 
     </span>
    </p>

    <p class='ocr_par' dir='ltr' id='par_1_10' title="bbox 45 2392 1365 2464">
     <span class='ocr_line' id='line_1_47' title="bbox 76 2392 1365 2437; baseline 0.012 -21"><span class='ocrx_word' id='word_1_445' title='bbox 76 2392 129 2416; x_wconf 73' lang='lat' dir='ltr'>Vll.</span> <span class='ocrx_word' id='word_1_446' title='bbox 152 2399 172 2417; x_wconf 78' lang='grc' dir='ltr'>ι.</span> <span class='ocrx_word' id='word_1_447' title='bbox 194 2396 232 2418; x_wconf 89' lang='lat' dir='ltr'>De</span> <span class='ocrx_word' id='word_1_448' title='bbox 254 2395 306 2420; x_wconf 86' lang='lat' dir='ltr'>hoc</span> <span class='ocrx_word' id='word_1_449' title='bbox 326 2397 356 2421; x_wconf 90' lang='lat' dir='ltr'>C.</span> <span class='ocrx_word' id='word_1_450' title='bbox 380 2398 471 2423; x_wconf 84' lang='lat' dir='ltr'>cassio</span> <span class='ocrx_word' id='word_1_451' title='bbox 494 2400 622 2430; x_wconf 78' lang='lat' dir='ltr'>Longino,</span> <span class='ocrx_word' id='word_1_452' title='bbox 637 2402 665 2425; x_wconf 83' lang='lat' dir='ltr'>et</span> <span class='ocrx_word' id='word_1_453' title='bbox 678 2407 740 2425; x_wconf 79' lang='lat' dir='ltr'>mox</span> <span class='ocrx_word' id='word_1_454' title='bbox 762 2402 938 2427; x_wconf 85' lang='lat' dir='ltr'>memorando</span> <span class='ocrx_word' id='word_1_455' title='bbox 956 2403 984 2428; x_wconf 76' lang='lat'>1..</span> <span class='ocrx_word' id='word_1_456' title='bbox 1006 2402 1079 2428; x_wconf 73' lang='lat' dir='ltr'>sulio</span> <span class='ocrx_word' id='word_1_457' title='bbox 1104 2402 1196 2429; x_wconf 80' lang='lat' dir='ltr'>Silano</span> <span class='ocrx_word' id='word_1_458' title='bbox 1214 2411 1237 2429; x_wconf 84' lang='lat' dir='ltr'>v.</span> <span class='ocrx_word' id='word_1_459' title='bbox 1257 2407 1312 2437; x_wconf 84' lang='lat' dir='ltr'>XV,</span> <span class='ocrx_word' id='word_1_460' title='bbox 1327 2411 1365 2436; x_wconf 68' lang='grc' dir='ltr'>ω,</span> 
     </span>
     <span class='ocr_line' id='line_1_48' title="bbox 45 2426 892 2464; baseline 0.012 -14"><span class='ocrx_word' id='word_1_461' title='bbox 45 2426 156 2453; x_wconf 84' lang='lat' dir='ltr'>sueton.</span> <span class='ocrx_word' id='word_1_462' title='bbox 170 2434 193 2453; x_wconf 85' lang='lat' dir='ltr'>c.</span> <span class='ocrx_word' id='word_1_463' title='bbox 205 2435 294 2454; x_wconf 55' lang='lat' dir='ltr'>:sm—2.</span> <span class='ocrx_word' id='word_1_464' title='bbox 307 2432 356 2456; x_wconf 77' lang='lat' dir='ltr'>Avi</span> <span class='ocrx_word' id='word_1_465' title='bbox 369 2434 419 2462; x_wconf 87' lang='lat' dir='ltr'>sui,</span> <span class='ocrx_word' id='word_1_466' title='bbox 433 2439 465 2457; x_wconf 83' lang='lat' dir='ltr'>ex</span> <span class='ocrx_word' id='word_1_467' title='bbox 478 2436 684 2464; x_wconf 76' lang='lat' dir='ltr'>percussoribus</span> <span class='ocrx_word' id='word_1_468' title='bbox 695 2437 759 2461; x_wconf 84' lang='lat' dir='ltr'>Julii</span> <span class='ocrx_word' id='word_1_469' title='bbox 772 2437 892 2461; x_wconf 67' lang='lat' dir='ltr'>Caesaris.</span> 
     </span>
    </p>

    <p class='ocr_par' dir='ltr' id='par_1_11' title="bbox 75 2461 992 2503">
     <span class='ocr_line' id='line_1_49' title="bbox 75 2461 992 2503; baseline 0.012 -16"><span class='ocrx_word' id='word_1_470' title='bbox 75 2461 142 2489; x_wconf 79' lang='lat' dir='ltr'>vlu.</span> <span class='ocrx_word' id='word_1_471' title='bbox 158 2469 176 2488; x_wconf 86' lang='grc' dir='ltr'>ι.</span> <span class='ocrx_word' id='word_1_472' title='bbox 191 2465 257 2489; x_wconf 78' lang='lat' dir='ltr'>Vide</span> <span class='ocrx_word' id='word_1_473' title='bbox 268 2466 325 2496; x_wconf 79' lang='lat' dir='ltr'>XV,</span> <span class='ocrx_word' id='word_1_474' title='bbox 342 2466 436 2492; x_wconf 52' lang='lat' dir='ltr'>Sta—2.</span> <span class='ocrx_word' id='word_1_475' title='bbox 449 2469 631 2499; x_wconf 62' lang='lat' dir='ltr'>magicos—3.</span> <span class='ocrx_word' id='word_1_476' title='bbox 643 2471 717 2495; x_wconf 82' lang='lat' dir='ltr'>Plinii</span> <span class='ocrx_word' id='word_1_477' title='bbox 727 2472 842 2501; x_wconf 81' lang='lat' dir='ltr'>junioris</span> <span class='ocrx_word' id='word_1_478' title='bbox 857 2478 992 2503; x_wconf 82' lang='lat' dir='ltr'>prosocer-</span> 
     </span>
    </p>
   </div>
  </div>
 </body>
</html>
