<?xml version="1.0" encoding="UTF-8"?>
<!DOCTYPE html PUBLIC "-//W3C//DTD XHTML 1.0 Transitional//EN"
    "http://www.w3.org/TR/xhtml1/DTD/xhtml1-transitional.dtd">
<html xmlns="http://www.w3.org/1999/xhtml" xml:lang="en" lang="en">
 <head>
  <title>
</title>
<meta http-equiv="Content-Type" content="text/html;charset=utf-8" />
  <meta name='ocr-system' content='tesseract 3.04.00' />
  <meta name='ocr-capabilities' content='ocr_page ocr_carea ocr_par ocr_line ocrx_word'/>
</head>
<body>
  <div class='ocr_page' id='page_1' title='image "./operaquaesupersu00taciuoft/operaquaesupersu00taciuoft_0356.png"; bbox 0 0 1539 2668; ppageno 0'>
   <div class='ocr_carea' id='block_1_1' title="bbox 116 129 1077 167">
    <p class='ocr_par' dir='ltr' id='par_1_1' title="bbox 116 129 1077 167">
     <span class='ocr_line' id='line_1_1' title="bbox 116 129 1077 167; baseline -0.009 0"><span class='ocrx_word' id='word_1_1' title='bbox 116 136 181 167; x_wconf 82' lang='lat'>324</span> <span class='ocrx_word' id='word_1_2' title='bbox 484 130 616 161; x_wconf 77' lang='lat' dir='ltr'>TACITI</span> <span class='ocrx_word' id='word_1_3' title='bbox 640 129 916 160; x_wconf 73' lang='lat' dir='ltr'>ms&#39;rORIARUM</span> <span class='ocrx_word' id='word_1_4' title='bbox 937 129 1012 158; x_wconf 70' lang='grc' dir='ltr'>ΠΒ.</span> <span class='ocrx_word' id='word_1_5' title='bbox 1036 129 1077 159; x_wconf 87' lang='lat'>11.</span> 
     </span>
    </p>
   </div>
   <div class='ocr_carea' id='block_1_2' title="bbox 112 202 1454 1286">
    <p class='ocr_par' dir='ltr' id='par_1_2' title="bbox 113 202 1451 484">
     <span class='ocr_line' id='line_1_2' title="bbox 118 202 1451 252; baseline -0.003 -9"><span class='ocrx_word' id='word_1_6' title='bbox 118 217 293 252; x_wconf 85' lang='lat' dir='ltr'>progessus</span> <span class='ocrx_word' id='word_1_7' title='bbox 302 214 491 249; x_wconf 82' lang='lat' dir='ltr'>prosperas</span> <span class='ocrx_word' id='word_1_8' title='bbox 507 203 606 246; x_wconf 78' lang='lat' dir='ltr'>apud</span> <span class='ocrx_word' id='word_1_9' title='bbox 622 203 831 237; x_wconf 76' lang='lat' dir='ltr'><em>Bedriacum</em></span> <span class='ocrx_word' id='word_1_10' title='bbox 850 212 905 236; x_wconf 84' lang='lat' dir='ltr'>res</span> <span class='ocrx_word' id='word_1_11' title='bbox 927 212 967 235; x_wconf 89' lang='lat' dir='ltr'>ac</span> <span class='ocrx_word' id='word_1_12' title='bbox 981 205 1088 235; x_wconf 81' lang='lat' dir='ltr'>morte</span> <span class='ocrx_word' id='word_1_13' title='bbox 1107 202 1249 235; x_wconf 73' lang='lat' dir='ltr'>othonis</span> <span class='ocrx_word' id='word_1_14' title='bbox 1265 204 1451 239; x_wconf 76' lang='lat' dir='ltr'><em>concidisse</em></span> 
     </span>
     <span class='ocr_line' id='line_1_3' title="bbox 114 250 1447 295; baseline -0.005 -4"><span class='ocrx_word' id='word_1_15' title='bbox 114 259 251 291; x_wconf 67' lang='lat' dir='ltr'>bellum</span> <span class='ocrx_word' id='word_1_16' title='bbox 281 254 418 295; x_wconf 86' lang='lat' dir='ltr'>accepit.</span> <span class='ocrx_word' id='word_1_17' title='bbox 443 256 562 285; x_wconf 87' lang='lat' dir='ltr'>vocata</span> <span class='ocrx_word' id='word_1_18' title='bbox 588 252 745 283; x_wconf 84' lang='lat' dir='ltr'>concione</span> <span class='ocrx_word' id='word_1_19' title='bbox 773 251 929 284; x_wconf 85' lang='lat' dir='ltr'>virtutem</span> <span class='ocrx_word' id='word_1_20' title='bbox 950 251 1091 283; x_wconf 91' lang='lat' dir='ltr'>militum</span> <span class='ocrx_word' id='word_1_21' title='bbox 1113 250 1262 282; x_wconf 84' lang='lat' dir='ltr'>laudibus</span> <span class='ocrx_word' id='word_1_22' title='bbox 1290 252 1447 285; x_wconf 79' lang='lat' dir='ltr'><strong>cumulat.</strong></span> 
     </span>
     <span class='ocr_line' id='line_1_4' title="bbox 116 298 1451 346; baseline -0.004 -10"><span class='ocrx_word' id='word_1_23' title='bbox 116 305 304 346; x_wconf 81' lang='lat' dir='ltr'>postulante</span> <span class='ocrx_word' id='word_1_24' title='bbox 333 301 479 334; x_wconf 84' lang='lat' dir='ltr'>exercitu</span> <span class='ocrx_word' id='word_1_25' title='bbox 504 302 545 333; x_wconf 80' lang='lat' dir='ltr'>ut</span> <span class='ocrx_word' id='word_1_26' title='bbox 568 300 733 332; x_wconf 67' lang='lat' dir='ltr'>libertum</span> <span class='ocrx_word' id='word_1_27' title='bbox 756 307 860 331; x_wconf 84' lang='lat' dir='ltr'>suum</span> <span class='ocrx_word' id='word_1_28' title='bbox 884 300 1073 331; x_wconf 72' lang='lat' dir='ltr'>Asiaticum</span> <span class='ocrx_word' id='word_1_29' title='bbox 1095 300 1246 339; x_wconf 63' lang='lat' dir='ltr'>equestri</span> <span class='ocrx_word' id='word_1_30' title='bbox 1276 298 1451 339; x_wconf 67' lang='lat' dir='ltr'>dionitate</span> 
     </span>
     <span class='ocr_line' id='line_1_5' title="bbox 119 346 1449 390; baseline -0.006 -6"><span class='ocrx_word' id='word_1_31' title='bbox 119 353 284 390; x_wconf 78' lang='lat' dir='ltr'>donaret,</span> <span class='ocrx_word' id='word_1_32' title='bbox 310 350 514 381; x_wconf 82' lang='lat' dir='ltr'>inhonestam</span> <span class='ocrx_word' id='word_1_33' title='bbox 540 346 761 379; x_wconf 83' lang='lat' dir='ltr'>adulationem</span> <span class='ocrx_word' id='word_1_34' title='bbox 787 347 974 386; x_wconf 80' lang='lat' dir='ltr'>compescit.</span> <span class='ocrx_word' id='word_1_35' title='bbox 1000 346 1075 377; x_wconf 89' lang='lat' dir='ltr'>dein</span> <span class='ocrx_word' id='word_1_36' title='bbox 1102 346 1282 377; x_wconf 76' lang='lat' dir='ltr'>mobilitate</span> <span class='ocrx_word' id='word_1_37' title='bbox 1307 346 1449 386; x_wconf 85' lang='lat' dir='ltr'>ingenii,</span> 
     </span>
     <span class='ocr_line' id='line_1_6' title="bbox 113 393 1450 439; baseline -0.004 -9"><span class='ocrx_word' id='word_1_38' title='bbox 113 398 205 438; x_wconf 82' lang='lat' dir='ltr'>-quod</span> <span class='ocrx_word' id='word_1_39' title='bbox 223 398 330 439; x_wconf 88' lang='lat' dir='ltr'>palam</span> <span class='ocrx_word' id='word_1_40' title='bbox 354 396 530 433; x_wconf 81' lang='lat' dir='ltr'>abnuerat,</span> <span class='ocrx_word' id='word_1_41' title='bbox 549 395 634 425; x_wconf 90' lang='lat' dir='ltr'>inter</span> <span class='ocrx_word' id='word_1_42' title='bbox 650 397 774 425; x_wconf 89' lang='lat' dir='ltr'>secreta</span> <span class='ocrx_word' id='word_1_43' title='bbox 790 393 935 425; x_wconf 83' lang='lat' dir='ltr'>convivii</span> <span class='ocrx_word' id='word_1_44' title='bbox 955 393 1090 433; x_wconf 89' lang='lat' dir='ltr'>largitur</span> <span class='ocrx_word' id='word_1_45' title='bbox 1104 393 1342 434; x_wconf 82' lang='lat' dir='ltr'>honoravitque</span> <span class='ocrx_word' id='word_1_46' title='bbox 1358 393 1450 425; x_wconf 78' lang='lat' dir='ltr'>Asia·</span> 
     </span>
     <span class='ocr_line' id='line_1_7' title="bbox 116 440 1292 484; baseline -0.005 -7"><span class='ocrx_word' id='word_1_47' title='bbox 116 445 220 477; x_wconf 87' lang='lat' dir='ltr'>ticum</span> <span class='ocrx_word' id='word_1_48' title='bbox 238 445 365 476; x_wconf 89' lang='lat' dir='ltr'>annulis</span> <span class='ocrx_word' id='word_1_49' title='bbox 376 443 403 484; x_wconf 75' lang='lat'>³,</span> <span class='ocrx_word' id='word_1_50' title='bbox 420 442 543 474; x_wconf 82' lang='lat' dir='ltr'>foedum</span> <span class='ocrx_word' id='word_1_51' title='bbox 558 440 760 481; x_wconf 81' lang='lat' dir='ltr'>mancipium</span> <span class='ocrx_word' id='word_1_52' title='bbox 777 445 810 472; x_wconf 91' lang='lat' dir='ltr'>et</span> <span class='ocrx_word' id='word_1_53' title='bbox 823 441 918 472; x_wconf 86' lang='lat' dir='ltr'>malis</span> <span class='ocrx_word' id='word_1_54' title='bbox 931 441 1056 472; x_wconf 87' lang='lat' dir='ltr'>artibus</span> <span class='ocrx_word' id='word_1_55' title='bbox 1073 441 1292 472; x_wconf 85' lang='lat' dir='ltr'>ambitiosum.</span> 
     </span>
    </p>

    <p class='ocr_par' dir='ltr' id='par_1_3' title="bbox 112 489 1454 1052">
     <span class='ocr_line' id='line_1_8' title="bbox 158 489 1452 530; baseline -0.004 -5"><span class='ocrx_word' id='word_1_56' title='bbox 158 498 266 525; x_wconf 85' lang='lat' dir='ltr'>LVIII.</span> <span class='ocrx_word' id='word_1_57' title='bbox 289 492 405 524; x_wconf 89' lang='lat' dir='ltr'>Iisdem</span> <span class='ocrx_word' id='word_1_58' title='bbox 420 490 535 522; x_wconf 86' lang='lat' dir='ltr'>diebus</span> <span class='ocrx_word' id='word_1_59' title='bbox 555 492 731 521; x_wconf 73' lang='lat' dir='ltr'>accessisse</span> <span class='ocrx_word' id='word_1_60' title='bbox 741 489 906 530; x_wconf 68' lang='lat' dir='ltr'>parabus</span> <span class='ocrx_word' id='word_1_61' title='bbox 922 491 1108 529; x_wconf 77' lang='lat' dir='ltr'>utramque</span> <span class='ocrx_word' id='word_1_62' title='bbox 1125 491 1387 521; x_wconf 77' lang='lat' dir='ltr'>Mauretaniam</span> <span class='ocrx_word' id='word_1_63' title='bbox 1400 490 1452 520; x_wconf 66' lang='grc' dir='ltr'>ἐπ·</span> 
     </span>
     <span class='ocr_line' id='line_1_9' title="bbox 116 536 1451 582; baseline -0.005 -9"><span class='ocrx_word' id='word_1_64' title='bbox 116 541 266 582; x_wconf 65' lang='lat' dir='ltr'>terfecto</span> <span class='ocrx_word' id='word_1_65' title='bbox 285 540 513 580; x_wconf 71' lang='lat' dir='ltr'>proc-aratore</span> <span class='ocrx_word' id='word_1_66' title='bbox 539 537 659 570; x_wconf 75' lang='lat' dir='ltr'>Albino</span> <span class='ocrx_word' id='word_1_67' title='bbox 683 537 791 569; x_wconf 90' lang='lat' dir='ltr'>nuntii</span> <span class='ocrx_word' id='word_1_68' title='bbox 814 545 942 569; x_wconf 80' lang='lat' dir='ltr'>venere.</span> <span class='ocrx_word' id='word_1_69' title='bbox 967 537 1122 568; x_wconf 80' lang='lat' dir='ltr'>Lucceius</span> <span class='ocrx_word' id='word_1_70' title='bbox 1138 536 1273 568; x_wconf 85' lang='lat' dir='ltr'>Albinus</span> <span class='ocrx_word' id='word_1_71' title='bbox 1289 546 1307 568; x_wconf 89' lang='lat' dir='ltr'>a</span> <span class='ocrx_word' id='word_1_72' title='bbox 1324 541 1451 568; x_wconf 83' lang='lat' dir='ltr'>Nerone</span> 
     </span>
     <span class='ocr_line' id='line_1_10' title="bbox 116 584 1451 625; baseline -0.005 -5"><span class='ocrx_word' id='word_1_73' title='bbox 116 589 327 620; x_wconf 64' lang='lat' dir='ltr'>Mauretaniae</span> <span class='ocrx_word' id='word_1_74' title='bbox 351 585 539 619; x_wconf 77' lang='lat' dir='ltr'>Caesariensi</span> <span class='ocrx_word' id='word_1_75' title='bbox 564 585 785 625; x_wconf 87' lang='lat' dir='ltr'>praepositus,</span> <span class='ocrx_word' id='word_1_76' title='bbox 802 584 911 616; x_wconf 89' lang='lat' dir='ltr'>addita</span> <span class='ocrx_word' id='word_1_77' title='bbox 936 593 993 624; x_wconf 87' lang='lat' dir='ltr'>per</span> <span class='ocrx_word' id='word_1_78' title='bbox 1016 584 1148 616; x_wconf 87' lang='lat' dir='ltr'>Galbam</span> <span class='ocrx_word' id='word_1_79' title='bbox 1172 585 1352 623; x_wconf 78' lang='lat' dir='ltr'>Tingitanae</span> <span class='ocrx_word' id='word_1_80' title='bbox 1378 591 1451 624; x_wconf 87' lang='lat' dir='ltr'>pro-</span> 
     </span>
     <span class='ocr_line' id='line_1_11' title="bbox 112 631 1451 673; baseline -0.003 -7"><span class='ocrx_word' id='word_1_81' title='bbox 112 636 234 667; x_wconf 82' lang='lat' dir='ltr'>vinciae</span> <span class='ocrx_word' id='word_1_82' title='bbox 256 634 559 673; x_wconf 83' lang='lat' dir='ltr'>administratione,</span> <span class='ocrx_word' id='word_1_83' title='bbox 584 633 671 664; x_wconf 91' lang='lat' dir='ltr'>haud</span> <span class='ocrx_word' id='word_1_84' title='bbox 699 631 890 672; x_wconf 85' lang='lat' dir='ltr'>spernendis</span> <span class='ocrx_word' id='word_1_85' title='bbox 914 631 1041 662; x_wconf 83' lang='lat' dir='ltr'>viribus</span> <span class='ocrx_word' id='word_1_86' title='bbox 1057 632 1182 671; x_wconf 83' lang='lat' dir='ltr'>agebat.</span> <span class='ocrx_word' id='word_1_87' title='bbox 1202 632 1314 663; x_wconf 88' lang='lat' dir='ltr'>decem</span> <span class='ocrx_word' id='word_1_88' title='bbox 1331 639 1451 663; x_wconf 83' lang='lat' dir='ltr'>novem</span> 
     </span>
     <span class='ocr_line' id='line_1_12' title="bbox 113 679 1452 723; baseline -0.003 -8"><span class='ocrx_word' id='word_1_89' title='bbox 113 684 266 715; x_wconf 82' lang='lat' dir='ltr'>cohortes</span> <span class='ocrx_word' id='word_1_90' title='bbox 277 708 286 723; x_wconf 92' lang='lat'>‚</span> <span class='ocrx_word' id='word_1_91' title='bbox 304 682 450 723; x_wconf 84' lang='lat' dir='ltr'>quinque</span> <span class='ocrx_word' id='word_1_92' title='bbox 463 681 523 712; x_wconf 89' lang='lat' dir='ltr'>alae</span> <span class='ocrx_word' id='word_1_93' title='bbox 537 705 545 720; x_wconf 92' lang='lat'>,</span> <span class='ocrx_word' id='word_1_94' title='bbox 561 680 675 720; x_wconf 84' lang='lat' dir='ltr'>ingens</span> <span class='ocrx_word' id='word_1_95' title='bbox 689 684 878 711; x_wconf 88' lang='lat' dir='ltr'>Maurorum</span> <span class='ocrx_word' id='word_1_96' title='bbox 896 687 1050 710; x_wconf 90' lang='lat' dir='ltr'>numerus</span> <span class='ocrx_word' id='word_1_97' title='bbox 1065 679 1195 718; x_wconf 83' lang='lat' dir='ltr'>aderat,</span> <span class='ocrx_word' id='word_1_98' title='bbox 1214 688 1269 718; x_wconf 80' lang='lat' dir='ltr'>per</span> <span class='ocrx_word' id='word_1_99' title='bbox 1284 680 1452 711; x_wconf 84' lang='lat' dir='ltr'>latrocinia</span> 
     </span>
     <span class='ocr_line' id='line_1_13' title="bbox 114 726 1452 770; baseline -0.002 -9"><span class='ocrx_word' id='word_1_100' title='bbox 114 731 147 761; x_wconf 84' lang='lat' dir='ltr'>et</span> <span class='ocrx_word' id='word_1_101' title='bbox 169 732 280 770; x_wconf 86' lang='lat' dir='ltr'>raptus</span> <span class='ocrx_word' id='word_1_102' title='bbox 300 732 377 770; x_wconf 83' lang='lat' dir='ltr'>apta</span> <span class='ocrx_word' id='word_1_103' title='bbox 393 728 478 760; x_wconf 90' lang='lat' dir='ltr'>bello</span> <span class='ocrx_word' id='word_1_104' title='bbox 504 736 631 759; x_wconf 87' lang='lat' dir='ltr'>manus.</span> <span class='ocrx_word' id='word_1_105' title='bbox 656 736 742 758; x_wconf 79' lang='lat' dir='ltr'>caeso</span> <span class='ocrx_word' id='word_1_106' title='bbox 760 726 859 758; x_wconf 86' lang='lat' dir='ltr'>Galba</span> <span class='ocrx_word' id='word_1_107' title='bbox 875 726 908 756; x_wconf 91' lang='lat' dir='ltr'>in</span> <span class='ocrx_word' id='word_1_108' title='bbox 929 726 1092 757; x_wconf 88' lang='lat' dir='ltr'>Othonem</span> <span class='ocrx_word' id='word_1_109' title='bbox 1120 735 1242 766; x_wconf 89' lang='lat' dir='ltr'>pronus</span> <span class='ocrx_word' id='word_1_110' title='bbox 1264 734 1323 757; x_wconf 87' lang='lat' dir='ltr'>nec</span> <span class='ocrx_word' id='word_1_111' title='bbox 1345 727 1452 758; x_wconf 81' lang='lat' dir='ltr'>Africa.</span> 
     </span>
     <span class='ocr_line' id='line_1_14' title="bbox 115 772 1452 817; baseline -0.003 -9"><span class='ocrx_word' id='word_1_112' title='bbox 115 779 288 809; x_wconf 84' lang='lat' dir='ltr'>contentus</span> <span class='ocrx_word' id='word_1_113' title='bbox 306 776 468 817; x_wconf 63' lang='lat' dir='ltr'>Hispaniae</span> <span class='ocrx_word' id='word_1_114' title='bbox 485 775 623 814; x_wconf 83' lang='lat' dir='ltr'>angusto</span> <span class='ocrx_word' id='word_1_115' title='bbox 640 774 725 805; x_wconf 81' lang='lat' dir='ltr'>freto</span> <span class='ocrx_word' id='word_1_116' title='bbox 742 773 913 814; x_wconf 83' lang='lat' dir='ltr'>diremptae</span> <span class='ocrx_word' id='word_1_117' title='bbox 928 772 1130 804; x_wconf 83' lang='lat' dir='ltr'>imminebat.</span> <span class='ocrx_word' id='word_1_118' title='bbox 1150 773 1225 804; x_wconf 84' lang='lat' dir='ltr'>inde</span> <span class='ocrx_word' id='word_1_119' title='bbox 1242 773 1356 804; x_wconf 92' lang='lat' dir='ltr'>Cluvio</span> <span class='ocrx_word' id='word_1_120' title='bbox 1369 773 1452 804; x_wconf 82' lang='lat' dir='ltr'>Rufo</span> 
     </span>
     <span class='ocr_line' id='line_1_15' title="bbox 114 820 1454 865; baseline -0.004 -8"><span class='ocrx_word' id='word_1_121' title='bbox 114 827 243 865; x_wconf 82' lang='lat' dir='ltr'>metus3</span> <span class='ocrx_word' id='word_1_122' title='bbox 272 827 303 856; x_wconf 82' lang='lat' dir='ltr'>et</span> <span class='ocrx_word' id='word_1_123' title='bbox 332 825 502 856; x_wconf 75' lang='lat' dir='ltr'>decimam</span> <span class='ocrx_word' id='word_1_124' title='bbox 530 823 697 863; x_wconf 72' lang='lat' dir='ltr'>leyionem</span> <span class='ocrx_word' id='word_1_125' title='bbox 718 822 963 862; x_wconf 73' lang='lat' dir='ltr'>propinquare</span> <span class='ocrx_word' id='word_1_126' title='bbox 991 820 1101 851; x_wconf 75' lang='lat' dir='ltr'>littori</span> <span class='ocrx_word' id='word_1_127' title='bbox 1138 823 1173 851; x_wconf 85' lang='lat' dir='ltr'>ut</span> <span class='ocrx_word' id='word_1_128' title='bbox 1197 820 1454 852; x_wconf 81' lang='lat' dir='ltr'>transmissurus</span> 
     </span>
     <span class='ocr_line' id='line_1_16' title="bbox 112 867 1449 912; baseline -0.004 -9"><span class='ocrx_word' id='word_1_129' title='bbox 112 873 222 912; x_wconf 84' lang='lat' dir='ltr'>jussit.</span> <span class='ocrx_word' id='word_1_130' title='bbox 244 871 402 911; x_wconf 77' lang='lat' dir='ltr'>praemissi</span> <span class='ocrx_word' id='word_1_131' title='bbox 420 870 625 902; x_wconf 84' lang='lat' dir='ltr'>centuriones</span> <span class='ocrx_word' id='word_1_132' title='bbox 643 868 700 908; x_wconf 86' lang='lat' dir='ltr'>qui</span> <span class='ocrx_word' id='word_1_133' title='bbox 724 870 915 899; x_wconf 85' lang='lat' dir='ltr'>Maurorum</span> <span class='ocrx_word' id='word_1_134' title='bbox 934 867 1062 898; x_wconf 87' lang='lat' dir='ltr'>animos</span> <span class='ocrx_word' id='word_1_135' title='bbox 1084 867 1212 898; x_wconf 80' lang='lat' dir='ltr'>Vitellio</span> <span class='ocrx_word' id='word_1_136' title='bbox 1229 867 1449 898; x_wconf 81' lang='lat' dir='ltr'>conciliarent.</span> 
     </span>
     <span class='ocr_line' id='line_1_17' title="bbox 114 913 1451 959; baseline -0.004 -9"><span class='ocrx_word' id='word_1_137' title='bbox 114 928 221 959; x_wconf 75' lang='lat' dir='ltr'>neque</span> <span class='ocrx_word' id='word_1_138' title='bbox 236 918 375 950; x_wconf 88' lang='lat' dir='ltr'>arduum</span> <span class='ocrx_word' id='word_1_139' title='bbox 390 918 465 956; x_wconf 83' lang='lat' dir='ltr'>fuit,</span> <span class='ocrx_word' id='word_1_140' title='bbox 480 925 598 956; x_wconf 82' lang='lat' dir='ltr'>magna</span> <span class='ocrx_word' id='word_1_141' title='bbox 612 924 671 955; x_wconf 89' lang='lat' dir='ltr'>per</span> <span class='ocrx_word' id='word_1_142' title='bbox 686 914 870 955; x_wconf 89' lang='lat' dir='ltr'>provincias</span> <span class='ocrx_word' id='word_1_143' title='bbox 881 913 1063 946; x_wconf 88' lang='lat' dir='ltr'>Germanici</span> <span class='ocrx_word' id='word_1_144' title='bbox 1079 914 1242 946; x_wconf 69' lang='lat' dir='ltr'>exercitus</span> <span class='ocrx_word' id='word_1_145' title='bbox 1258 914 1352 946; x_wconf 80' lang='lat' dir='ltr'>sama.</span> <span class='ocrx_word' id='word_1_146' title='bbox 1365 923 1451 954; x_wconf 88' lang='lat' dir='ltr'>spar-</span> 
     </span>
     <span class='ocr_line' id='line_1_18' title="bbox 115 960 1454 1006; baseline -0.002 -9"><span class='ocrx_word' id='word_1_147' title='bbox 115 965 252 1004; x_wconf 81' lang='lat' dir='ltr'>gebatur</span> <span class='ocrx_word' id='word_1_148' title='bbox 265 966 408 1006; x_wconf 86' lang='lat' dir='ltr'>insuper,</span> <span class='ocrx_word' id='word_1_149' title='bbox 425 966 541 1005; x_wconf 75' lang='lat' dir='ltr'>spreto</span> <span class='ocrx_word' id='word_1_150' title='bbox 551 963 795 1003; x_wconf 72' lang='lat' dir='ltr'>procuratoris</span> <span class='ocrx_word' id='word_1_151' title='bbox 811 960 977 993; x_wconf 78' lang='lat' dir='ltr'>vocabulo</span> <span class='ocrx_word' id='word_1_152' title='bbox 991 960 1153 993; x_wconf 72' lang='lat' dir='ltr'>Albinum</span> <span class='ocrx_word' id='word_1_153' title='bbox 1170 963 1302 1002; x_wconf 70' lang='lat' dir='ltr'>insigme</span> <span class='ocrx_word' id='word_1_154' title='bbox 1318 964 1404 1002; x_wconf 69' lang='lat' dir='ltr'>reqis</span> <span class='ocrx_word' id='word_1_155' title='bbox 1419 964 1454 994; x_wconf 76' lang='lat' dir='ltr'>et</span> 
     </span>
     <span class='ocr_line' id='line_1_19' title="bbox 115 1013 561 1052; baseline -0.002 -9"><span class='ocrx_word' id='word_1_156' title='bbox 115 1013 218 1045; x_wconf 74' lang='lat' dir='ltr'><strong><em>Juboe</em></strong></span> <span class='ocrx_word' id='word_1_157' title='bbox 235 1021 356 1045; x_wconf 82' lang='lat' dir='ltr'>nomen</span> <span class='ocrx_word' id='word_1_158' title='bbox 373 1018 561 1052; x_wconf 69' lang='lat' dir='ltr'>usw&#39;pare.</span> 
     </span>
    </p>

    <p class='ocr_par' dir='ltr' id='par_1_4' title="bbox 115 1055 1454 1286">
     <span class='ocr_line' id='line_1_20' title="bbox 157 1055 1452 1096; baseline -0.004 -4"><span class='ocrx_word' id='word_1_159' title='bbox 157 1065 235 1092; x_wconf 81' lang='lat' dir='ltr'>LIX.</span> <span class='ocrx_word' id='word_1_160' title='bbox 262 1058 310 1092; x_wconf 75' lang='lat' dir='ltr'>ita</span> <span class='ocrx_word' id='word_1_161' title='bbox 326 1060 461 1091; x_wconf 84' lang='lat' dir='ltr'>mutatis</span> <span class='ocrx_word' id='word_1_162' title='bbox 478 1057 594 1089; x_wconf 89' lang='lat' dir='ltr'>animis</span> <span class='ocrx_word' id='word_1_163' title='bbox 611 1056 745 1088; x_wconf 85' lang='lat' dir='ltr'>Asinius</span> <span class='ocrx_word' id='word_1_164' title='bbox 763 1055 865 1087; x_wconf 90' lang='lat' dir='ltr'>Pollio</span> <span class='ocrx_word' id='word_1_165' title='bbox 877 1080 886 1095; x_wconf 87' lang='lat'>‚</span> <span class='ocrx_word' id='word_1_166' title='bbox 907 1056 966 1087; x_wconf 81' lang='lat' dir='ltr'>alae</span> <span class='ocrx_word' id='word_1_167' title='bbox 983 1055 1158 1096; x_wconf 79' lang='lat' dir='ltr'>praefectus</span> <span class='ocrx_word' id='word_1_168' title='bbox 1175 1065 1191 1087; x_wconf 93' lang='lat' dir='ltr'>e</span> <span class='ocrx_word' id='word_1_169' title='bbox 1209 1056 1375 1088; x_wconf 84' lang='lat' dir='ltr'>fidissimis</span> <span class='ocrx_word' id='word_1_170' title='bbox 1396 1056 1452 1088; x_wconf 77' lang='lat' dir='ltr'>Al-</span> 
     </span>
     <span class='ocr_line' id='line_1_21' title="bbox 115 1102 1454 1147; baseline -0.004 -8"><span class='ocrx_word' id='word_1_171' title='bbox 115 1107 194 1139; x_wconf 89' lang='lat' dir='ltr'>bino</span> <span class='ocrx_word' id='word_1_172' title='bbox 209 1132 218 1147; x_wconf 91' lang='lat'>,</span> <span class='ocrx_word' id='word_1_173' title='bbox 236 1111 267 1139; x_wconf 86' lang='lat' dir='ltr'>et</span> <span class='ocrx_word' id='word_1_174' title='bbox 280 1109 394 1139; x_wconf 87' lang='lat' dir='ltr'>Festus</span> <span class='ocrx_word' id='word_1_175' title='bbox 413 1116 449 1137; x_wconf 90' lang='lat' dir='ltr'>ac</span> <span class='ocrx_word' id='word_1_176' title='bbox 468 1105 575 1146; x_wconf 82' lang='lat' dir='ltr'>Scipio</span> <span class='ocrx_word' id='word_1_177' title='bbox 592 1103 776 1135; x_wconf 84' lang='lat' dir='ltr'>cohortium</span> <span class='ocrx_word' id='word_1_178' title='bbox 792 1103 937 1143; x_wconf 84' lang='lat' dir='ltr'>praefecti</span> <span class='ocrx_word' id='word_1_179' title='bbox 957 1102 1196 1143; x_wconf 87' lang='lat' dir='ltr'>opprimuntur.</span> <span class='ocrx_word' id='word_1_180' title='bbox 1213 1103 1281 1144; x_wconf 84' lang='lat' dir='ltr'>ipse</span> <span class='ocrx_word' id='word_1_181' title='bbox 1298 1103 1430 1135; x_wconf 83' lang='lat' dir='ltr'>Albinus</span> <span class='ocrx_word' id='word_1_182' title='bbox 1442 1126 1454 1142; x_wconf 86' lang='lat'>,</span> 
     </span>
     <span class='ocr_line' id='line_1_22' title="bbox 116 1149 1454 1194; baseline -0.004 -7"><span class='ocrx_word' id='word_1_183' title='bbox 116 1157 195 1188; x_wconf 91' lang='lat' dir='ltr'>dum</span> <span class='ocrx_word' id='word_1_184' title='bbox 216 1165 233 1186; x_wconf 92' lang='lat' dir='ltr'>e</span> <span class='ocrx_word' id='word_1_185' title='bbox 254 1154 424 1194; x_wconf 80' lang='lat' dir='ltr'>Tingitana</span> <span class='ocrx_word' id='word_1_186' title='bbox 439 1152 610 1193; x_wconf 85' lang='lat' dir='ltr'>provincia</span> <span class='ocrx_word' id='word_1_187' title='bbox 628 1149 859 1182; x_wconf 74' lang='lat' dir='ltr'>caesariensem</span> <span class='ocrx_word' id='word_1_188' title='bbox 875 1149 1109 1181; x_wconf 83' lang='lat' dir='ltr'>Mauretaniam</span> <span class='ocrx_word' id='word_1_189' title='bbox 1126 1150 1225 1190; x_wconf 74' lang='lat' dir='ltr'>petit,</span> <span class='ocrx_word' id='word_1_190' title='bbox 1242 1151 1381 1191; x_wconf 84' lang='lat' dir='ltr'>appulsu</span> <span class='ocrx_word' id='word_1_191' title='bbox 1399 1151 1454 1182; x_wconf 89' lang='lat' dir='ltr'>lit-</span> 
     </span>
     <span class='ocr_line' id='line_1_23' title="bbox 115 1197 1454 1237; baseline -0.004 -3"><span class='ocrx_word' id='word_1_192' title='bbox 115 1204 197 1234; x_wconf 86' lang='lat' dir='ltr'>toris</span> <span class='ocrx_word' id='word_1_193' title='bbox 216 1203 222 1219; x_wconf 92' lang='lat'><strong>¹</strong></span> <span class='ocrx_word' id='word_1_194' title='bbox 253 1202 441 1232; x_wconf 83' lang='lat' dir='ltr'>trucidatus.</span> <span class='ocrx_word' id='word_1_195' title='bbox 462 1209 544 1230; x_wconf 77' lang='lat' dir='ltr'>uxor</span> <span class='ocrx_word' id='word_1_196' title='bbox 566 1198 635 1237; x_wconf 82' lang='lat' dir='ltr'>ejus</span> <span class='ocrx_word' id='word_1_197' title='bbox 649 1221 657 1236; x_wconf 87' lang='lat'>‚</span> <span class='ocrx_word' id='word_1_198' title='bbox 677 1206 782 1236; x_wconf 91' lang='lat' dir='ltr'>quum</span> <span class='ocrx_word' id='word_1_199' title='bbox 807 1206 841 1228; x_wconf 92' lang='lat' dir='ltr'>se</span> <span class='ocrx_word' id='word_1_200' title='bbox 861 1197 1107 1237; x_wconf 87' lang='lat' dir='ltr'>percussoribus</span> <span class='ocrx_word' id='word_1_201' title='bbox 1132 1197 1328 1236; x_wconf 81' lang='lat' dir='ltr'>obtulisset,</span> <span class='ocrx_word' id='word_1_202' title='bbox 1354 1197 1454 1230; x_wconf 89' lang='lat' dir='ltr'>simul</span> 
     </span>
     <span class='ocr_line' id='line_1_24' title="bbox 116 1245 1454 1286; baseline -0.004 -5"><span class='ocrx_word' id='word_1_203' title='bbox 116 1250 287 1281; x_wconf 80' lang='lat' dir='ltr'>interfecta</span> <span class='ocrx_word' id='word_1_204' title='bbox 309 1250 367 1280; x_wconf 87' lang='lat' dir='ltr'>est.</span> <span class='ocrx_word' id='word_1_205' title='bbox 394 1247 473 1279; x_wconf 87' lang='lat' dir='ltr'>nihil</span> <span class='ocrx_word' id='word_1_206' title='bbox 491 1255 604 1279; x_wconf 89' lang='lat' dir='ltr'>eorum</span> <span class='ocrx_word' id='word_1_207' title='bbox 622 1254 698 1286; x_wconf 78' lang='lat' dir='ltr'>quae</span> <span class='ocrx_word' id='word_1_208' title='bbox 721 1245 837 1277; x_wconf 80' lang='lat' dir='ltr'>fierent</span> <span class='ocrx_word' id='word_1_209' title='bbox 853 1245 983 1276; x_wconf 85' lang='lat' dir='ltr'>Vitellio</span> <span class='ocrx_word' id='word_1_210' title='bbox 1001 1245 1211 1284; x_wconf 83' lang='lat' dir='ltr'>anquirente,</span> <span class='ocrx_word' id='word_1_211' title='bbox 1231 1245 1320 1277; x_wconf 86' lang='lat' dir='ltr'>brevi</span> <span class='ocrx_word' id='word_1_212' title='bbox 1338 1245 1454 1276; x_wconf 84' lang='lat' dir='ltr'>auditu</span> 
     </span>
    </p>
   </div>
   <div class='ocr_carea' id='block_1_3' title="bbox 64 1292 1454 1338">
    <p class='ocr_par' dir='ltr' id='par_1_5' title="bbox 64 1292 1454 1338">
     <span class='ocr_line' id='line_1_25' title="bbox 64 1292 1454 1338; baseline -0.004 -9"><span class='ocrx_word' id='word_1_213' title='bbox 64 1300 69 1304; x_wconf 87' lang='lat'>&#39;</span> <span class='ocrx_word' id='word_1_214' title='bbox 116 1296 266 1338; x_wconf 63' lang='lat' dir='ltr'>quamvis</span> <span class='ocrx_word' id='word_1_215' title='bbox 292 1305 408 1336; x_wconf 80' lang='lat' dir='ltr'>magna</span> <span class='ocrx_word' id='word_1_216' title='bbox 437 1293 614 1333; x_wconf 83' lang='lat' dir='ltr'>transibat,</span> <span class='ocrx_word' id='word_1_217' title='bbox 641 1293 746 1333; x_wconf 87' lang='lat' dir='ltr'>impar</span> <span class='ocrx_word' id='word_1_218' title='bbox 770 1292 855 1323; x_wconf 90' lang='lat' dir='ltr'>curis</span> <span class='ocrx_word' id='word_1_219' title='bbox 875 1292 1087 1332; x_wconf 80' lang='lat' dir='ltr'>gravioribus.</span> <span class='ocrx_word' id='word_1_220' title='bbox 1115 1294 1304 1324; x_wconf 65' lang='lat' dir='ltr'>exercitum</span> <span class='ocrx_word' id='word_1_221' title='bbox 1329 1295 1454 1324; x_wconf 62' lang='lat' dir='ltr'>itenere</span> 
     </span>
    </p>
   </div>
   <div class='ocr_carea' id='block_1_4' title="bbox 115 1340 1456 2148">
    <p class='ocr_par' dir='ltr' id='par_1_6' title="bbox 115 1340 1456 1811">
     <span class='ocr_line' id='line_1_26' title="bbox 117 1340 1452 1385; baseline -0.004 -8"><span class='ocrx_word' id='word_1_222' title='bbox 117 1347 277 1377; x_wconf 60' lang='lat' dir='ltr'>terrestri</span> <span class='ocrx_word' id='word_1_223' title='bbox 297 1352 443 1385; x_wconf 69' lang='lat' dir='ltr'>pcrqcre</span> <span class='ocrx_word' id='word_1_224' title='bbox 464 1342 557 1382; x_wconf 90' lang='lat' dir='ltr'>jubet</span> <span class='ocrx_word' id='word_1_225' title='bbox 578 1351 586 1371; x_wconf 74' lang='grc' dir='ltr'><strong><em>ι</em></strong></span> <span class='ocrx_word' id='word_1_226' title='bbox 612 1341 680 1381; x_wconf 89' lang='lat' dir='ltr'>ipse</span> <span class='ocrx_word' id='word_1_227' title='bbox 697 1343 795 1372; x_wconf 84' lang='lat' dir='ltr'>Arare</span> <span class='ocrx_word' id='word_1_228' title='bbox 822 1340 956 1371; x_wconf 90' lang='lat' dir='ltr'>flumine</span> <span class='ocrx_word' id='word_1_229' title='bbox 973 1340 1158 1379; x_wconf 73' lang='lat' dir='ltr'>devehitur,</span> <span class='ocrx_word' id='word_1_230' title='bbox 1177 1340 1266 1372; x_wconf 89' lang='lat' dir='ltr'>nullo</span> <span class='ocrx_word' id='word_1_231' title='bbox 1283 1341 1452 1381; x_wconf 86' lang='lat' dir='ltr'>principali</span> 
     </span>
     <span class='ocr_line' id='line_1_27' title="bbox 116 1388 1454 1435; baseline -0.004 -11"><span class='ocrx_word' id='word_1_232' title='bbox 116 1395 244 1435; x_wconf 84' lang='lat' dir='ltr'>paratu,</span> <span class='ocrx_word' id='word_1_233' title='bbox 261 1392 318 1423; x_wconf 86' lang='lat' dir='ltr'>sed</span> <span class='ocrx_word' id='word_1_234' title='bbox 331 1392 441 1423; x_wconf 81' lang='lat' dir='ltr'>vetere</span> <span class='ocrx_word' id='word_1_235' title='bbox 457 1392 597 1430; x_wconf 77' lang='lat' dir='ltr'>egestate</span> <span class='ocrx_word' id='word_1_236' title='bbox 611 1389 819 1430; x_wconf 88' lang='lat' dir='ltr'>conspicuus,</span> <span class='ocrx_word' id='word_1_237' title='bbox 835 1388 939 1420; x_wconf 87' lang='lat' dir='ltr'>donec</span> <span class='ocrx_word' id='word_1_238' title='bbox 953 1392 967 1420; x_wconf 87' lang='lat' dir='ltr'>J</span> <span class='ocrx_word' id='word_1_239' title='bbox 972 1388 1070 1419; x_wconf 85' lang='lat' dir='ltr'>unius</span> <span class='ocrx_word' id='word_1_240' title='bbox 1083 1389 1215 1428; x_wconf 57' lang='lat' dir='ltr'>Blaesus,</span> <span class='ocrx_word' id='word_1_241' title='bbox 1231 1388 1454 1427; x_wconf 83' lang='lat' dir='ltr'>Lugdunensis</span> 
     </span>
     <span class='ocr_line' id='line_1_28' title="bbox 117 1438 1448 1482; baseline -0.005 -7"><span class='ocrx_word' id='word_1_242' title='bbox 117 1444 228 1478; x_wconf 83' lang='lat' dir='ltr'>Galliae</span> <span class='ocrx_word' id='word_1_243' title='bbox 250 1445 369 1481; x_wconf 88' lang='lat' dir='ltr'>rector,</span> <span class='ocrx_word' id='word_1_244' title='bbox 388 1450 503 1482; x_wconf 83' lang='lat' dir='ltr'>genere</span> <span class='ocrx_word' id='word_1_245' title='bbox 520 1440 657 1480; x_wconf 86' lang='lat' dir='ltr'>illustri,</span> <span class='ocrx_word' id='word_1_246' title='bbox 675 1440 783 1479; x_wconf 86' lang='lat' dir='ltr'>largus</span> <span class='ocrx_word' id='word_1_247' title='bbox 800 1439 909 1470; x_wconf 88' lang='lat' dir='ltr'>animo</span> <span class='ocrx_word' id='word_1_248' title='bbox 926 1440 958 1470; x_wconf 90' lang='lat' dir='ltr'>et</span> <span class='ocrx_word' id='word_1_249' title='bbox 980 1447 1039 1479; x_wconf 88' lang='lat' dir='ltr'>par</span> <span class='ocrx_word' id='word_1_250' title='bbox 1053 1438 1190 1478; x_wconf 89' lang='lat' dir='ltr'>opibus,</span> <span class='ocrx_word' id='word_1_251' title='bbox 1211 1438 1448 1469; x_wconf 72' lang='lat' dir='ltr'>circnnnlaret²</span> 
     </span>
     <span class='ocr_line' id='line_1_29' title="bbox 116 1485 1453 1531; baseline -0.005 -8"><span class='ocrx_word' id='word_1_252' title='bbox 116 1490 260 1531; x_wconf 85' lang='lat' dir='ltr'>Principi</span> <span class='ocrx_word' id='word_1_253' title='bbox 278 1489 459 1521; x_wconf 82' lang='lat' dir='ltr'>ministeria</span> <span class='ocrx_word' id='word_1_254' title='bbox 473 1513 482 1529; x_wconf 86' lang='lat'>,</span> <span class='ocrx_word' id='word_1_255' title='bbox 506 1488 719 1520; x_wconf 88' lang='lat' dir='ltr'>comitaretur</span> <span class='ocrx_word' id='word_1_256' title='bbox 745 1486 944 1526; x_wconf 88' lang='lat' dir='ltr'>liberaliter,</span> <span class='ocrx_word' id='word_1_257' title='bbox 971 1495 1008 1517; x_wconf 91' lang='lat' dir='ltr'>eo</span> <span class='ocrx_word' id='word_1_258' title='bbox 1030 1485 1100 1526; x_wconf 87' lang='lat' dir='ltr'>ipso</span> <span class='ocrx_word' id='word_1_259' title='bbox 1119 1486 1262 1526; x_wconf 81' lang='lat' dir='ltr'>ingratus</span> <span class='ocrx_word' id='word_1_260' title='bbox 1275 1511 1284 1525; x_wconf 88' lang='lat'>,</span> <span class='ocrx_word' id='word_1_261' title='bbox 1302 1486 1453 1526; x_wconf 66' lang='lat' dir='ltr'>quamvis</span> 
     </span>
     <span class='ocr_line' id='line_1_30' title="bbox 117 1533 1452 1574; baseline -0.005 -3"><span class='ocrx_word' id='word_1_262' title='bbox 117 1540 230 1572; x_wconf 85' lang='lat' dir='ltr'>odium</span> <span class='ocrx_word' id='word_1_263' title='bbox 246 1538 393 1570; x_wconf 89' lang='lat' dir='ltr'>Vitellius</span> <span class='ocrx_word' id='word_1_264' title='bbox 411 1536 592 1569; x_wconf 89' lang='lat' dir='ltr'>vernilibus</span> <span class='ocrx_word' id='word_1_265' title='bbox 606 1534 772 1566; x_wconf 87' lang='lat' dir='ltr'>blanditiis</span> <span class='ocrx_word' id='word_1_266' title='bbox 789 1535 918 1566; x_wconf 78' lang='lat' dir='ltr'>velaret.</span> <span class='ocrx_word' id='word_1_267' title='bbox 937 1538 1053 1574; x_wconf 85' lang='lat' dir='ltr'>praesto</span> <span class='ocrx_word' id='word_1_268' title='bbox 1071 1533 1160 1565; x_wconf 85' lang='lat' dir='ltr'>suere</span> <span class='ocrx_word' id='word_1_269' title='bbox 1177 1533 1325 1573; x_wconf 78' lang='lat' dir='ltr'>Lugduni</span> <span class='ocrx_word' id='word_1_270' title='bbox 1343 1533 1452 1565; x_wconf 76' lang='lat' dir='ltr'>victri-</span> 
     </span>
     <span class='ocr_line' id='line_1_31' title="bbox 117 1580 1453 1626; baseline -0.006 -7"><span class='ocrx_word' id='word_1_271' title='bbox 117 1587 204 1620; x_wconf 82' lang='lat' dir='ltr'>cium</span> <span class='ocrx_word' id='word_1_272' title='bbox 227 1586 452 1626; x_wconf 87' lang='lat' dir='ltr'>victarumque</span> <span class='ocrx_word' id='word_1_273' title='bbox 471 1583 614 1625; x_wconf 87' lang='lat' dir='ltr'>partium</span> <span class='ocrx_word' id='word_1_274' title='bbox 642 1581 754 1613; x_wconf 81' lang='lat' dir='ltr'>duces.</span> <span class='ocrx_word' id='word_1_275' title='bbox 782 1581 952 1612; x_wconf 82' lang='lat' dir='ltr'>Valentem</span> <span class='ocrx_word' id='word_1_276' title='bbox 977 1583 1009 1611; x_wconf 88' lang='lat' dir='ltr'>et</span> <span class='ocrx_word' id='word_1_277' title='bbox 1031 1580 1191 1611; x_wconf 86' lang='lat' dir='ltr'>Caecinam</span> <span class='ocrx_word' id='word_1_278' title='bbox 1217 1590 1276 1620; x_wconf 88' lang='lat' dir='ltr'>pro</span> <span class='ocrx_word' id='word_1_279' title='bbox 1299 1581 1453 1612; x_wconf 88' lang='lat' dir='ltr'>concione</span> 
     </span>
     <span class='ocr_line' id='line_1_32' title="bbox 115 1628 1455 1670; baseline -0.004 -4"><span class='ocrx_word' id='word_1_280' title='bbox 115 1635 266 1666; x_wconf 78' lang='lat' dir='ltr'>laudatos</span> <span class='ocrx_word' id='word_1_281' title='bbox 279 1633 384 1664; x_wconf 90' lang='lat' dir='ltr'>curuli</span> <span class='ocrx_word' id='word_1_282' title='bbox 397 1641 466 1664; x_wconf 87' lang='lat' dir='ltr'>suae</span> <span class='ocrx_word' id='word_1_283' title='bbox 482 1628 728 1670; x_wconf 90' lang='lat' dir='ltr'>circumposuit.</span> <span class='ocrx_word' id='word_1_284' title='bbox 747 1637 825 1660; x_wconf 83' lang='lat' dir='ltr'>mox</span> <span class='ocrx_word' id='word_1_285' title='bbox 841 1629 1042 1660; x_wconf 69' lang='lat' dir='ltr'>zciiz&#39;verszcm</span> <span class='ocrx_word' id='word_1_286' title='bbox 1061 1629 1252 1658; x_wconf 76' lang='lat' dir='ltr'>exercitum</span> <span class='ocrx_word' id='word_1_287' title='bbox 1273 1636 1455 1660; x_wconf 75' lang='lat' dir='ltr'>occurrere</span> 
     </span>
     <span class='ocr_line' id='line_1_33' title="bbox 116 1674 1456 1721; baseline -0.007 -7"><span class='ocrx_word' id='word_1_288' title='bbox 116 1682 251 1721; x_wconf 69' lang='lat' dir='ltr'>infanti</span> <span class='ocrx_word' id='word_1_289' title='bbox 266 1680 347 1719; x_wconf 72' lang='lat' dir='ltr'>filio</span> <span class='ocrx_word' id='word_1_290' title='bbox 366 1679 477 1719; x_wconf 86' lang='lat' dir='ltr'>jubet;</span> <span class='ocrx_word' id='word_1_291' title='bbox 496 1679 723 1718; x_wconf 85' lang='lat' dir='ltr'>perlatumque</span> <span class='ocrx_word' id='word_1_292' title='bbox 744 1677 776 1707; x_wconf 90' lang='lat' dir='ltr'>et</span> <span class='ocrx_word' id='word_1_293' title='bbox 794 1674 1026 1716; x_wconf 89' lang='lat' dir='ltr'>paludamento</span> <span class='ocrx_word' id='word_1_294' title='bbox 1043 1675 1194 1714; x_wconf 89' lang='lat' dir='ltr'>opertum</span> <span class='ocrx_word' id='word_1_295' title='bbox 1215 1674 1287 1705; x_wconf 89' lang='lat' dir='ltr'>sinu</span> <span class='ocrx_word' id='word_1_296' title='bbox 1311 1675 1456 1706; x_wconf 87' lang='lat' dir='ltr'>retinens</span> 
     </span>
     <span class='ocr_line' id='line_1_34' title="bbox 119 1721 1451 1767; baseline -0.007 -5"><span class='ocrx_word' id='word_1_297' title='bbox 119 1730 369 1763; x_wconf 69' lang='lat' dir='ltr'>Germanicum</span> <span class='ocrx_word' id='word_1_298' title='bbox 384 1725 560 1767; x_wconf 86' lang='lat' dir='ltr'>appellavit</span> <span class='ocrx_word' id='word_1_299' title='bbox 577 1723 745 1763; x_wconf 82' lang='lat' dir='ltr'>cinxitque</span> <span class='ocrx_word' id='word_1_300' title='bbox 759 1721 886 1753; x_wconf 89' lang='lat' dir='ltr'>cunctis</span> <span class='ocrx_word' id='word_1_301' title='bbox 904 1722 1047 1753; x_wconf 81' lang='lat' dir='ltr'>fortunae</span> <span class='ocrx_word' id='word_1_302' title='bbox 1064 1721 1248 1761; x_wconf 86' lang='lat' dir='ltr'>principalis</span> <span class='ocrx_word' id='word_1_303' title='bbox 1263 1721 1451 1762; x_wconf 84' lang='lat' dir='ltr'>insignibus.</span> 
     </span>
     <span class='ocr_line' id='line_1_35' title="bbox 118 1768 1285 1811; baseline -0.009 -2"><span class='ocrx_word' id='word_1_304' title='bbox 118 1777 241 1810; x_wconf 88' lang='lat' dir='ltr'>nimius</span> <span class='ocrx_word' id='word_1_305' title='bbox 257 1775 360 1806; x_wconf 87' lang='lat' dir='ltr'>honos</span> <span class='ocrx_word' id='word_1_306' title='bbox 375 1774 460 1805; x_wconf 88' lang='lat' dir='ltr'>inter</span> <span class='ocrx_word' id='word_1_307' title='bbox 478 1771 619 1804; x_wconf 87' lang='lat' dir='ltr'>secunda</span> <span class='ocrx_word' id='word_1_308' title='bbox 632 1795 641 1811; x_wconf 91' lang='lat'>‚</span> <span class='ocrx_word' id='word_1_309' title='bbox 659 1769 759 1802; x_wconf 82' lang='lat' dir='ltr'>rebus</span> <span class='ocrx_word' id='word_1_310' title='bbox 775 1769 919 1801; x_wconf 86' lang='lat' dir='ltr'>adversis</span> <span class='ocrx_word' id='word_1_311' title='bbox 934 1769 967 1800; x_wconf 85' lang='lat' dir='ltr'>in</span> <span class='ocrx_word' id='word_1_312' title='bbox 984 1768 1137 1800; x_wconf 87' lang='lat' dir='ltr'>solatium</span> <span class='ocrx_word' id='word_1_313' title='bbox 1154 1768 1285 1800; x_wconf 65' lang='lat' dir='ltr'>cessitss.</span> 
     </span>
    </p>

    <p class='ocr_par' dir='ltr' id='par_1_7' title="bbox 116 1815 1455 2148">
     <span class='ocr_line' id='line_1_36' title="bbox 159 1815 1453 1858; baseline -0.005 -3"><span class='ocrx_word' id='word_1_314' title='bbox 159 1828 222 1856; x_wconf 87' lang='lat' dir='ltr'>LX.</span> <span class='ocrx_word' id='word_1_315' title='bbox 247 1826 329 1854; x_wconf 86' lang='lat' dir='ltr'>Tum</span> <span class='ocrx_word' id='word_1_316' title='bbox 357 1820 519 1853; x_wconf 85' lang='lat' dir='ltr'>interfecti</span> <span class='ocrx_word' id='word_1_317' title='bbox 548 1818 755 1851; x_wconf 87' lang='lat' dir='ltr'>centuriones</span> <span class='ocrx_word' id='word_1_318' title='bbox 781 1816 1020 1858; x_wconf 86' lang='lat' dir='ltr'>promptissimi</span> <span class='ocrx_word' id='word_1_319' title='bbox 1051 1815 1335 1855; x_wconf 89' lang='lat' dir='ltr'>Othonianorum;</span> <span class='ocrx_word' id='word_1_320' title='bbox 1366 1816 1453 1849; x_wconf 66' lang='lat' dir='ltr'>unde</span> 
     </span>
     <span class='ocr_line' id='line_1_37' title="bbox 117 1863 1452 1914; baseline -0.007 -11"><span class='ocrx_word' id='word_1_321' title='bbox 117 1871 284 1914; x_wconf 86' lang='lat' dir='ltr'>praecipua</span> <span class='ocrx_word' id='word_1_322' title='bbox 299 1870 334 1901; x_wconf 90' lang='lat' dir='ltr'>in</span> <span class='ocrx_word' id='word_1_323' title='bbox 357 1868 519 1900; x_wconf 90' lang='lat' dir='ltr'>Vitellium</span> <span class='ocrx_word' id='word_1_324' title='bbox 537 1865 689 1898; x_wconf 85' lang='lat' dir='ltr'>alienatio</span> <span class='ocrx_word' id='word_1_325' title='bbox 713 1874 770 1905; x_wconf 92' lang='lat' dir='ltr'>per</span> <span class='ocrx_word' id='word_1_326' title='bbox 789 1864 936 1905; x_wconf 86' lang='lat' dir='ltr'>Illyricos</span> <span class='ocrx_word' id='word_1_327' title='bbox 954 1863 1128 1895; x_wconf 83' lang='lat' dir='ltr'>exercitus.</span> <span class='ocrx_word' id='word_1_328' title='bbox 1152 1863 1249 1895; x_wconf 90' lang='lat' dir='ltr'>simul</span> <span class='ocrx_word' id='word_1_329' title='bbox 1271 1864 1387 1895; x_wconf 84' lang='lat' dir='ltr'>ceterae</span> <span class='ocrx_word' id='word_1_330' title='bbox 1406 1863 1452 1895; x_wconf 89' lang='lat' dir='ltr'>le·</span> 
     </span>
     <span class='ocr_line' id='line_1_38' title="bbox 118 1911 1452 1960; baseline -0.007 -9"><span class='ocrx_word' id='word_1_331' title='bbox 118 1921 231 1960; x_wconf 85' lang='lat' dir='ltr'>giones</span> <span class='ocrx_word' id='word_1_332' title='bbox 247 1916 402 1949; x_wconf 87' lang='lat' dir='ltr'>contactu</span> <span class='ocrx_word' id='word_1_333' title='bbox 423 1917 455 1947; x_wconf 89' lang='lat' dir='ltr'>et</span> <span class='ocrx_word' id='word_1_334' title='bbox 478 1915 636 1947; x_wconf 87' lang='lat' dir='ltr'>adversus</span> <span class='ocrx_word' id='word_1_335' title='bbox 661 1912 868 1945; x_wconf 90' lang='lat' dir='ltr'>Germanicos</span> <span class='ocrx_word' id='word_1_336' title='bbox 884 1911 1004 1944; x_wconf 89' lang='lat' dir='ltr'>milites</span> <span class='ocrx_word' id='word_1_337' title='bbox 1029 1911 1151 1943; x_wconf 84' lang='lat' dir='ltr'>invidia</span> <span class='ocrx_word' id='word_1_338' title='bbox 1175 1911 1297 1943; x_wconf 89' lang='lat' dir='ltr'>bellum</span> <span class='ocrx_word' id='word_1_339' title='bbox 1315 1911 1452 1943; x_wconf 88' lang='lat' dir='ltr'>medita·</span> 
     </span>
     <span class='ocr_line' id='line_1_39' title="bbox 116 1958 1454 2000; baseline -0.008 0"><span class='ocrx_word' id='word_1_340' title='bbox 116 1969 249 2000; x_wconf 86' lang='lat' dir='ltr'>bantur.</span> <span class='ocrx_word' id='word_1_341' title='bbox 266 1963 456 1997; x_wconf 87' lang='lat' dir='ltr'>Suetonium</span> <span class='ocrx_word' id='word_1_342' title='bbox 471 1962 646 1995; x_wconf 89' lang='lat' dir='ltr'>Paulinum</span> <span class='ocrx_word' id='word_1_343' title='bbox 662 1970 700 1993; x_wconf 85' lang='lat' dir='ltr'>ac</span> <span class='ocrx_word' id='word_1_344' title='bbox 714 1960 873 1992; x_wconf 88' lang='lat' dir='ltr'>Licinium</span> <span class='ocrx_word' id='word_1_345' title='bbox 889 1959 1062 1991; x_wconf 87' lang='lat' dir='ltr'>Proculum</span> <span class='ocrx_word' id='word_1_346' title='bbox 1076 1959 1163 1991; x_wconf 89' lang='lat' dir='ltr'>tristi</span> <span class='ocrx_word' id='word_1_347' title='bbox 1180 1968 1271 1991; x_wconf 86' lang='lat' dir='ltr'>mora</span> <span class='ocrx_word' id='word_1_348' title='bbox 1284 1958 1454 1999; x_wconf 86' lang='lat' dir='ltr'>squalidos</span> 
     </span>
     <span class='ocr_line' id='line_1_40' title="bbox 119 2006 1451 2053; baseline -0.008 -6"><span class='ocrx_word' id='word_1_349' title='bbox 119 2014 227 2047; x_wconf 84' lang='lat' dir='ltr'>tenuit</span> <span class='ocrx_word' id='word_1_350' title='bbox 241 2015 266 2053; x_wconf 87' lang='lat'>¹,</span> <span class='ocrx_word' id='word_1_351' title='bbox 283 2013 387 2044; x_wconf 89' lang='lat' dir='ltr'>donec</span> <span class='ocrx_word' id='word_1_352' title='bbox 400 2011 505 2043; x_wconf 85' lang='lat' dir='ltr'>auditi</span> <span class='ocrx_word' id='word_1_353' title='bbox 521 2009 715 2043; x_wconf 88' lang='lat' dir='ltr'>necessariis</span> <span class='ocrx_word' id='word_1_354' title='bbox 729 2007 832 2049; x_wconf 87' lang='lat' dir='ltr'>magis</span> <span class='ocrx_word' id='word_1_355' title='bbox 848 2006 1093 2039; x_wconf 77' lang='lat' dir='ltr'>defensionibus</span> <span class='ocrx_word' id='word_1_356' title='bbox 1109 2016 1206 2047; x_wconf 91' lang='lat' dir='ltr'>quam</span> <span class='ocrx_word' id='word_1_357' title='bbox 1221 2006 1365 2038; x_wconf 88' lang='lat' dir='ltr'>honestis</span> <span class='ocrx_word' id='word_1_358' title='bbox 1381 2009 1451 2037; x_wconf 80' lang='lat' dir='ltr'>ule—</span> 
     </span>
     <span class='ocr_line' id='line_1_41' title="bbox 119 2053 1452 2101; baseline -0.007 -8"><span class='ocrx_word' id='word_1_359' title='bbox 119 2062 244 2093; x_wconf 89' lang='lat' dir='ltr'>rentur.</span> <span class='ocrx_word' id='word_1_360' title='bbox 266 2059 483 2101; x_wconf 87' lang='lat' dir='ltr'>proditionem</span> <span class='ocrx_word' id='word_1_361' title='bbox 506 2059 592 2090; x_wconf 92' lang='lat' dir='ltr'>ultro</span> <span class='ocrx_word' id='word_1_362' title='bbox 614 2055 858 2098; x_wconf 85' lang='lat' dir='ltr'>imputabant2,</span> <span class='ocrx_word' id='word_1_363' title='bbox 881 2056 1039 2096; x_wconf 65' lang='lat' dir='ltr'>spatium</span> <span class='ocrx_word' id='word_1_364' title='bbox 1065 2055 1157 2095; x_wconf 67' lang='lat' dir='ltr'>lonqt</span> <span class='ocrx_word' id='word_1_365' title='bbox 1178 2057 1259 2086; x_wconf 78' lang='lat' dir='ltr'>ante</span> <span class='ocrx_word' id='word_1_366' title='bbox 1280 2053 1452 2094; x_wconf 64' lang='lat' dir='ltr'>praelium</span> 
     </span>
     <span class='ocr_line' id='line_1_42' title="bbox 120 2101 1455 2148; baseline -0.006 -8"><span class='ocrx_word' id='word_1_367' title='bbox 120 2110 274 2148; x_wconf 73' lang='lat' dir='ltr'>itineris,</span> <span class='ocrx_word' id='word_1_368' title='bbox 287 2107 537 2148; x_wconf 78' lang='lat' dir='ltr'>satiqationem</span> <span class='ocrx_word' id='word_1_369' title='bbox 557 2105 850 2144; x_wconf 68' lang='lat' dir='ltr'>Othonianorum,</span> <span class='ocrx_word' id='word_1_370' title='bbox 861 2103 1079 2143; x_wconf 70' lang='lat' dir='ltr'>permixtum</span> <span class='ocrx_word' id='word_1_371' title='bbox 1092 2101 1258 2134; x_wconf 72' lang='lat' dir='ltr'>vehiculis</span> <span class='ocrx_word' id='word_1_372' title='bbox 1271 2109 1392 2142; x_wconf 73' lang='lat' dir='ltr'>aqmen</span> <span class='ocrx_word' id='word_1_373' title='bbox 1410 2109 1455 2132; x_wconf 90' lang='lat' dir='ltr'>ac</span> 
     </span>
    </p>
   </div>
   <div class='ocr_carea' id='block_1_5' title="bbox 117 2199 1454 2409">
    <p class='ocr_par' dir='ltr' id='par_1_8' title="bbox 120 2199 685 2230">
     <span class='ocr_line' id='line_1_43' title="bbox 120 2199 685 2230; baseline -0.007 -4"><span class='ocrx_word' id='word_1_374' title='bbox 120 2215 149 2219; x_wconf 90' lang='lat'>-</span> <span class='ocrx_word' id='word_1_375' title='bbox 162 2208 185 2226; x_wconf 79' lang='lat'>³.</span> <span class='ocrx_word' id='word_1_376' title='bbox 200 2200 334 2226; x_wconf 73' lang='lat' dir='ltr'>Annulus</span> <span class='ocrx_word' id='word_1_377' title='bbox 348 2201 407 2225; x_wconf 85' lang='lat' dir='ltr'>erat</span> <span class='ocrx_word' id='word_1_378' title='bbox 420 2200 526 2230; x_wconf 83' lang='lat' dir='ltr'>insigne</span> <span class='ocrx_word' id='word_1_379' title='bbox 543 2199 685 2229; x_wconf 76' lang='lat' dir='ltr'>Equitum.</span> 
     </span>
    </p>

    <p class='ocr_par' dir='ltr' id='par_1_9' title="bbox 118 2229 1454 2338">
     <span class='ocr_line' id='line_1_44' title="bbox 151 2229 1454 2267; baseline -0.006 -5"><span class='ocrx_word' id='word_1_380' title='bbox 151 2238 215 2262; x_wconf 85' lang='lat' dir='ltr'>LIX.</span> <span class='ocrx_word' id='word_1_381' title='bbox 229 2243 251 2262; x_wconf 73' lang='grc' dir='ltr'>ι.</span> <span class='ocrx_word' id='word_1_382' title='bbox 268 2236 435 2267; x_wconf 79' lang='lat' dir='ltr'>Appellendo</span> <span class='ocrx_word' id='word_1_383' title='bbox 452 2236 486 2260; x_wconf 83' lang='lat' dir='ltr'>ad</span> <span class='ocrx_word' id='word_1_384' title='bbox 504 2235 588 2264; x_wconf 82' lang='lat' dir='ltr'>littus,</span> <span class='ocrx_word' id='word_1_385' title='bbox 603 2234 747 2265; x_wconf 85' lang='lat' dir='ltr'>appellens</span> <span class='ocrx_word' id='word_1_386' title='bbox 761 2232 913 2257; x_wconf 78' lang='lat' dir='ltr'>littori.—2.</span> <span class='ocrx_word' id='word_1_387' title='bbox 930 2231 989 2256; x_wconf 84' lang='lat' dir='ltr'>suls</span> <span class='ocrx_word' id='word_1_388' title='bbox 1002 2230 1131 2254; x_wconf 72' lang='lat' dir='ltr'>videlicet</span> <span class='ocrx_word' id='word_1_389' title='bbox 1144 2229 1305 2259; x_wconf 79' lang='lat' dir='ltr'>sumptibus.</span> <span class='ocrx_word' id='word_1_390' title='bbox 1320 2242 1348 2246; x_wconf 86' lang='lat'><em>—</em></span> <span class='ocrx_word' id='word_1_391' title='bbox 1361 2235 1386 2254; x_wconf 74' lang='lat'>5.</span> <span class='ocrx_word' id='word_1_392' title='bbox 1400 2230 1454 2254; x_wconf 80' lang='lat' dir='ltr'>Pro</span> 
     </span>
     <span class='ocr_line' id='line_1_45' title="bbox 118 2265 1450 2301; baseline -0.007 -4"><span class='ocrx_word' id='word_1_393' title='bbox 118 2273 218 2297; x_wconf 84' lang='lat' dir='ltr'>solatio</span> <span class='ocrx_word' id='word_1_394' title='bbox 232 2272 386 2297; x_wconf 84' lang='lat' dir='ltr'>habebatur</span> <span class='ocrx_word' id='word_1_395' title='bbox 396 2271 473 2301; x_wconf 82' lang='lat' dir='ltr'>quasi</span> <span class='ocrx_word' id='word_1_396' title='bbox 487 2270 612 2301; x_wconf 84' lang='lat' dir='ltr'>pensatio</span> <span class='ocrx_word' id='word_1_397' title='bbox 626 2270 805 2294; x_wconf 84' lang='lat' dir='ltr'>adversarum</span> <span class='ocrx_word' id='word_1_398' title='bbox 821 2274 913 2292; x_wconf 86' lang='lat' dir='ltr'>rerum</span> <span class='ocrx_word' id='word_1_399' title='bbox 927 2267 1006 2291; x_wconf 80' lang='lat' dir='ltr'>nimis</span> <span class='ocrx_word' id='word_1_400' title='bbox 1023 2267 1078 2291; x_wconf 84' lang='lat' dir='ltr'>cito</span> <span class='ocrx_word' id='word_1_401' title='bbox 1091 2266 1291 2295; x_wconf 78' lang='lat' dir='ltr'>ingruentium:</span> <span class='ocrx_word' id='word_1_402' title='bbox 1303 2271 1330 2290; x_wconf 86' lang='lat' dir='ltr'>v.</span> <span class='ocrx_word' id='word_1_403' title='bbox 1344 2265 1389 2295; x_wconf 84' lang='lat' dir='ltr'>lv,</span> <span class='ocrx_word' id='word_1_404' title='bbox 1409 2270 1450 2289; x_wconf 74' lang='lat' dir='ltr'>ao.</span> 
     </span>
     <span class='ocr_line' id='line_1_46' title="bbox 118 2300 1427 2338; baseline -0.007 -5"><span class='ocrx_word' id='word_1_405' title='bbox 118 2309 166 2333; x_wconf 84' lang='lat' dir='ltr'>Sic</span> <span class='ocrx_word' id='word_1_406' title='bbox 183 2308 309 2338; x_wconf 76' lang='lat' dir='ltr'>Agricola</span> <span class='ocrx_word' id='word_1_407' title='bbox 322 2307 474 2337; x_wconf 77' lang='lat' dir='ltr'>festinatoe</span> <span class='ocrx_word' id='word_1_408' title='bbox 488 2307 590 2331; x_wconf 78' lang='lat' dir='ltr'>mortis</span> <span class='ocrx_word' id='word_1_409' title='bbox 606 2305 720 2336; x_wconf 64' lang='lat' dir='ltr'>orande</span> <span class='ocrx_word' id='word_1_410' title='bbox 733 2305 871 2329; x_wconf 82' lang='lat' dir='ltr'>solatium</span> <span class='ocrx_word' id='word_1_411' title='bbox 885 2303 955 2328; x_wconf 78' lang='lat' dir='ltr'>tulit</span> <span class='ocrx_word' id='word_1_412' title='bbox 965 2302 1086 2327; x_wconf 73' lang='lat' dir='ltr'>evasisse</span> <span class='ocrx_word' id='word_1_413' title='bbox 1095 2302 1245 2332; x_wconf 77' lang='lat' dir='ltr'>postrema</span> <span class='ocrx_word' id='word_1_414' title='bbox 1257 2300 1427 2326; x_wconf 72' lang='lat' dir='ltr'>Domitiani.</span> 
     </span>
    </p>

    <p class='ocr_par' dir='ltr' id='par_1_10' title="bbox 117 2336 1453 2409">
     <span class='ocr_line' id='line_1_47' title="bbox 152 2336 1451 2371; baseline -0.007 -3"><span class='ocrx_word' id='word_1_415' title='bbox 152 2344 207 2368; x_wconf 78' lang='lat' dir='ltr'>Lx.</span> <span class='ocrx_word' id='word_1_416' title='bbox 228 2348 246 2367; x_wconf 77' lang='grc' dir='ltr'>ι.</span> <span class='ocrx_word' id='word_1_417' title='bbox 259 2343 364 2366; x_wconf 83' lang='lat' dir='ltr'>Morose</span> <span class='ocrx_word' id='word_1_418' title='bbox 381 2343 409 2366; x_wconf 76' lang='lat' dir='ltr'>et</span> <span class='ocrx_word' id='word_1_419' title='bbox 419 2341 537 2371; x_wconf 83' lang='lat' dir='ltr'>superbe</span> <span class='ocrx_word' id='word_1_420' title='bbox 556 2340 699 2365; x_wconf 71' lang='lat' dir='ltr'>audiendae</span> <span class='ocrx_word' id='word_1_421' title='bbox 714 2339 881 2364; x_wconf 69' lang='lat' dir='ltr'>detensionis</span> <span class='ocrx_word' id='word_1_422' title='bbox 900 2339 1006 2368; x_wconf 72' lang='lat' dir='ltr'>tempus</span> <span class='ocrx_word' id='word_1_423' title='bbox 1022 2336 1163 2366; x_wconf 67' lang='lat' dir='ltr'>differem,</span> <span class='ocrx_word' id='word_1_424' title='bbox 1174 2341 1221 2361; x_wconf 88' lang='lat' dir='ltr'>eos</span> <span class='ocrx_word' id='word_1_425' title='bbox 1240 2336 1359 2361; x_wconf 84' lang='lat' dir='ltr'>detinuit</span> <span class='ocrx_word' id='word_1_426' title='bbox 1380 2340 1451 2362; x_wconf 83' lang='lat' dir='ltr'>reos,</span> 
     </span>
     <span class='ocr_line' id='line_1_48' title="bbox 117 2369 1453 2409; baseline -0.004 -7"><span class='ocrx_word' id='word_1_427' title='bbox 117 2378 169 2409; x_wconf 75' lang='lat' dir='ltr'>qui</span> <span class='ocrx_word' id='word_1_428' title='bbox 178 2377 312 2409; x_wconf 73' lang='lat' dir='ltr'>squaluit,</span> <span class='ocrx_word' id='word_1_429' title='bbox 326 2376 458 2404; x_wconf 76' lang='lat' dir='ltr'>sordidati</span> <span class='ocrx_word' id='word_1_430' title='bbox 470 2377 524 2402; x_wconf 79' lang='lat' dir='ltr'>etc.</span> <span class='ocrx_word' id='word_1_431' title='bbox 541 2376 677 2407; x_wconf 83' lang='lat' dir='ltr'>dicuntur,</span> <span class='ocrx_word' id='word_1_432' title='bbox 689 2377 720 2401; x_wconf 79' lang='lat' dir='ltr'>ut</span> <span class='ocrx_word' id='word_1_433' title='bbox 732 2376 804 2402; x_wconf 75' lang='lat' dir='ltr'>Ann-</span> <span class='ocrx_word' id='word_1_434' title='bbox 816 2374 851 2406; x_wconf 91' lang='lat' dir='ltr'>lI,</span> <span class='ocrx_word' id='word_1_435' title='bbox 860 2379 890 2400; x_wconf 75' lang='lat'>2⁹</span> <span class='ocrx_word' id='word_1_436' title='bbox 900 2374 927 2400; x_wconf 83' lang='lat' dir='ltr'>et</span> <span class='ocrx_word' id='word_1_437' title='bbox 938 2372 1003 2400; x_wconf 78' lang='lat' dir='ltr'>alibi</span> <span class='ocrx_word' id='word_1_438' title='bbox 1015 2372 1141 2400; x_wconf 75' lang='lat' dir='ltr'>vidimus.</span> <span class='ocrx_word' id='word_1_439' title='bbox 1155 2386 1184 2391; x_wconf 98' lang='lat'>—</span> <span class='ocrx_word' id='word_1_440' title='bbox 1197 2377 1221 2401; x_wconf 67' lang='grc' dir='ltr'>ε.</span> <span class='ocrx_word' id='word_1_441' title='bbox 1230 2369 1453 2402; x_wconf 61' lang='lat' dir='ltr'>scNitellquui</span> 
     </span>
    </p>
   </div>
  </div>
 </body>
</html>
