1539 2668
110 153 153 184 80
507 153 639 182 TACITI
662 151 870 181 ANNALIUM
892 153 964 182 LlB.
988 153 1043 182 111.

111 225 282 257 bellionem
302 226 482 266 coeptavere
496 250 506 264 ,
531 225 622 265 quus
635 225 857 256 exstimulator
869 227 1044 258 acerrimus
1060 226 1143 258 inter
1158 229 1314 258 Treveros
1327 225 1435 257 Julius

110 273 242 313 Florus,
257 272 343 312 apud
358 272 469 304 AEduos
483 273 586 303 Julius
606 272 762 303 Sacrovir.
790 272 941 304 nobilitas
958 273 1116 304 ambobus
1130 275 1162 304 et
1178 273 1336 312 majorum
1351 272 1435 303 bona

109 320 215 358 sacta,
242 329 344 360 eoque
369 324 513 351 Romana
531 320 643 350 civitas
659 319 734 350 olim
751 319 837 359 data,
855 329 955 359 quum
979 320 1012 352 id
1029 330 1137 352 rarum
1161 329 1222 351 nec
1240 320 1301 351 nisi
1322 318 1434 350 virtuti

109 366 253 408 pretium
279 368 375 398 esset.
402 367 425 398 ii
453 367 585 398 secretis
615 366 782 406 colloquiis
800 367 998 399 ferocissimo
1016 376 1145 408 quoque
1169 370 1336 406 assumpto
1351 390 1359 405 ‚
1379 365 1435 396 aut

109 414 232 454 quihus
247 414 289 445 ob
304 415 478 453 egestatem
500 423 536 444 ac
554 415 675 445 metum
690 423 729 444 ex
743 413 871 454 flagitiis
886 415 1028 446 maxima
1045 415 1199 455 peccandi
1217 411 1432 448 necessitudo,

99 464 312 501 *componunt
332 461 339 478 ¹
368 461 479 492 Florus
499 461 609 500 Belgas
622 484 631 499 ,
647 461 792 493 Sacrovir
806 462 970 502 propiores
985 463 1088 493 Gallos
1103 462 1238 493 concire.
1270 461 1366 500 igitur
1379 466 1437 499 per

106 508 320 540 conciliabula
334 511 365 539 et
381 510 484 539 eoetus
501 508 654 539 seditiosa
667 508 869 540 disserebant
886 522 900 536 α
915 509 954 540 de
968 510 1210 541 continuatione
1223 508 1434 543 tributorum,

110 569 128 583 «ι
146 555 301 596 gravitate
315 555 432 586 fenoris
446 554 472 594 ²,
495 555 622 586 saevitia
645 564 682 586 ac
705 556 853 597 superbia
868 556 1122 596 praesidentium.
1139 558 1170 587 et
1183 555 1363 587 discordare
1378 551 1436 583 mi-

109 615 127 630 «
143 603 232 633 litem
252 602 363 633 audito
388 602 567 633 Germanici
581 602 694 633 exitio.
723 603 884 643 egregium
912 603 1111 634 resumendae
1128 602 1269 634 libertati
1286 603 1412 640 tempus
1425 622 1434 637 ,

107 663 124 674 α
146 649 195 687 si,
221 649 280 688 ipsi
295 649 468 688 florentes,
495 657 590 689 quam
608 649 701 689 inops
716 649 806 680 Italia
822 673 831 688 ,
859 659 956 689 quam
971 650 1140 681 imbecillis
1165 649 1286 680 urbana
1305 646 1433 688 plebes,

110 710 127 722 «ι
146 696 225 727 nihil
240 696 383 726 validum
402 696 435 726 in
451 696 648 727 exercitibus
668 696 730 727 nisi
748 697 834 736 quod
849 698 1033 736 externum,
1048 696 1234 737 cogitarent.
1251 709 1265 723 »

150 746 227 774 XLI.
252 742 342 772 Hand
358 743 457 773 ferme
475 743 539 774 ulla
567 743 680 774 civitas
702 743 824 774 intacta
848 744 1024 775 seminibus
1051 744 1120 783 ejus
1147 746 1253 774 motus
1278 741 1339 773 suit
1354 750 1361 770 :
1379 738 1434 770 sed

108 798 242 829 erupere
257 790 351 830 primi
369 790 531 821 Andecavi
548 798 585 821 ac
602 791 746 821 Turonii.
763 800 900 830 quorum
926 792 1112 823 Andecavos
1128 791 1243 822 Acilius
1265 788 1374 820 Aviola
1390 787 1434 817 le-

106 839 217 876 gatus,
233 837 337 867 excita
351 837 483 868 cohorte
497 846 570 876 qum
585 837 730 876 Lugduni
751 838 938 877 praesidium
956 839 1096 878 agitabat
1110 863 1118 877 ,
1133 837 1285 869 coercuit.
1303 831 1434 867 Turonii

107 883 279 923 legionario
293 883 408 923 milite,
423 893 519 923 quem
534 884 682 915 Visellius
697 886 813 924 Varro,
836 885 997 916 inferioris
1024 886 1200 917 Germaniae
1224 885 1357 923 legatus,
1373 882 1432 913 mi-

106 932 212 970 serat,
228 931 369 970 oppressi
384 955 393 969 ,
409 932 521 962 eodem
547 931 658 962 Aviola
674 931 756 963 duce
772 933 804 963 et
817 932 1008 972 quibusdam
1028 933 1202 964 Galliarum
1217 930 1410 971 primoribus
1424 952 1434 967 ,

107 978 163 1018 qui
176 978 277 1009 tulere
291 978 458 1016 auxilium,
471 988 534 1017 quo
552 978 791 1010 dissimularent
813 980 1024 1011 desectionem
1050 979 1216 1019 magisque
1237 978 1269 1009 in
1290 981 1435 1017 tempore

106 1026 260 1057 efferrent
279 1024 300 1053 ¹.
331 1027 492 1065 spectatus
512 1028 543 1056 et
559 1026 704 1056 Sacrovir
719 1050 727 1065 ‚
755 1026 876 1057 intecto
903 1028 1007 1066 capite
1033 1036 1173 1067 pugnam
1199 1035 1258 1066 pro
1283 1023 1433 1056 Romanis

105 1072 202 1110 ciens,
221 1072 448 1111 ostenlmidw,
464 1075 494 1102 ut
513 1072 645 1111 ferebat,
661 1075 798 1104 virtutis
808 1085 817 1104 .·
832 1074 885 1104 sod
901 1075 1032 1113 captivi,
1047 1084 1089 1105 me
1105 1075 1331 1105 incesseretur
1346 1071 1435 1111 telis,

95 1119 357 1159 v(tyrzoscemium
370 1128 404 1150 sc
417 1119 605 1159 prcrlmisse
621 1120 808 1158 arguebant.
826 1121 991 1152 consultus
1006 1130 1101 1160 super
1114 1130 1152 1151 eo
1168 1120 1312 1151 Tiberius
1324 1127 1432 1159 asper-

103 1168 201 1197 natus
219 1168 268 1197 est
283 1166 452 1205 indicium,
468 1166 617 1206 aluitque
630 1166 833 1197 dubitatione
850 1167 970 1198 bellum
984 1167 1009 1198 ².

146 1217 238 1245 XLII.
266 1213 396 1244 Interim
418 1214 530 1244 Florus
545 1213 691 1244 insistere
704 1213 876 1245 destinatis
889 1238 896 1252 ,
912 1214 1060 1253 pellicere
1073 1214 1157 1245 alam
1174 1214 1320 1255 equitum
1333 1236 1342 1252 ‚
1360 1222 1433 1254 quac

103 1260 286 1300 conscripta
301 1269 317 1290 e
334 1260 479 1290 Treveris
494 1259 605 1290 militia
627 1260 859 1300 disciplinaque
881 1263 991 1291 nostra
1009 1261 1187 1291 habebatur
1199 1285 1207 1300 ,
1222 1262 1259 1292 ut
1272 1260 1366 1292 caesis
1381 1269 1432 1291 ne·

104 1307 315 1348 gotiatoribus
329 1307 480 1338 Romanis
494 1307 613 1337 bellum
628 1307 782 1346 inciperet
799 1317 805 1337 t
823 1308 981 1347 paucique
995 1309 1141 1347 equitum
1156 1309 1309 1347 corrupti,
1324 1308 1432 1348 plures

93 1355 138 1384 'in
152 1355 257 1385 osticio
271 1363 425 1384 mansere.
444 1353 537 1384 Aliud
551 1353 666 1392 vulgus
681 1354 899 1384 obaeratorum
917 1357 972 1385 aut
998 1355 1163 1385 clientium
1185 1356 1191 1371 ¹
1209 1364 1298 1385 arma
1321 1355 1429 1393 cepit;

104 1401 320 1440 petebantque
333 1401 432 1430 saltus
450 1400 566 1439 quibus
580 1409 697 1430 nornen
714 1401 920 1439 Arduenna,
947 1410 1048 1440 quum
1070 1401 1209 1441 legiones
1235 1402 1371 1440 utroque
1391 1400 1431 1431 ab

102 1447 265 1485 exercitu,
280 1456 360 1486 quas
376 1446 526 1477 Visellius
540 1447 571 1477 et
588 1450 621 1477 C.
637 1447 733 1477 Silius
757 1447 899 1478 adversis
913 1448 1085 1479 itineribus
1104 1448 1300 1486 objecerant,
1319 1455 1431 1478 arcue-

103 1496 190 1525 runt.
211 1494 458 1534 praunissusque
473 1502 546 1523 cum
563 1493 686 1524 delecta
708 1503 804 1524 manu
824 1494 925 1525 Julius
950 1495 1068 1534 Indus,
1097 1504 1114 1526 e
1139 1495 1270 1526 civitate
1293 1495 1403 1525 eadem
1420 1518 1431 1533 ,

102 1542 227 1572 discors
245 1540 336 1571 Floro
353 1542 385 1572 et
398 1540 439 1571 ob
456 1540 487 1571 id
501 1540 658 1571 navandae
674 1550 780 1580 operae
800 1541 945 1580 avidior,
966 1542 1164 1572 inconditam
1185 1541 1429 1573 multitudinem

103 1588 210 1619 adhuc
224 1588 356 1627 disjecit.
374 1588 484 1618 Florus
499 1587 627 1618 incertis
641 1587 771 1619 latebris
789 1588 927 1620 victores
942 1589 1136 1628 frustratus,
1152 1590 1316 1629 postremo
1328 1611 1336 1626 ‚
1349 1587 1430 1619 visis

102 1635 260 1667 militibus
287 1635 342 1674 qui
364 1635 481 1674 effugia
506 1634 710 1674 insederant,
728 1644 786 1666 sua
811 1644 910 1666 manu
934 1636 1061 1667 cecidit.
1088 1636 1179 1676 isque
1195 1635 1355 1667 Treverici
1379 1636 1428 1666 tu-

100 1683 224 1714 multus
240 1682 320 1713 finis.

105 1743 108 1749 ·
144 1733 252 1762 XLIII.
277 1728 368 1769 Apud
384 1728 495 1760 AEduos
508 1729 610 1768 major
625 1729 728 1760 moles
745 1728 753 1747 ¹
774 1729 898 1768 exorta,
913 1731 1033 1769 quanto
1058 1729 1172 1761 civitas
1192 1729 1379 1769 opulentior¹
1395 1730 1428 1760 et

102 1775 337 1817 comprimendi
354 1776 466 1815 procul
481 1776 668 1816 praesidium
684 1775 710 1807 ².
728 1776 999 1815 Augustodunum
1011 1800 1021 1815 ,
1045 1778 1142 1816 caput
1159 1776 1261 1815 gentis
1273 1800 1282 1815 ‚
1297 1775 1429 1806 armatis

102 1823 292 1856 cohortibus
315 1823 461 1853 Sacrovir
477 1824 691 1863 occupaverat
706 1823 1006 1862 nobilissimamque
1031 1823 1200 1854 Galliarum
1227 1822 1372 1854 subolem
1393 1822 1427 1853 li-

100 1871 261 1902 beralibus
283 1870 396 1901 studiis
421 1870 465 1900 ibi
483 1871 646 1909 operatam
663 1869 673 1887 ³
691 1894 700 1909 ,
722 1872 758 1900 ut
783 1878 820 1901 eo
838 1870 969 1909 pignore
994 1871 1140 1909 parentes
1166 1870 1429 1910 propinquosque

100 1927 215 1950 eorum
233 1917 431 1956 adjungeret.
447 1917 542 1948 simul
556 1926 644 1948 arma
657 1917 785 1948 occulte
798 1916 953 1948 fabricata
965 1916 1128 1956 juventuti
1146 1917 1155 1935 ⁴
1177 1917 1334 1956 dispertit.
1350 1925 1426 1956 qua·

101 1965 250 2003 draginta
266 1964 362 1995 millia
377 1964 476 2002 fuere,
493 1964 606 2004 quinta
622 1964 671 1994 sui
693 1965 784 2004 parte
800 1964 977 2003 legionariis
997 1964 1093 1995 armis
1107 1964 1117 1981 '³
1131 1987 1140 2002 ,
1156 1965 1252 1995 ceteri
1278 1972 1352 1994 cum
1370 1972 1423 1993 ve—

100 2013 228 2044 nabulis
245 2014 277 2042 et
292 2011 414 2050 cultriS,
429 2020 567 2051 quaeque
581 2011 640 2042 alia
661 2011 854 2042 venantibus
873 2011 936 2042 tela
957 2013 1043 2042 sunt.
1066 2011 1228 2041 adduntur
1243 2019 1261 2041 e
1286 2011 1425 2041 servitiis

101 2059 290 2098 gladiaturae
303 2058 464 2096 destinati,
481 2058 598 2098 quibus
611 2067 699 2089 more
711 2058 836 2097 gentico
851 2058 1044 2087 continuum
1058 2057 1132 2088 ferri
1146 2057 1285 2096 tegimen
1301 2066 1307 2086 :
1323 2065 1423 2097 crup-

93 2106 265 2146 pellarios
280 2107 409 2143 vocant,
431 2105 601 2137 inserendis
617 2105 734 2136 ictibus
750 2104 918 2143 inhabiles,
941 2104 1133 2144 accipiendis
1153 2103 1423 2143 impenetrabiles.

129 2178 184 2202 XL.
202 2183 223 2201 ι,
242 2177 316 2200 Inter
327 2183 355 2199 se
370 2177 552 2206 paciscuntur,
564 2179 621 2201 υἱ...
635 2190 664 2194 -
674 2183 694 2200 2.
708 2178 775 2201 Nam
788 2177 821 2200 ad
835 2176 963 2200 solvenda
981 2176 1081 2200 tributa
1098 2176 1266 2206 cogebantur
1279 2176 1422 2206 pecuniam

101 2214 223 2238 mutuam
238 2217 345 2235 sumere
358 2212 467 2234 immani
482 2212 583 2235 minore
596 2219 609 2235 a
628 2213 756 2236 divitibus
771 2211 904 2236 Romanis.

135 2248 196 2273 xm.
210 2252 229 2270 ι.
241 2247 441 2276 opportuniore
457 2248 579 2275 tempore
592 2248 681 2276 palam
696 2248 827 2271 tacerent.
837 2258 867 2264 -
883 2251 905 2269 2.
923 2245 999 2274 Quod
1015 2246 1104 2275 palam
1119 2247 1245 2271 convicto
1260 2245 1421 2270 testimoniis

98 2284 130 2307 et.
143 2288 271 2312 oppresso
287 2282 430 2305 Sani-ovito
444 2282 513 2305 finiri
527 2282 644 2310 poterat.

130 2318 211 2342 XLll.
226 2322 244 2340 ι.
263 2317 394 2341 Sc.1-'lori.

130 2353 222 2376 XLlll.
240 2358 260 2376 ι.
278 2354 318 2376 Sc.
337 2352 506 2376 defectionis.
519 2352 558 2376 Ob
573 2358 686 2381 sequens
703 2353 811 2382 quanto
827 2351 948 2381 intellige
960 2357 992 2375 eo
1004 2352 1106 2382 major.
1124 2364 1152 2369 —
1163 2357 1183 2375 2.
1199 2354 1232 2377 Et
1244 2352 1306 2382 quia
1324 2349 1419 2382 procul

100 2389 161 2413 erat
174 2387 326 2417 prinsidium
346 2388 541 2416 comprimendi
560 2387 816 2411 detectionem-³.
831 2386 972 2411 Praesentis
984 2387 1202 2418 ;significatione,
1233 2389 1263 2411 ut
1282 2387 1314 2415 ll,
1342 2391 1423 2410 ¹⁴.—

101 2428 124 2447 4.
134 2422 177 2444 sc.
195 2422 349 2447 AEduorum.
361 2436 387 2439 --
403 2428 425 2447 ις.
440 2423 547 2453 Glad'ns,
560 2423 653 2452 hastis,
665 2423 757 2446 scutis.
