1539 2668
525 143 564 173 A.
587 143 627 173 U.
651 142 686 172 C.
712 141 785 172 822.
807 141 846 174 A.
868 141 905 173 C.
929 141 982 173 ⁶9.
1359 143 1422 175 373

89 223 171 256 tutis
186 222 282 254 fama.
299 219 375 252 dein
391 223 426 251 L.
442 217 590 250 Vitellius
605 215 820 257 interficitur,
843 224 902 258 par
920 214 1011 247 vitiis
1033 214 1162 256 fratris,
1178 215 1213 247 in
1235 214 1419 258 principatu

90 269 161 310 ejus
176 268 374 310 vigilantior,
387 275 448 298 nec
465 264 598 307 perinde
614 264 777 305 prosperis
792 263 904 295 socius
920 270 1019 303 quam
1035 262 1180 294 adversis
1199 262 1380 297 abstractus
1391 264 1418 298 ⁴.

130 317 313 349 111.1isdem
327 314 441 346 diebus
453 312 594 345 Lucilius
603 315 717 343 Bassus
730 320 804 343 cum
820 309 973 352 expedito
985 309 1094 350 equite
1106 310 1147 341 ad
1161 311 1420 351 componendam

91 365 298 406 Campaniam
312 363 466 401 mittitur,
482 359 686 392 discordibus
703 358 956 400 municipiorum
972 357 1087 389 animis
1104 357 1205 398 magis
1223 358 1306 390 inter
1319 359 1420 392 semet

90 421 188 454 quam
207 409 413 443 contumacia
435 408 589 440 adversus
608 407 791 447 Principem
806 407 829 439 ¹.
850 406 921 438 viso
941 404 1044 437 milite
1064 405 1172 445 quies3
1193 408 1224 437 et
1239 406 1420 438 minoribus

89 459 224 491 coloniis
244 457 429 498 impunitas.
445 460 564 496 Capuae
581 455 666 495 legio
683 454 780 485 tertia
796 453 961 485 hiemandi
978 461 1078 484 causa
1095 452 1229 492 locatur,
1248 455 1280 485 et
1300 454 1420 486 domus

88 506 229 538 illustres
243 505 370 536 afflictae
382 528 391 543 ,
406 512 506 544 quum
523 502 637 533 contra
650 501 898 533 Terracinenscs
909 500 921 518 ²
937 500 1025 532 nulla
1036 508 1097 541 ope
1107 500 1310 540 juvarentur.
1327 502 1420 533 tanto

87 553 264 593 proclivius
283 555 330 583 est
348 551 477 591 injuriae
494 559 591 590 quam
610 549 764 581 beneficio
782 549 885 581 vicem
902 548 1090 587 exsolvere,
1108 549 1184 588 quia
1197 548 1299 588 gratia
1313 547 1418 589 oneri,

90 599 171 632 ultio
184 600 216 631 in
229 602 356 640 quaestu
373 598 522 629 habetur.
538 597 653 629 solatio
667 597 729 628 suit
745 606 860 629 servus
872 595 1014 636 Verginii
1032 595 1194 636 Capitonis
1205 620 1213 635 ,
1232 605 1328 636 quem
1345 603 1418 636 pro-

88 647 227 680 ditorem
250 646 528 678 Terracinensium
552 645 696 676 diximus
710 644 737 685 ³,
763 644 909 685 patibulo
935 643 1053 674 affixus
1075 642 1108 673 in
1132 643 1245 674 iisdem
1271 643 1421 683 annulis,

89 703 170 735 quos
191 696 341 735 acceptos
363 703 381 725 a
399 693 531 724 Vitellio
547 692 706 732 gestabat.
731 694 771 724 At
789 696 901 724 Romae
927 694 1057 723 senatus
1080 693 1199 721 cuncta
1217 690 1422 731 Principibus

88 736 185 773 solita
201 741 210 759 ⁴
240 741 443 781 Vespasiano
469 740 631 778 decernit,
652 740 749 771 laetus
771 741 805 771 et
827 739 895 780 spei
912 740 1022 770 certus
1043 747 1050 768 z
1074 737 1194 778 quippe
1211 739 1340 778 sumpta
1365 745 1422 777 per

89 789 205 821 Gallias
217 789 453 830 Hispaniasque
467 788 575 819 civilia
586 796 686 825 arma,
700 787 799 819 motis
813 787 852 817 ad
868 786 989 817 bellum
1001 786 1176 823 Germanis,
1193 795 1267 816 rnox
1279 785 1420 825 Illyrico,

86 838 258 877 postquam
272 839 450 876 AEgyptum,
463 837 480 866 J
486 835 610 866 udaeam
624 835 814 875 Syriamque
827 838 859 865 et
872 843 985 865 omnes
1001 832 1182 873 provincias
1194 832 1421 872 exercitusque

88 882 325 922 lustraverant,
341 883 431 914 velut
445 882 575 922 expiato
589 884 750 913 terrarum
766 881 844 912 orbe
859 881 982 921 cepisse
995 880 1092 911 finem
1108 879 1313 911 ridebantur.
1329 879 1420 912 addi-

87 929 163 962 dere
189 930 390 962 alacritatem
409 929 599 970 vespasiani
624 929 739 961 litterae
763 931 930 969 tamquam
952 929 1103 958 manente
1122 927 1206 958 bello
1223 928 1364 968 scriptae.
1384 936 1422 959 ea

87 977 192 1018 prima
214 979 320 1019 specie
339 979 442 1009 forma
461 987 469 1008 :
487 980 632 1009 ceterum
652 980 687 1008 ut
709 977 860 1018 Princeps
882 975 1077 1015 loquebatur
1090 998 1099 1014 ,
1126 974 1233 1005 cixilia
1248 974 1259 992 ⁵
1282 975 1321 1006 dc
1338 983 1371 1006 se
1387 976 1421 1007 et

87 1024 274 1065 reipublicae
290 1025 429 1065 egregia.
449 1034 508 1056 nec
527 1028 659 1056 senatus
678 1024 870 1065 obsequium
891 1023 1010 1055 deerat.
1034 1021 1094 1062 ipsi
1115 1022 1318 1053 consulatus
1341 1030 1421 1054 cum

91 1073 165 1104 Tito
176 1073 256 1113 filio
268 1096 277 1111 ,
298 1075 464 1113 praetura
482 1074 679 1104 Domitiano
697 1075 729 1103 cc
753 1062 1144 1110 conszclare‘imperium
1157 1069 1169 1087 ⁶
1189 1068 1419 1103 decernuntur.

86 1142 93 1145 -
129 1123 183 1151 IV.
209 1119 338 1151 Miserat
361 1123 392 1151 et
415 1121 586 1151 Mucianus
606 1119 759 1160 epistolas
773 1119 813 1150 ad
833 1122 1001 1157 senatum,
1020 1126 1095 1158 quae
1111 1118 1280 1148 materiam
1294 1125 1420 1148 sermo-

88 1166 194 1198 nibus
210 1167 377 1207 praebuere
400 1170 450 1198 :si
469 1169 633 1207 privatus
654 1169 758 1205 essct,
785 1175 848 1198 cur
868 1165 1008 1206 publice
1032 1166 1255 1206 loqueretur?
1269 1166 1422 1205 poluisse

87 1214 208 1246 eadem
229 1223 360 1255 paucos
376 1216 455 1255 post
471 1214 540 1246 (lies
562 1215 632 1245 loco
652 1215 833 1245 sententis&
854 1213 934 1244 dici.
958 1213 1027 1252 ipsa
1049 1221 1182 1252 quoque
1205 1211 1370 1243 insectatio
1388 1210 1422 1243 in

88 1262 255 1293 Vitellium
277 1271 348 1294 sera
363 1264 395 1294 et
416 1262 487 1293 sine
509 1262 657 1293 libertate
673 1262 694 1292 ¹.
718 1261 748 1291 id
770 1270 847 1292 vero
868 1269 942 1300 erga
963 1259 1199 1300 rempublicam
1224 1258 1422 1300 superbum,

88 1317 161 1349 erga
180 1309 362 1350 Principem
385 1309 679 1346 contumeliosum,
703 1309 788 1348 quod
815 1310 849 1338 ‘in
877 1316 985 1339 manu
1011 1316 1076 1339 sua
1094 1307 1212 1347 fuisse
1238 1308 1422 1346 imperium

87 1354 322 1398 donalumque
345 1359 550 1397 Vespasiano
570 1355 723 1395 jactabat.
745 1357 888 1386 ceterum
910 1354 1034 1385 invidia
1058 1354 1089 1385 in
1108 1355 1240 1385 occulto
1253 1377 1262 1391 ,
1279 1352 1421 1384 adulatio

87 1401 120 1433 in
135 1407 248 1444 aperto
268 1407 370 1435 erant.
391 1404 494 1435 multo
511 1412 585 1434 cum
609 1403 730 1434 honore
754 1402 928 1434 verborum
949 1404 1115 1433 Μἰισίαηο
1134 1401 1368 1441 triumphalia
1382 1400 1422 1433 de

87 1450 171 1482 bello
193 1450 306 1482 civili²
331 1451 406 1482 data
430 1461 437 1481 :
462 1451 518 1482 sed
542 1453 574 1481 in
603 1452 785 1482 Sarmatas
807 1448 1004 1490 expeditio³
1036 1449 1229 1489 fingebatur.
1256 1447 1423 1479 adduntur

87 1499 204 1529 Primo
227 1500 374 1530 Antonio
401 1498 625 1537 consularia,
651 1497 808 1529 Cornelio
831 1499 944 1528 Fusco
967 1498 1001 1527 et
1024 1498 1123 1528 Arrio
1147 1498 1233 1527 Varo
1250 1496 1421 1535 proetorz'a

88 1545 248 1585 insignia.
267 1555 342 1576 mox
361 1546 437 1576 deos
453 1554 643 1586 respexere3
664 1546 799 1575 reslitzci
817 1543 1027 1584 Capilolz‘um
1044 1543 1177 1583 placuit.
1194 1551 1296 1582 eaque
1313 1542 1423 1573 omnia

88 1591 235 1624 valerius
256 1592 438 1625 Asiaticus⁴
464 1592 575 1623 consul
599 1591 786 1631 designatus
810 1591 937 1622 censuit
962 1600 970 1621 ε
990 1591 1090 1621 ceteri
1117 1590 1210 1621 vultu
1236 1598 1421 1629 manuque,

87 1640 193 1680 pauci,
207 1640 325 1681 quibus
338 1640 512 1680 conspicua
525 1639 664 1679 dignitas
677 1642 733 1670 aut
747 1638 913 1678 ingenium
928 1638 1114 1669 adulatione
1128 1638 1321 1675 exercitum,
1336 1644 1423 1667 com-

88 1686 204 1727 positis
221 1689 418 1720 orationibus
435 1687 704 1719 assentiebantur.
730 1686 785 1717 ubi
811 1686 851 1717 ad
873 1685 1058 1717 Helvidium
1080 1685 1224 1716 Priscum
1247 1686 1421 1724 praetorem

91 1733 294 1773 designatum
310 1738 456 1773 ventum,
472 1735 631 1774 prompsit
644 1733 854 1773 sententiam,
871 1735 908 1764 ut
924 1732 1136 1763 honorificam
1152 1732 1184 1762 in
1196 1732 1318 1762 bonum
1334 1730 1422 1761 Prin-

91 1782 207 1821 cipem,
223 1781 268 1812 ita
285 1781 366 1812 falsa
381 1781 512 1812 aberant
527 1781 553 1821 ⁵,
568 1783 599 1812 et
612 1781 728 1811 studiis
746 1781 879 1811 senatus
897 1779 1116 1811 attollebatur.
1133 1780 1225 1820 isque
1239 1778 1423 1819 praecipuus

92 1827 138 1860 illi
155 1827 241 1868 dies,
259 1837 384 1869 magnae
401 1828 535 1860 offensae
548 1828 679 1859 initium
696 1831 728 1859 et
744 1836 869 1867 magnac
886 1827 996 1867 gloriae
1013 1826 1087 1857 suit.

92 1959 240 1984 Terracina
254 1958 305 1982 sita
319 1958 347 1981 in
360 1962 389 1981 59
405 1956 532 1980 milliario
550 1955 598 1979 viae
615 1955 719 1984 Appiae,
736 1953 825 1978 Aricia
841 1953 866 1977 in
883 1951 1068 1978 sextodecimo
1081 1950 1212 1981 eiusdem.
1222 1962 1252 1968 —
1262 1954 1286 1975 ⁴.
1302 1950 1423 1976 Adversa

92 1994 201 2019 fortuna
216 1994 307 2018 fratris
321 1994 348 2017 in
361 1994 510 2023 perniciem
525 1992 662 2020 abreptus.

122 2029 164 2053 lll.
184 2035 204 2053 ι.
219 2030 277 2053 vid.
293 2029 337 2057 lll,
350 2034 440 2053 57.—-2.
459 2029 494 2052 De
509 2033 622 2057 quorum
636 2025 738 2049 meritis
752 2025 795 2054 111,
809 2029 910 2049 7s.—s.
924 2023 971 2052 ΠΙ,
987 2027 1087 2047 ⁷⁷.—-⁴.
1101 2021 1287 2046 Tribuniciam
1300 2022 1422 2051 potesta-

92 2066 148 2089 tem
159 2084 165 2095 ‚
180 2070 280 2089 nomen
293 2064 413 2094 Augusti,
428 2065 483 2088 etc.
500 2065 564 2088 Pars
578 2064 636 2092 ejus
650 2062 754 2085 decreti
768 2061 879 2084 inaenea
895 2059 986 2083 tabula
1003 2059 1133 2088 scripturn
1147 2059 1280 2086 superest*
1291 2069 1319 2074 -—
1330 2062 1353 2081 s.
1368 2058 1422 2082 Mo-

93 2100 184 2128 desta,
204 2100 281 2130 quasi
302 2100 368 2123 civis
389 2100 470 2123 esset.
481 2111 508 2115 -
520 2103 544 2123 s.
560 2099 610 2122 Per
632 2096 705 2127 quod
724 2097 858 2127 perpetuo
871 2094 1012 2119 duodecim
1032 2093 1150 2118 fascibus
1164 2092 1295 2117 utebatur
1309 2092 1337 2116 et
1349 2093 1421 2117 inter

95 2135 220 2160 consules
234 2135 338 2159 medius
351 2135 475 2159 sedebat.

123 2171 165 2195 Iv-
182 2177 203 2196 ι.
217 2172 283 2201 Quia
297 2171 400 2196 nullum
414 2171 468 2200 jam
484 2175 516 2194 ex
529 2169 574 2193 illo
588 2168 800 2199 periculum—2.
815 2168 912 2191 Amare
925 2166 1027 2190 dictum
1042 2172 1048 2189 :
1063 2171 1125 2190 narn
1141 2170 1196 2189 non
1209 2163 1260 2188 nisi
1273 2163 1308 2187 de
1319 2162 1421 2187 exteris

95 2205 221 2234 gentihus
242 2207 357 2231 devictis
382 2205 541 2235 triumphari
563 2205 680 2234 poterat.
698 2204 757 2228 Jam
778 2201 842 2226 alibi
860 2201 975 2225 vidimus
996 2201 1046 2225 sub
1069 2199 1283 2230 Imperatoribus
1299 2203 1355 2222 non
1376 2199 1420 2229 agi

94 2240 244 2271 triumphos
261 2242 294 2267 ab
311 2242 438 2271 ducibus,
459 2241 506 2265 sed
524 2239 718 2268 triumphalia
742 2238 890 2269 (insiqnia)
910 2237 942 2261 iis
958 2237 1068 2261 decerni
1082 2243 1088 2259 :
1104 2236 1212 2264 laurea,
1233 2234 1344 2263 trabea,
1361 2238 1416 2258 sce»

94 2277 195 2306 ptrum,
208 2279 308 2307 statua,
321 2277 463 2307 sacrificia,
476 2276 699 2306 supplicationes,
718 2275 823 2299 ete—⁵.
838 2273 878 2298 Ob
894 2273 1028 2297 Dacorum
1045 2272 1236 2302 repulsionem,
1254 2271 1297 2299 ΙΙΙ,
1312 2274 1383 2293 46.-
1396 2273 1410 2293 ⁴

95 2310 184 2336 Gener
197 2313 305 2343 Vitellii,
321 2314 340 2343 1,
355 2318 451 2337 :va—5.
470 2312 641 2336 constructio
655 2311 766 2338 variata,
779 2309 855 2340 quasi
866 2309 994 2333 dixisset:
1008 2308 1193 2333 senteutiam,
1207 2311 1269 2336 quoe
1285 2305 1319 2329 ut
1331 2304 1418 2328 hono-

96 2345 181 2376 rim-a
193 2349 258 2372 erac
270 2349 301 2372 in
314 2347 418 2372 bonum
427 2347 592 2377 Principem
602 2346 720 2377 (qualem
730 2345 850 2370 futurum
862 2350 921 2368 esse
933 2344 1123 2373 Vespasianum
1135 2341 1249 2366 credidit
1262 2337 1419 2366 Helvidius),

97 2381 140 2406 ita
151 2381 234 2412 falsa
248 2383 281 2409 ab
295 2389 328 2408 ea
344 2383 465 2410 aberant
475 2391 484 2408 .·
501 2388 557 2408 non
573 2383 642 2414 erat,
656 2383 687 2408 ut
700 2381 827 2410 aliorum,
841 2379 990 2405 honorifica
1002 2384 1051 2410 per
1065 2378 1258 2403 adulationem-
