1539 2668
129 168 174 209 xij
664 179 809 208 pnopal
817 179 910 208 ETAS

176 254 350 300 Perfecto
382 265 644 300 nonnunquam
674 254 790 288 utitur
819 254 966 289 Tacitus
984 281 992 297 ‚
1019 259 1059 288 ut
1078 253 1212 289 aoristo
1230 262 1297 288 suo
1317 253 1451 295 Graeci,

129 308 332 354 exprimens
352 307 447 354 quod
475 307 568 343 solet
593 307 667 342 fieri
686 335 694 350 ,
730 307 832 353 quasi
861 318 975 343 unum
996 307 1132 342 factum
1165 315 1371 341 memorans
1389 316 1455 352 pro

129 360 309 408 pluribus.
337 362 456 397 Haud
483 372 631 407 semper
654 361 911 407 crratsama,
940 360 1147 406 aliquando
1166 362 1202 395 et
1230 359 1352 405 eleqz't-
1383 363 1455 395 Po-

130 417 270 450 stremo
294 417 462 450 suasmet
481 417 562 461 ipse
593 426 677 461 spes
698 417 845 450 anteire
868 417 1016 460 parat:
1046 413 1146 459 quod
1172 413 1306 447 multos
1337 414 1456 448 etiam

131 467 244 503 bonos
256 478 413 514 pessum
434 478 559 503 DEDIT
576 495 584 509 ,
607 470 670 513 qui
687 470 822 514 spretis
842 478 923 513 (μαι)
941 468 1058 503 tarda
1076 468 1189 509 (sunt)
1211 476 1296 501 cum
1314 467 1457 501 securi-

131 523 223 565 tate,
244 523 490 568 praematura
507 520 566 556 vel
585 532 669 556 cum
685 523 808 557 emitto
826 531 1084 557 PROPERANT.

178 596 598 643 Plu-squampmfectzmz
613 597 847 643 subjunctivi
863 607 959 643 saepe
975 597 1044 632 vim
1060 596 1169 631 liabet
1186 594 1303 631 futuri
1320 595 1433 631 exacti
1447 607 1457 638 ς

130 650 322 697 aliquoties
343 650 450 685 etiam
471 650 674 696 imperfecti
693 650 947 697 subjunctivus
961 677 969 692 ‚
991 655 1034 685 ut
1053 649 1091 684 in
1107 649 1174 684 lioc
1190 649 1272 684 loco
1286 675 1295 692 ,
1315 649 1459 683 anseius

131 713 300 749 quonam
318 705 559 739 exercituum
577 706 633 739 vis
652 705 880 750 erumperet,
901 709 1073 750 eruptura
1089 707 1196 738 esset.

606 819 832 846 VERBORUM
858 819 980 846 mom.

178 912 412 947 Indicam-fus
437 911 594 957 obliquae
613 913 782 947 orationi
812 913 976 947 insertus
994 909 1129 956 legitur
1149 908 1349 955 saepissime
1366 933 1376 951 ‚
1397 907 1462 943 ubi

133 970 318 1010 exspectes
337 964 624 1009 subjunctivum.
646 964 751 1009 Quod
769 965 900 1011 partim
921 963 1123 999 necessario
1154 962 1216 1006 fit,
1240 959 1386 1007 quando
1405 970 1463 996 res

131 1028 197 1064 per
213 1028 250 1052 se
270 1027 352 1051 vera
371 1022 433 1051 aut
455 1016 548 1051 facta
566 1017 786 1062 interjicitur
811 1016 1024 1062 expositioni
1046 1016 1173 1051 alienae
1192 1014 1324 1049 mentis
1337 1041 1347 1057 ‚
1366 1013 1465 1050 velut

132 1068 335 1116 explicandi
353 1080 480 1111 causa3
499 1069 630 1115 parlim
647 1070 688 1104 lit
707 1080 769 1115 pro
779 1062 935 1114 ‘ingenio
950 1069 1065 1104 Taciti
1077 1095 1085 1109 ,
1103 1067 1203 1114 quod
1222 1078 1285 1113 per
1302 1067 1463 1112 vigorem

132 1124 235 1169 quasi
254 1124 291 1158 in
307 1133 383 1157 rem
405 1129 621 1168 praesentem
640 1123 769 1169 abripit
793 1123 947 1158 lectores
967 1128 1002 1158 et
1021 1123 1179 1167 obliquae
1198 1120 1375 1156 orationis
1388 1120 1463 1154 viu-

132 1175 213 1211 cula
232 1176 380 1210 relaxat.
402 1177 574 1221 Exempla
596 1175 726 1210 horum
745 1174 1025 1210 indicativorum
1046 1174 1181 1221 quaevis
1199 1184 1310 1220 prope
1336 1173 1464 1219 pagina

131 1228 351 1275 suppeditat.

180 1282 390 1316 Iudicatiuz'
412 1282 702 1326 prata-norma
718 1283 759 1314 in
781 1280 1101 1315 conditionalibus
1117 1279 1336 1321 sententiis,
1359 1279 1406 1314 de
1422 1289 1464 1314 re

131 1345 208 1370 uon
230 1334 350 1380 J'acta
377 1334 498 1379 positi.
536 1333 582 1367 Hi
610 1344 756 1379 quoque
776 1333 1041 1379 frequentiores
1073 1338 1159 1368 sunt
1181 1330 1278 1378 apud
1297 1332 1463 1368 Tacitum

131 1398 242 1434 quam
272 1386 367 1433 apud
397 1386 589 1432 scriptores
618 1386 721 1421 alios.
753 1386 943 1432 Ejusmodi
964 1385 1061 1422 enim
1084 1385 1224 1432 phrasis
1245 1397 1252 1419 z
1274 1386 1308 1419 si
1333 1395 1465 1420 rerum

127 1451 406 1488 prospcrarmu
430 1440 639 1474 moderatio
652 1438 797 1485 fuisset
812 1468 823 1483 ,
844 1443 989 1474 amicus
1000 1441 1132 1485 potius
1153 1441 1193 1473 iu.
1213 1438 1316 1473 hanc
1330 1438 1464 1473 urbem

132 1505 247 1541 quam
267 1496 401 1539 captus
416 1495 624 1536 venissem,
651 1493 680 1528 si
703 1493 752 1528 ita
773 1498 979 1539 comparata
1000 1497 1055 1527 est
1073 1498 1114 1527 ut
1134 1502 1285 1538 prorsus
1306 1490 1464 1527 dubitari

132 1559 207 1585 non
227 1546 343 1593 possit
360 1545 405 1581 de
423 1552 553 1581 eventu
573 1551 609 1581 et
624 1557 705 1582 vere
726 1546 820 1582 facta
846 1557 903 1581 res
925 1551 1021 1581 esset
1036 1572 1045 1589 ,
1066 1546 1136 1581 nisi
1161 1545 1364 1581 obstitisset
1379 1544 1461 1588 alia,

131 1601 351 1637 indicativus
376 1610 460 1634 cum
478 1600 510 1634 vi
529 1600 678 1645 ponitur
705 1600 743 1634 in
762 1600 876 1635 altero
902 1599 1067 1634 membro
1084 1626 1093 1642 ,
1123 1599 1177 1634 uti
1202 1598 1241 1633 in
1259 1597 1465 1634 recentiori-

132 1654 201 1690 bus
218 1663 364 1700 quoque
380 1652 514 1697 linguis
533 1664 540 1687 :
564 1655 597 1687 si
607 1652 741 1699 ιφ”έίαιζς
755 1664 875 1696 venu,
895 1652 924 1687 il
945 1651 1042 1687 e'taz'c
1061 1651 1179 1687 sauve'
1190 1678 1201 1698 ,
1224 1662 1304 1698 pro,
1330 1653 1467 1687 aurait

131 1707 200 1743 ete'.
234 1705 405 1752 Exempla
432 1706 575 1741 Tacitea
603 1717 715 1752 pauca
738 1705 784 1742 de
811 1705 980 1752 plurimis
1006 1714 1167 1751 ponam:
1194 1705 1465 1740 Trudebantur

132 1763 174 1796 iu
188 1760 366 1806 paludes,
385 1761 425 1794 ui
440 1762 571 1794 Cacsar
588 1759 749 1806 leqioues
765 1761 1026 1794 iustruacc‘sset.
1056 1757 1338 1803 offerebantur
1355 1757 1464 1792 liberi

133 1814 185 1858 (in
212 1811 354 1849 Claudii
386 1818 622 1858 conspectum
650 1813 834 1858 venturi),
870 1814 945 1847 uisi
972 1814 1178 1847 Narcissus
1206 1813 1375 1846 amoveri
1401 1820 1464 1845 eos

127 1868 317 1916 jussisset.
339 1867 376 1900 N
379 1867 390 1900 ι’
406 1866 548 1901 caeclem
560 1868 640 1912 ej‘us
653 1868 857 1901 Narcissus
871 1866 1174 1911 properacz'sset,
1195 1866 1366 1900 verterat
1373 1873 1464 1910 per-

133 1923 252 1959 uicies
272 1921 311 1954 iu
334 1922 611 1954 accusatorem.
642 1921 862 1954 luces-serat
876 1920 1067 1953 cunctatio
1081 1945 1093 1961 ,
1113 1919 1154 1953 ui
1177 1917 1292 1953 duces
1311 1920 1463 1954 Cremo·

133 1985 226 2011 uam
246 1974 535 2007 monstrassem.
561 1974 604 2008 Sa·
621 1971 843 2017 emnfatum
859 1971 1015 2017 aliquod
1033 1973 1076 2005 iu
1095 1970 1228 2006 Urbem
1239 1972 1463 2016 pertraxis-

132 2030 202 2072 set,
228 2028 443 2061 Ciceronem
466 2026 604 2060 audit-e
621 2028 758 2071 potuit.
779 2026 947 2061 Ceterum
965 2026 1002 2059 in
1021 2024 1147 2059 multis
1171 2023 1261 2058 locis
1282 2022 1463 2070 intelliges

132 2092 172 2116 ex
190 2078 238 2114 rei
260 2083 389 2112 natura
404 2078 480 2123 Jam
505 2079 651 2113 initium
680 2077 865 2125 quoddam
884 2088 967 2113 vere
998 2076 1135 2112 factum
1161 2075 1355 2121 significari
1388 2076 1462 2112 illis

133 2130 353 2172 indicativis7
373 2129 437 2164 sed
454 2141 529 2165 rem
553 2131 598 2166 ad
617 2137 786 2166 eventum
817 2142 890 2167 non
920 2130 1158 2177 processisse3
1195 2139 1460 2176 nonnunquam

133 2183 270 2230 aliquid
290 2182 394 2217 seriei
412 2188 592 2228 gestarum
622 2184 675 2219 vel
706 2185 947 2229 gerendarum
966 2193 1087 2218 rerum
1119 2182 1339 2218 conveniens
1359 2187 1395 2218 et
1416 2184 1460 2219 ab

132 2237 258 2273 Tacito
278 2246 353 2270 non
376 2236 509 2278 verbis,
531 2236 595 2272 sed
614 2237 742 2272 ordine
764 2237 956 2273 verborum
974 2236 1102 2272 leviter
1120 2235 1323 2271 indicatum
1341 2263 1350 2278 ‚
1373 2246 1458 2283 sup-

132 2289 221 2336 pleri
237 2288 345 2324 debet
368 2293 450 2323 ante
465 2290 678 2335 particulam
696 2292 782 2336 uisi,
805 2295 847 2326 ut
861 2289 1002 2325 Annal.
1025 2290 1057 2333 Ι,
1080 2293 1141 2332 35;
1161 2291 1213 2331 ΙΙ,
1233 2289 1297 2333 22,
1319 2295 1356 2325 et
1372 2289 1456 2326 alibi

133 2343 173 2379 in
189 2342 288 2378 notis
307 2342 445 2377 monui.

180 2416 418 2463 Subj'mzelim‘
437 2422 566 2452 natura
584 2424 619 2453 et
638 2429 727 2454 usus
742 2424 783 2453 ut
801 2418 836 2453 in
857 2417 956 2453 omni
976 2417 1151 2461 scriptore
1165 2416 1280 2453 latino
1307 2414 1461 2462 diligen-
