1539 2668
135 140 194 169 160
529 137 660 166 TACITI
686 135 893 165 ANNALIUM
915 135 991 165 Liss.
1016 137 1068 165 XI.

132 212 384 251 Imperatorem
399 209 503 249 jubet.
523 219 559 240 ac
587 209 728 249 primum
747 208 779 238 in
795 208 955 240 vestibulo
981 208 1120 248 effigiem
1137 209 1237 248 patris
1264 209 1331 241 Silii
1348 210 1356 228 ¹
1385 220 1461 243 con-

132 259 216 290 sulto
230 259 361 290 senatus
378 257 531 288 abolitam
548 258 767 295 demonstrat,
785 256 856 287 tum
868 279 877 294 ,
901 256 1054 296 quicquid
1082 256 1204 286 avitum
1226 257 1404 289 Neronibus
1426 259 1460 290 et

133 305 244 337 Drusis
256 330 265 344 ,
283 305 315 335 in
332 305 473 344 pretium
488 304 597 344 probri
615 304 749 334 cessisse
765 303 789 333 ².
806 303 1040 343 incensumque
1063 305 1094 334 et
1114 303 1152 333 ad
1171 303 1274 335 minas
1292 313 1458 345 erumpen-

132 356 198 386 tem
222 351 335 383 castris
363 352 483 389 infert,
511 353 621 391 parata
651 350 803 381 concione
824 350 986 389 militnm;
1006 350 1091 390 apud
1112 359 1193 390 quos
1209 375 1216 389 ,
1243 354 1460 390 przemonente

132 399 294 437 Narcisso,
311 408 413 438 pauca
425 398 526 429 verba
541 398 615 428 fecit
632 407 638 427 z
654 405 741 435 nam,
756 397 816 427 etsi
828 397 966 437 justum,
979 397 1121 428 dolorem
1138 397 1241 436 pudor
1252 397 1458 437 impediebat.

133 447 306 479 continuus
323 445 439 475 deliine
461 444 643 475 cohortium
670 444 789 474 clamor
815 446 953 475 nomina
973 452 1113 475 reorum
1135 446 1168 475 el
1183 453 1302 484 pamas
1318 444 1461 485 flagitan-

132 495 234 532 tium3
252 493 467 531 admotusque
484 491 580 522 Silius
597 490 751 522 tribunali
766 499 830 520 non
848 490 1089 530 defensionem,
1107 500 1170 521 non
1187 501 1293 523 moras
1309 494 1460 532 tentavit,

128 540 283 583 'precatus
298 542 339 571 ut
352 548 442 570 mors
456 538 722 569 accelerat—erm:
741 536 852 568 eadem
867 538 1045 568 constantia
1058 541 1089 568 et
1104 538 1244 569 illustres
1263 539 1392 579 Equites
1403 544 1460 571 Ro·

132 597 246 620 manos
263 587 398 627 cupidos
411 587 549 617 maturae
568 585 655 615 necis
669 584 754 616 fecit.
770 585 802 615 et
818 584 940 615 Titium
956 585 1126 615 Proculum
1140 610 1147 623 ,
1167 587 1334 617 custodem
1354 587 1460 619 aenio

130 634 310 667 Messalinae
339 633 469 672 datum,
496 633 528 663 et
554 631 710 662 indicium
734 631 922 662 offerentem
947 632 1089 662 Vettium
1119 632 1285 663 Yalentem
1301 658 1309 671 ,
1338 634 1461 664 conses-

131 691 204 714 sum
220 706 228 721 ,
243 682 275 712 et
292 680 482 721 Pompeium
498 679 653 710 Urbicum
671 688 708 710 ac
728 678 901 710 Saufellum
926 682 1064 718 Trogum
1083 688 1120 709 ex
1141 680 1278 711 consciis
1295 680 1387 711 [radi
1414 680 1461 712 ad

131 729 342 769 supplicium
361 728 463 767 jubet.
489 727 623 758 Decrius
654 735 783 766 quoque
806 726 1043 765 Calpurnianus
1063 750 1070 764 ,
1100 726 1234 764 vigilum
1263 728 1434 766 pra=tectns
1450 752 1460 767 ‚

130 776 291 815 Sulpicius
307 776 411 806 Rut'us
424 799 433 814 ,
451 773 521 805 ludi
536 773 547 791 3
566 774 758 814 procurator
773 798 782 812 ,
801 776 923 803 Juncus
940 773 1136 813 virgilianus
1151 796 1159 810 ,
1179 775 1328 814 senator,
1347 774 1460 806 eadem

130 831 224 862 poena
242 822 360 853 affecti.

172 873 307 901 XXXVI.
332 870 423 900 Solus
438 870 577 899 Mnester
594 866 833 898 cunctationem
851 866 974 901 attulit,
992 866 1148 897 dilaniata
1164 870 1253 897 veste
1271 867 1438 899 clamitans
1450 892 1460 907 ,

134 930 148 944 κ
166 917 322 957 aspiceret
335 916 505 947 verberum
524 918 633 953 notas,
652 914 911 945 reminisceretur
929 913 1020 944 vocis
1034 922 1097 952 qua
1115 923 1148 944 se
1168 914 1345 944 olmoxinm
1361 914 1461 953 jussis

133 978 149 992 u
166 965 347 996 Messalinae
363 963 503 994 dedisset
522 963 544 992 ¹.
564 962 633 993 aliis
650 961 818 1001 largitione
845 964 901 991 aut
919 961 985 1000 spei
1005 961 1244 1000 magnitmline,
1268 961 1328 992 sibi
1350 971 1389 992 ex
1406 970 1459 993 ne-

132 1024 149 1039 ιι
166 1011 314 1043 cessitate
331 1011 459 1050 culpam
474 1021 483 1049 3
501 1018 560 1040 nec
577 1009 729 1048 cuiquam
749 1011 824 1038 ante
840 1007 851 1024 2
878 1007 1082 1047 pereundum
1100 1007 1201 1038 fuisse
1217 1032 1224 1045 ,
1251 1008 1277 1038 si
1300 1008 1394 1039 Silius
1413 1017 1459 1039 re-

133 1071 148 1085 «
166 1068 238 1090 rum
253 1060 430 1098 poteretur.
449 1070 464 1084 u
483 1058 683 1087 commotum
699 1056 749 1086 his
767 1056 798 1085 et
814 1064 953 1094 pronum
970 1054 1009 1085 ad
1028 1054 1280 1085 misericordiam
1303 1060 1460 1087 Cfrsarem

130 1106 300 1146 perpulcre
314 1105 439 1144 liberti,
460 1113 502 1135 ne
520 1106 569 1135 tot
583 1102 782 1134 illustribus
802 1103 884 1132 viris
904 1101 1101 1139 interfectis
1124 1101 1287 1132 lusit-ione&
1311 1103 1461 1134 consule-

130 1155 252 1188 Μίαν,-
278 1154 397 1191 sponte
419 1160 464 1182 an
484 1152 622 1181 coactus
647 1151 720 1180 lam
745 1156 873 1187 masma
887 1149 1118 1187 peccavisset,
1143 1149 1233 1179 nihil
1254 1148 1397 1186 referre.
1416 1153 1461 1179 Ne

130 1199 240 1232 Trauli
258 1199 391 1238 quidem
406 1197 568 1236 Montani,
587 1195 704 1236 equitis
720 1194 874 1233 Romani,
893 1194 1037 1224 defensio
1053 1198 1179 1234 recepta
1195 1199 1252 1226 est.
1272 1196 1297 1226 is
1320 1195 1461 1226 modesta.

127 1247 262 1288 juventa
275 1270 283 1285 ,
302 1245 357 1277 sed
378 1254 512 1284 corpore
527 1243 662 1283 insigni,
681 1242 805 1273 accitus
821 1242 904 1271 ultro
921 1250 939 1271 a
954 1241 1141 1277 Messalina,
1165 1251 1239 1272 mox
1255 1241 1461 1281 proturbatus

130 1297 209 1326 erat.
231 1292 341 1324 Suillio
357 1292 526 1324 Caesonino
543 1294 574 1322 et
598 1290 724 1321 Plautio
742 1291 898 1320 Laterano
922 1297 1008 1318 mors
1031 1288 1227 1328 remittitur,
1254 1289 1328 1320 liuic
1345 1289 1386 1320 ob
1409 1298 1460 1329 pa·

130 1341 193 1374 trui
208 1340 372 1380 egregium
390 1340 540 1370 meritum
560 1338 591 1377 ³3
611 1337 800 1369 Caesoninus
816 1336 904 1367 vitiis
917 1335 1088 1366 contrariis
1102 1338 1268 1374 protectus
1282 1339 1338 1368 est.

171 1391 320 1420 XXXVII.
347 1387 479 1418 Interim
494 1385 663 1417 Messalina
685 1383 880 1415 Lucullianis
897 1384 929 1413 in
945 1382 1047 1413 hortis
1063 1382 1224 1422 prolatare
1242 1384 1339 1414 vitani
1352 1407 1360 1421 ,
1376 1393 1461 1414 com-

129 1444 249 1476 ponere
269 1443 399 1474 preces,
419 1433 571 1464 nonnulla
589 1440 647 1471 spe
661 1432 692 1462 et
711 1431 886 1470 aliquando
912 1430 981 1461 ira:
998 1432 1123 1460 tantum
1145 1430 1228 1461 inter
1244 1432 1387 1462 extrema
1410 1441 1459 1462 su-

129 1482 240 1523 perbia
253 1481 365 1520 egebat
381 1481 402 1510 ¹.
424 1489 462 1511 ac
475 1480 508 1510 ni
526 1479 646 1510 caedem
667 1479 736 1517 ejus
752 1478 919 1509 Narcissus
934 1476 1185 1517 properavisset,
1203 1480 1340 1508 verterat
1359 1477 1462 1517 perni-

129 1530 196 1561 cies
210 1529 241 1559 in
250 1529 483 1559 accusatorem.
500 1535 574 1557 nam
589 1525 741 1557 Claudius
756 1525 889 1555 domum
903 1532 1062 1563 regressus
1076 1526 1107 1554 et
1119 1524 1322 1563 tempestivis
1333 1525 1343 1541 ²
1357 1525 1461 1564 epulis

129 1577 305 1614 delinitus,
327 1575 382 1606 ubi
405 1576 481 1605 vino
504 1573 661 1611 incaluit,
686 1574 731 1603 ‘iri
750 1572 840 1610 jubet
867 1573 1095 1611 netrzle'arique
1112 1574 1246 1602 miserce
1269 1571 1349 1610 (lioc
1374 1573 1460 1603 enim

129 1624 229 1656 verbo
247 1632 341 1654 usum
356 1623 464 1653 ferunt
474 1622 499 1660 >,
514 1620 692 1652 dicendam
707 1619 752 1650 ad
766 1628 908 1650 causam
921 1621 1060 1658 poslcra
1074 1618 1128 1648 (lic
1142 1618 1286 1649 adesset.
1306 1619 1391 1657 quod
1408 1619 1461 1650 ubi

129 1671 276 1703 auditum
301 1674 332 1701 et
352 1670 555 1709 languescere
579 1668 645 1706 ira,
670 1666 774 1698 redire
798 1675 897 1699 amor,
922 1674 958 1696 ac
975 1665 1000 1696 si
1019 1667 1260 1704 cunctarentur,
1282 1666 1461 1705 propinqua

129 1727 194 1749 nox
211 1719 243 1749 et
259 1717 365 1748 uxorii
380 1715 521 1747 cubiculi
534 1714 691 1746 memoria
704 1713 899 1744 timebantur
910 1738 919 1751 ,
936 1712 1115 1752 prorumpit
1131 1711 1296 1743 Narcissus
1312 1736 1320 1750 ,
1339 1712 1460 1743 denun-

128 1767 254 1805 tiatque
268 1763 511 1795 centurionibus
527 1765 558 1793 et
572 1762 715 1800 tribuno,
734 1760 789 1800 qui
807 1760 953 1799 aderant,
966 1760 1104 1799 exsequi
1118 1758 1264 1798 cresl07n3
1282 1761 1334 1790 ‘ica
1349 1761 1460 1798 Impe-

129 1815 283 1843 ratorem
296 1811 429 1851 subere.
449 1813 558 1841 custos
584 1812 616 1840 et
632 1811 762 1839 exactor
782 1817 799 1838 c
816 1807 937 1838 libertis
956 1806 1084 1837 Euodus
1106 1805 1213 1836 datus„
1231 1806 1320 1845 isque
1344 1808 1459 1846 raptim

129 1859 162 1890 iu
186 1859 297 1890 hortos
317 1866 511 1898 przegressus
525 1881 533 1893 ,
559 1855 700 1896 repperit
721 1856 825 1885 tusam
855 1854 965 1892 humi,
994 1853 1158 1884 assidente
1181 1854 1282 1883 matre
1299 1852 1416 1892 Lepida
1433 1853 1459 1893 ³,

129 1915 203 1946 quae
214 1931 223 1946 ,
239 1906 364 1937 florenti
381 1905 454 1935 tiliae
470 1904 557 1934 haud
572 1912 724 1940 concors,
740 1901 898 1942 supremis
912 1901 980 1940 ejus
1001 1899 1249 1931 necessitatibus
1263 1900 1303 1930 ad
1327 1900 1461 1931 misera-

129 1954 250 1985 tionem
271 1954 376 1985 evicta
400 1953 480 1990 erat,
508 1950 745 1989 suadebatque,
761 1958 801 1980 ne
816 1956 1054 1988 percussorem
1068 1948 1291 1986 opperirecw·
1306 1957 1316 1977 .·
1343 1949 1459 1978 trans-

129 2002 194 2032 isse
220 2003 348 2039 vitam,
369 2008 476 2039 neque
503 1997 603 2029 cclzzccl
623 2005 728 2037 quam
755 1997 860 2027 morat
882 1995 983 2026 decus
1012 1993 1251 2035 maetenni-[cm.
1267 1993 1322 2024 sed
1350 1993 1459 2025 animo

130 2057 186 2088 per
215 2048 361 2079 libidines
386 2048 537 2086 corrupto
565 2045 644 2075 nihil
674 2045 846 2074 honestum
876 2043 1005 2080 inerat3
1030 2041 1240 2079 lacrimaeque
1265 2042 1296 2071 et
1322 2041 1458 2079 questus

130 2095 210 2126 irriti
237 2095 436 2126 ducebantur
451 2093 460 2111 ⁴
478 2118 486 2133 ,
516 2101 616 2133 quum
645 2092 770 2131 impetu
799 2089 1001 2121 venientium
1028 2088 1131 2127 pulsae
1160 2087 1264 2126 fores,
1294 2087 1459 2126 astititquc

159 2166 266 2189 XXXV.
283 2171 302 2188 1.
320 2165 357 2188 De
372 2165 448 2193 cujus
461 2164 550 2187 morte
563 2163 703 2186 narratum
716 2161 756 2189 lv,
774 2166 800 2184 ie
811 2161 839 2183 et
853 2164 888 2184 ie.
902 2171 927 2175 -
942 2164 965 2182 2.
984 2158 1012 2181 V⁴
1024 2163 1047 2181 c.
1062 2162 1087 2180 η
1098 2156 1199 2186 inf-,tine
1211 2161 1270 2180 —z.
1287 2156 1362 2179 Haud
1377 2155 1459 2180 dubie

130 2208 165 2224 v.
197 2203 211 2223 ἰ

129 2202 310 2260 διξαὶιίὲιζἸ-ΙΙΪΙ.
325 2234 458 2262 Claudius,
471 2234 533 2257 dolo
545 2233 694 2256 Messalinae
707 2232 790 2258 lusus,
806 2231 912 2254 dixerat
927 2228 1073 2257 aliquando
1088 2227 1226 2253 Mnesteri,
1243 2228 1276 2250 ut
1288 2227 1315 2249 in
1328 2225 1459 2250 erunibus

130 2272 220 2295 uxori
234 2277 292 2295 succ
309 2270 445 2294 obediret.
460 2282 486 2285 —
501 2274 524 2293 2.
540 2270 624 2298 Quam
641 2269 700 2292 sibi.
715 2280 743 2285 -
757 2273 778 2291 5.
795 2267 920 2291 Fortasse
936 2264 1059 2293 ejusdcm
1073 2263 1106 2286 dc
1125 2268 1179 2291 quo
1203 2263 1304 2285 dictum
1321 2263 1346 2285 in
1366 2261 1457 2290 Agric.

132 2312 296 2365 '‘kxxvu.
313 2347 332 2365 ι.
348 2341 424 2365 Adeo
438 2340 579 2368 abjecerat
602 2338 765 2368 superbiam.
782 2350 807 2354 -
823 2341 847 2360 2.
864 2336 906 2359 Sic
924 2335 1049 2358 dicuntur
1073 2339 1131 2363 quse
1149 2334 1212 2356 ante
1234 2332 1328 2356 horam
1355 2336 1456 2355 nonam

133 2376 187 2400 diei
201 2377 387 2401 sumebantur.
405 2389 432 2392 -
444 2381 466 2399 3.
482 2375 596 2399 Domitia
611 2374 717 2402 Lepida,
731 2372 830 2397 Valerii
845 2370 963 2395 Messala:
975 2375 1049 2396 uxor,
1063 2369 1204 2398 proneptis
1214 2367 1325 2392 Antonii
1338 2368 1365 2391 et
1378 2367 1462 2392 Octa-

134 2412 182 2436 viae
193 2413 295 2437 sororis
309 2412 433 2442 Augusti.
445 2423 471 2428 —
488 2416 510 2435 ⁴.
525 2410 758 2438 producebantur,
771 2409 799 2432 in
811 2407 921 2437 longum
935 2404 1159 2430 extrahebantur.
