1539 2668
412 146 707 177 NOMENCLATOR
728 143 1036 174 GEOGRAPHICUS.

74 223 218 255 Avernus
232 244 240 259 ‚
279 220 367 251 lacus
408 220 588 259 Campaniae
624 220 707 250 inter

114 264 230 292 Cumas
244 263 275 292 et
290 261 436 292 Puteolos
448 261 660 300 (Puzzuola),
675 260 705 290 11.

116 305 257 333 Averno.

74 343 198 375 Ausona
211 367 218 380 ‚
256 342 371 373 tluvius
405 342 575 373 Britanniae
587 365 595 380 ,
633 342 706 373 fort.

115 386 207 415 Avon
222 384 254 413 in
268 384 422 414 comitatu
446 382 624 422 Warwiclr,
640 383 709 413 aliis

116 426 147 456 N
150 433 213 463 yne
227 425 259 454 in
271 424 427 455 comitatu
440 423 707 463 Norlhampton.

75 468 216 504 Augusta
240 466 473 501 Taurinorum,
502 465 578 496 urbs
604 465 709 496 Galliae

115 506 297 545 Cisalpinae,
317 506 348 536 11.
372 507 492 537 Turin.

74 546 340 585 Augustodunum
353 569 361 583 ,
379 549 474 586 caput
491 546 660 577 AEduorum
677 546 708 577 in

114 587 209 618 Gallia
223 586 435 625 Lugdunensi,
446 587 478 617 h.
494 589 611 619 Autan
623 587 706 627 (dep.

113 627 405 667 Saone-cc-Loire).

72 674 220 712 Aviones,
239 674 374 713 populus
391 674 569 705 Germaniae
584 675 710 714 septen-

113 715 257 745 trionalis
277 715 315 745 ad
337 716 486 745 Havelam
503 716 554 754 11.,
580 715 650 746 31115
676 716 709 746 111

113 756 255 787 Holsatia
267 756 304 785 ad
320 756 454 786 fluvium
467 758 541 787 Alae
554 765 579 787 5.
596 758 706 787 Auwe.

74 798 189 835 Auzea,
207 797 372 827 castellum
390 797 560 836 Numidica,
575 797 605 827 in
620 801 708 828 Mau-

114 838 235 868 retama
253 841 395 869 Caesarea
408 862 416 877 ,
435 839 517 869 iuter
533 842 708 869 Caesaream

116 880 148 909 et
159 878 276 911 Sitiliii.

70 998 247 1036 Bactriana,
265 999 296 1029 in
312 999 397 1038 Asia,
409 999 441 1030 11.
459 997 583 1031 Bam-h.

71 1039 274 1070 Baduhennae
290 1040 381 1071 lucus
398 1049 404 1069 ε
426 1040 510 1070 1111110
527 1039 580 1070 3111
597 1039 630 1070 111
645 1039 707 1070 Fri-

114 1080 161 1110 sia
175 1080 382 1119 occidentali,
400 1081 454 1111 alii
470 1080 502 1111 in
518 1081 706 1120 septentrio-

113 1120 177 1153 nali
192 1122 319 1152 Batavia
332 1146 340 1161 ,
357 1121 464 1153 Galliae
480 1121 655 1161 provincia,
671 1122 709 1152 si—

112 1163 182 1192 tum
197 1165 321 1201 putant.

70 1208 204 1247 Baetica,
232 1218 306 1248 pars
332 1208 490 1248 Hispaniae
517 1208 685 1240 Ulterior-is
698 1233 706 1248 ,

114 1250 328 1289 complectens
346 1251 380 1280 la
401 1249 556 1281 Grenade
575 1252 607 1280 et
624 1250 708 1281 l’An-

114 1290 268 1322 dalouse'e
287 1293 319 1322 et
338 1291 459 1322 vicinos
474 1291 630 1330 quosdam
646 1293 707 1321 tra-

113 1332 193 1362 ctus.

70 1377 163 1413 Baiae,
175 1377 327 1417 oppidum
341 1378 523 1417 Campaniae
536 1386 610 1408 cum
626 1378 709 1409 ther-

113 1419 175 1449 mis
185 1443 193 1456 ,
211 1428 309 1458 prope
322 1420 470 1450 Puteolos
483 1419 686 1458 (chzzuola)
698 1443 706 1457 ‚

113 1459 167 1490 ubi
186 1460 343 1499 hodieque
360 1461 458 1491 Bata.

70 1500 211 1531 Baleares
224 1501 348 1538 insulae,
359 1510 455 1539 prope
466 1500 543 1530 litus
554 1501 708 1532 orientale

111 1541 288 1580 Hispaniae,
319 1542 476 1580 quinque,
506 1542 704 1581 Majorque,

111 1584 302 1622 Minorque,
321 1584 430 1621 Ιυὶςα,
448 1584 509 1612 etc.

70 1628 210 1667 Barium,
227 1625 437 1668 municipium
454 1628 576 1667 Apuliae
597 1632 707 1659 Peuce-

111 1669 175 1707 tiae,
194 1669 231 1699 ad
250 1678 336 1699 mare
355 1669 572 1707 Adriaticum,
588 1671 684 1700 Bari.

70 1717 241 1753 Bastarnae,
252 1715 386 1754 populus
403 1716 579 1746 Germaniae
589 1718 706 1747 Trans-

112 1756 282 1786 vistulanae
295 1780 303 1793 ,
337 1755 422 1786 inter
447 1758 582 1786 Pontum
613 1758 705 1787 Euxi-

111 1805 188 1827 num
205 1821 212 1835 ,
264 1796 450 1827 Sarmatiam
499 1801 684 1836 Europaeam
697 1822 705 1837 ,

113 1838 271 1868 vistulam
289 1840 320 1868 et
337 1837 511 1876 Carpathas
528 1840 661 1869 montes.

71 1878 197 1914 Batavi,
234 1878 419 1909 Germanica
444 1887 520 1917 gens
548 1879 581 1908 111
608 1878 706 1909 Gallia

113 1919 252 1957 Belgica,
269 1919 351 1950 inter
365 1918 446 1949 ostia
465 1919 566 1950 Rheni
581 1943 589 1958 ,
602 1920 705 1950 Vaha-

112 1960 156 1990 lin
173 1963 204 1990 et
223 1964 358 1990 Mosam.

70 2001 318 2039 Batavodurum,
331 2001 483 2040 oppidum
500 2003 704 2040 Batavorum,

112 2042 151 2072 ad
170 2041 317 2072 Rhenum
329 2065 339 2081 ,
365 2042 398 2074 11.
428 2041 513 2082 Wylz·
539 2044 569 2073 te
594 2044 706 2073 Dum·-

113 2083 231 2113 stedte.

70 2129 271 2169 Bedriacum,
295 2129 446 2170 oppidum
467 2129 574 2161 Galliae
592 2133 704 2161 Trans-

112 2170 269 2209 padanae,
295 2179 393 2211 prope
418 2170 612 2202 confluentes
641 2171 704 2201 Ad-

111 2210 184 2242 duae
201 2211 324 2251 (Adipte)
342 2214 374 2243 et
390 2211 477 2250 Padi,
496 2212 526 2242 h.
544 2213 681 2243 Canoto.

70 2257 174 2295 Belus,
191 2258 292 2289 amnis
309 2259 444 2290 Galilaeae
459 2259 647 2297 Superioris,
665 2267 702 2289 ex

109 2297 180 2328 lacu
205 2299 360 2331 Cendevia
375 2300 406 2330 111
427 2299 592 2330 Judaicum
616 2309 703 2331 mare

111 2338 280 2411 decurrlens
292 2364 302 2380 ,
337 2340 472 2372 habetur
512 2349 568 2380 pro
602 2343 702 2372 Kar-

112 2381 215 2411 Dana
244 2403 251 2410 .

1320 145 1376 175 491

745 218 980 256 Beneventum,
1017 218 1170 257 oppidum
1197 218 1315 250 Samnii
1348 219 1380 249 111

788 258 889 297 ltalia,
908 260 1111 289 Benevento.

745 301 890 338 Berytus,
904 299 980 329 urbs
994 299 1172 337 phoeniciae,
1185 300 1215 330 111
1226 300 1381 339 paschata

787 343 867 371 Aere
880 342 911 371 et
927 339 1028 377 said,
1046 340 1076 370 11.
1095 342 1254 371 Βαῑνοιιί.

746 381 858 412 Betasii
872 405 880 419 ,
898 381 1033 420 populus
1049 382 1117 412 sive
1133 381 1310 412 Germaniae
1330 385 1380 412 In-

788 422 911 452 serioris
933 423 1001 453 sive
1026 422 1134 453 Galliae
1150 422 1301 462 Belgicae,
1319 423 1381 453 situ

788 463 921 493 incerto.

745 503 911 542 Bingium,
944 502 1096 542 oppidum
1124 504 1325 543 vangionum
1350 504 1382 534 in

787 544 885 575 Gallia
914 544 1036 583 Belgica
1048 568 1057 584 ,
1086 544 1123 575 ad
1150 545 1297 576 Rhenum
1309 569 1317 583 ,
1349 545 1380 575 11.

789 587 927 624 Bursian.

745 626 906 664 Bithynia,
925 625 1089 665 provincia
1105 633 1219 664 magna
1234 626 1315 657 Asiae
1327 626 1382 656 Mi-

787 667 873 697 noris
889 667 928 696 ad
944 670 1078 697 Pontum
1096 667 1265 697 Euxinum.

745 707 905 743 Bodotria,
919 708 1104 739 aestuarium
1122 707 1304 745 Britanniae,
1319 716 1382 738 non

787 748 877 787 longe
908 748 948 779 ab
980 748 1159 786 Edinburgo
1171 772 1180 788 ,
1212 749 1313 780 Fir-th
1347 748 1388 787 of

786 788 906 820 Forllz.

745 829 832 866 Boii,
850 839 927 868 gens
939 831 1054 861 Celtica
1068 853 1076 868 ,
1092 838 1164 868 quae
1179 830 1286 860 multis
1305 829 1383 860 locis

786 870 972 902 consederat
990 874 1025 902 ut
1044 871 1075 901 in
1103 870 1264 901 Boiheniia
1280 873 1312 901 et
1328 874 1381 902 Ba-

786 910 886 950 varia,
900 912 940 942 ab
950 913 1027 951 ipsis
1041 911 1380 943 nomentrahentibus.

745 954 852 982 Bonna
863 975 871 990 ,
907 953 1061 993 oppidum
1090 952 1264 982 Germaniae
1299 952 1383 983 Inse-

786 993 878 1023 rioris
916 994 984 1025 sive
1019 992 1127 1025 Galliae
1165 993 1312 1031 Belgicae,
1348 993 1381 1024 11.

786 1035 893 1064 Βοηη.

744 1074 896 1113 Bononia,
910 1074 1066 1114 oppidum
1083 1075 1188 1106 Galliae
1201 1074 1381 1114 Cisalpinae,

787 1114 817 1145 11.
833 1116 991 1155 Boloyne.

745 1157 884 1194 Boresti,
903 1156 1038 1196 populus
1054 1156 1223 1187 Britanniae
1234 1180 1243 1195 ,
1259 1156 1383 1187 incerto

786 1196 859 1228 situ.

745 1241 902 1276 Bosporus
916 1238 983 1268 sive
999 1241 1216 1276 Bosporanum
1234 1246 1380 1277 regnum,

787 1278 824 1309 la
842 1279 971 1310 Crime'e
985 1280 1018 1309 et
1035 1279 1071 1309 la
1089 1279 1160 1309 co'te
1174 1279 1382 1310 occidentale

786 1321 819 1350 et
828 1319 1051 1350 meridianam
1059 1319 1144 1350 dela
1157 1328 1229 1350 mer
1237 1319 1380 1350 d’Azow.

744 1360 874 1391 Bovillae
886 1385 894 1399 ,
921 1360 1077 1400 oppidum
1106 1361 1184 1391 Latii
1207 1359 1246 1391 ad
1275 1360 1379 1391 lacum

788 1401 954 1438 Albanum,
978 1402 1009 1431 h.
1028 1403 1179 1432 Marino.

744 1441 919 1480 Brigantes,
936 1443 1069 1481 populus
1083 1442 1265 1479 Britanniae,
1284 1442 1315 1472 111
1333 1450 1383 1473 co-

786 1483 953 1513 mitatibus
967 1482 1211 1522 cumberland,
1224 1484 1381 1514 tr'escmo-

786 1524 927 1558 reland,
968 1525 1174 1562 Lancaster‚
1216 1523 1302 1554 Yorli·
1349 1527 1381 1555 et

785 1565 956 1596 Durham.

744 1605 915 1636 Brixellum
927 1630 935 1644 ‚
950 1605 1103 1645 oppidum
1120 1605 1228 1635 Galliae
1250 1605 1379 1645 Cisalpi-

785 1655 852 1683 nae,
868 1647 906 1677 ad
926 1647 1047 1677 Padum
1058 1670 1066 1685 ,
1091 1654 1189 1685 prope
1210 1650 1356 1677 Parmam
1369 1670 1378 1685 ,

784 1687 935 1718 Ber-seno
949 1696 975 1718 s.
991 1688 1153 1719 Bresello.

743 1728 860 1766 Brixia,
878 1729 961 1759 inter
978 1731 1141 1759 Mantuam
1157 1729 1189 1759 et
1202 1731 1380 1768 Veronam,

786 1770 932 1800 Brescia.

742 1810 905 1848 Bructeri,
942 1809 1080 1849 populus
1119 1810 1298 1840 Germaniae
1340 1809 1379 1840 ad

785 1853 955 1889 utramque
977 1850 1080 1889 ripam
1097 1849 1222 1880 Amisiae
1247 1850 1378 1889 (Ems),

785 1890 817 1919 111
846 1890 1008 1922 hodiernis
1032 1890 1190 1921 tractibus
1216 1891 1378 1930 Mimlerz,

786 1930 993 1970 Osnabrzcclt,
1007 1933 1177 1969 Munster,
1189 1931 1376 1963 Benchezm.

742 1971 954 2002 Brundusium
968 1996 976 2010 ,
994 1971 1146 2012 oppidum
1163 1973 1329 2012 Messapiae
1346 1973 1379 2003 in

784 2012 873 2043 Italia
890 2013 1040 2044 Inferiore
1052 2037 1060 2051 ,
1080 2013 1119 2044 ad
1136 2021 1222 2045 mare
1241 2014 1376 2045 Adriati-

783 2062 870 2091 cum,
889 2054 1043 2086 Erindes.

742 2094 836 2132 Buri,
856 2095 995 2134 populus
1007 2094 1201 2133 Germaniae,
1216 2095 1253 2125 ad
1272 2095 1376 2126 sontes

783 2136 917 2166 vistulae
942 2137 974 2167 et
995 2136 1103 2166 viadri
1128 2135 1244 2175 (oder)
1274 2145 1377 2174 usque

783 2177 823 2207 ad
848 2177 970 2216 Brigam
988 2179 1020 2209 et
1038 2177 1224 2209 cracoviam
1247 2177 1377 2216 (Silesie

782 2218 962 2257 (czcstrale).

741 2259 939 2298 Byzantium,
959 2258 1247 2298 Constantinople

1033 2320 1083 2363 C.

741 2382 913 2413 Caeracates
937 2381 1072 2422 populus
1097 2379 1205 2412 Galliae
1224 2378 1374 2419 Belgicae,
