1539 2668
538 90 575 118 A.
599 90 637 118 U.
663 89 697 117 C.
722 88 793 117 800.
818 90 854 119 A.
879 90 914 118 C.
937 90 988 120 47.
1377 90 1435 121 153

105 165 241 206 pecunia
252 190 263 205 ‚
279 165 396 196 additis
415 164 624 204 stipatoribus
635 188 643 202 ,
662 163 809 194 hortatur
832 165 962 204 qentile
976 164 1080 196 decus
1093 174 1219 205 onaqno
1234 168 1351 198 animo
1374 177 1434 200 ca-

99 221 237 253 pessere
252 224 262 244 .-
285 213 389 244 illum
413 213 568 251 primum
601 213 712 241 Romce
734 212 850 242 ortum
866 235 874 249 ,
896 220 956 243 nec
972 211 1122 243 obsidem
1135 236 1143 251 ,
1160 212 1219 243 secl
1236 215 1341 245 cii-em
1357 239 1365 253 ,
1383 217 1435 248 ire

103 261 287 291 externum
304 259 351 290 acl
368 260 561 297 imperium.
581 265 624 288 ,ac
643 258 747 297 primo
765 258 859 289 laetus
888 258 1053 289 Germanis
1076 259 1247 297 adventus,
1271 263 1367 301 atque
1382 271 1433 300 ee,

104 308 190 346 quod
216 306 312 337 nullis
338 304 507 336 discordiis
531 305 678 335 imbutus
697 304 764 344 pari
792 305 822 335 in
843 314 957 336 omnes
982 305 1089 336 studio
1106 308 1235 345 ageret,
1259 308 1431 347 celebrari,

104 354 165 384 coli
178 378 186 392 ‚
208 352 306 384 modo
323 352 508 382 comitatem
535 353 567 382 et
589 351 837 391 temperantiam
854 352 933 382 nulli
951 352 1051 383 invisa
1063 377 1073 392 ‚
1092 353 1211 393 swpius
1223 354 1436 387 vinolentiam

104 408 141 431 ac
167 399 316 431 libidines
332 398 356 437 ²,
376 400 465 438 grata
499 397 667 436 barbaris,
690 406 863 438 usurpans.
889 399 1020 439 jamque
1045 400 1131 440 apud
1160 401 1344 440 proximos,
1368 406 1436 440 jam

102 448 230 487 longius
245 447 438 483 clarescere,
458 454 560 485 quum
579 445 757 485 potentiam
789 448 857 486 ejus
886 449 1128 487 suspectantes,
1156 447 1212 487 qui
1239 448 1435 481 factionibus

101 494 292 531 floruerant,
318 493 489 523 discedunt
513 493 552 523 ad
583 493 803 524 conterminos
829 494 981 533 populos,
1002 503 1039 525 ac
1062 493 1277 526 testificantur
1304 510 1319 524 «ι
1337 497 1436 528 adimi

103 554 119 570 οι
139 543 280 572 veterem
299 540 476 571 Germaniae
496 539 677 570 libertatem
697 542 729 570 et
748 544 907 571 Romanas
931 550 1007 580 opes
1024 540 1189 581 insurgere
1206 551 1212 572 :
1229 542 1307 574 adeo
1331 545 1436 576 nemi·

103 600 120 617 ιε
135 596 209 619 nem
229 587 341 618 iisdem
363 587 396 617 in
420 587 515 618 terris
529 591 658 625 ortum,
683 587 738 626 qui
758 588 935 627 print-ipen}
950 588 1059 618 locum
1078 588 1227 628 impleat,
1246 590 1308 621 nisi
1323 592 1436 631 explo-

103 646 120 662 κ
135 635 248 666 ratoris
261 634 361 665 Flavii
376 634 541 673 progenies
552 643 647 674 supra
664 637 797 665 cunctos
815 635 1001 666 attollatur?
1018 637 1149 666 Frustra
1162 637 1342 668 Arminium
1357 647 1436 678 prae-

102 694 118 709 «
137 681 259 713 scribi3
280 691 287 712 z
306 681 398 720 eujus
426 682 454 712 si
479 681 561 711 tilius
590 681 700 712 hostili
727 682 760 712 in
788 683 855 713 solo
877 683 1029 713 adultus²
1059 683 1090 713 in
1112 692 1246 723 regnum
1272 685 1434 726 venisset,

103 742 118 757 «
135 738 228 769 posse
244 728 431 766 extimesci,
446 729 601 760 infectum
622 729 794 767 alimonie,
815 730 962 769 sei-vitio,
981 730 1083 768 cultu,
1101 730 1254 762 omnibus
1270 733 1434 764 externis:

104 790 118 804 «
137 778 170 807 at
191 776 216 807 si
241 779 372 816 paterna
390 776 501 806 Italico
520 785 610 806 mens
628 778 728 814 esset,
758 786 822 807 non
847 777 943 807 alium
971 777 1128 807 infensius
1147 786 1235 808 arma
1252 781 1365 811 contra
1382 790 1435 820 pa·

103 835 118 850 «
140 824 235 854 triam
257 832 294 853 ac
309 823 385 853 deus
401 825 532 862 penates
550 832 646 862 quain
663 827 829 862 parentem
848 825 916 863 eius
932 824 1123 854 exercuisse.
1144 836 1160 850 »

142 874 236 902 XVII.
264 870 318 901 His
334 872 432 909 atque
448 870 567 900 talibus
585 880 717 909 magnas
734 871 841 913 copias
859 879 1000 909 coegere.
1021 880 1077 901 nec
1094 872 1259 910 pauciores
1286 874 1434 907 Italicum

99 917 316 957 sequebantur
334 927 341 947 ε
363 930 377 943 «
402 926 466 947 non
484 917 570 947 enim
594 918 747 957 irrupisse
764 918 801 948 ad
821 917 959 956 invitos,
987 918 1042 947 sed
1069 918 1210 949 accitum
1226 933 1240 946 n
1274 929 1435 953 memora-

102 979 117 993 «
135 966 222 997 bant.
251 977 264 991 «
284 964 413 1005 quando
441 965 608 996 nobilitate
634 966 757 996 ceteros
783 965 937 1004 anteiret,
962 965 1118 996 tirtutem
1136 967 1374 1009 experirentur,
1393 978 1434 1001 an

101 1026 118 1042 u
135 1013 269 1052 dignum
286 1021 320 1043 se
343 1014 461 1051 patruo
481 1012 646 1051 Arminio,
674 1021 736 1043 avo
759 1014 930 1043 Catumero
957 1012 1126 1052 pra=beret.
1149 1022 1207 1044 nec
1233 1017 1357 1054 patrem
1384 1026 1436 1048 ru-

102 1074 118 1088 «
136 1060 205 1092 hori
217 1083 225 1098 ‚
255 1059 340 1099 quod
366 1059 462 1090 tidem
477 1060 633 1091 adversus
652 1063 813 1090 Romanos
826 1084 834 1098 ‚
854 1059 1039 1090 volentibus
1063 1061 1230 1092 Germanis
1246 1065 1408 1103 sumptam
1425 1088 1434 1103 ,

103 1120 119 1135 «
136 1115 303 1146 nunqnam
319 1106 491 1137 omissiset.
507 1106 586 1137 salso
606 1107 763 1138 libertatis
776 1107 969 1138 vocabulum
986 1106 1119 1138 obtendi
1132 1108 1172 1138 ab
1186 1108 1225 1139 iis
1236 1133 1244 1148 ,
1261 1110 1317 1149 qui
1331 1111 1435 1150 priva-

102 1167 119 1182 «
139 1154 197 1186 tim
213 1154 404 1193 degeneres,
428 1153 460 1184 in
478 1154 646 1192 publicum
666 1154 817 1192 exitiosi,
844 1154 922 1185 nihil
946 1155 1013 1194 spei
1034 1155 1092 1185 nisi
1111 1164 1167 1195 per
1184 1155 1365 1189 discordias
1381 1159 1436 1190 lia-

103 1214 119 1230 «
136 1201 245 1232 beant.
264 1213 280 1228 »
310 1200 498 1240 Astrepebat
527 1201 602 1231 bine
632 1202 736 1232 alacre
762 1201 878 1241 vulgus
894 1213 901 1240 ;
931 1204 964 1232 et
993 1211 1109 1240 magno
1138 1202 1221 1233 inter
1250 1203 1403 1238 barbaros
1422 1207 1431 1224 ¹

100 1248 213 1290 proelio
242 1248 347 1280 vietor
369 1258 443 1286 rex;
469 1247 542 1279 dein
564 1248 706 1278 secunda
734 1248 862 1279 fortuna
889 1248 928 1278 ad
957 1249 1140 1288 snperbiam
1164 1250 1335 1291 prolapsus
1364 1253 1435 1292 pul-

100 1305 232 1336 susque.
251 1305 288 1326 ac
305 1305 417 1326 rursus
429 1295 712 1326 Lmieobardoruin
730 1296 845 1336 opibus
866 1296 1002 1327 refectus
1014 1322 1022 1335 ,
1038 1297 1180 1336 perlaeta
1191 1322 1199 1338 ,
1212 1306 1268 1337 per
1284 1299 1434 1341 adversa,

100 1351 151 1374 res
164 1343 341 1374 Cheruscas
357 1342 541 1373 at'tlietaluit.

140 1393 251 1421 XVIII.
278 1394 336 1421 Per
366 1389 451 1420 idem
482 1392 608 1429 tenipus
632 1389 777 1429 Chauci,
804 1389 891 1419 nulla
914 1389 1115 1421 dissensione
1136 1391 1242 1429 domi,
1270 1394 1301 1423 et
1329 1395 1434 1427 morte

100 1437 266 1477 Sanquinii
287 1437 292 1454 ¹
315 1437 456 1475 alacres,
485 1437 562 1467 dum
590 1437 728 1468 Corbulo
755 1437 930 1475 adventat,
958 1437 1141 1468 inferiorem
1158 1440 1362 1471 Germaniam
1386 1442 1434 1472 in·

100 1492 289 1522 cursavere,
313 1483 396 1514 dure
412 1487 578 1514 Gannasco
596 1494 602 1514 z
621 1484 676 1523 qui
703 1484 834 1515 natione
857 1484 1070 1523 Canninet'as,
1097 1485 1253 1517 auxiliare
1276 1496 1322 1518 tes
1343 1487 1352 1504 ²
1376 1488 1433 1520 diu

99 1531 246 1569 meritus,
259 1532 331 1570 post
345 1532 520 1569 transfuga,
537 1531 662 1562 levibus
676 1530 811 1570 navigiis
826 1530 1067 1571 przedahundus
1081 1532 1244 1563 Gallorum
1260 1534 1270 1551 ³
1293 1535 1434 1568 maxime

99 1586 188 1609 oram
210 1577 372 1617 vastabat,
391 1587 455 1608 non
483 1578 614 1617 ignarus
631 1578 714 1609 dites
749 1579 781 1608 et
807 1577 953 1608 imbelles
971 1586 1051 1609 esse.
1076 1581 1116 1609 At
1138 1579 1277 1611 Corbulo
1300 1582 1433 1620 provin-

100 1625 183 1657 ciam
196 1625 361 1664 ingressus
381 1634 496 1664 magna
512 1634 587 1656 cuin
604 1634 680 1655 cura
693 1627 758 1664 ,.et
774 1634 850 1655 mox
865 1624 964 1664 gloria
976 1650 984 1663 ,
1005 1626 1056 1656 cui
1079 1626 1273 1666 principium
1300 1628 1354 1659 illa
1377 1629 1434 1660 mi-

99 1673 169 1703 litia
193 1672 276 1710 suit,
304 1672 452 1704 triremes
478 1673 571 1703 alveo
589 1672 711 1711 Rheni,
736 1674 857 1703 ceteras
890 1672 1043 1711 navium,
1071 1676 1107 1703 ut
1122 1682 1260 1714 quaeque
1284 1675 1431 1710 habiles,

100 1728 156 1759 per
168 1719 318 1751 aestuaria
335 1722 367 1750 et
383 1720 483 1750 fossas
504 1719 608 1758 adegit
624 1730 631 1757 ;
656 1719 871 1758 lintribusque
892 1720 1033 1750 bostium
1048 1719 1205 1760 depressis
1218 1722 1249 1752 et
1261 1717 1297 1752 ek
1305 1722 1433 1756 turbato

100 1769 282 1805 Gannasco,
298 1766 353 1797 ubi
373 1766 544 1806 praesentia
561 1767 640 1797 satis
657 1766 838 1805 composita
853 1769 949 1805 sunt,
964 1767 1106 1805 legiones
1122 1776 1257 1807 operum
1270 1771 1302 1800 et
1315 1769 1432 1803 laboris

99 1813 252 1852 ignavas,
272 1813 538 1853 populationibus
554 1813 702 1844 laetantes
715 1837 723 1851 ‚
750 1815 891 1844 veterem
915 1813 957 1844 ad
981 1822 1104 1844 morem
1127 1815 1277 1854 reduxit,
1304 1819 1432 1857 nequis

99 1861 226 1900 agmine
242 1859 413 1891 decederet
426 1868 485 1891 nec
501 1869 643 1900 pugnam
654 1861 716 1890 nisi
731 1860 840 1898 jussus
854 1860 958 1891 iniret.
979 1860 1134 1891 stationes
1146 1884 1154 1899 ‚
1167 1861 1300 1901 vigiliae,
1315 1862 1433 1894 diurna

99 1910 320 1946 nocturnaque
341 1907 452 1937 munia
469 1906 503 1937 in
518 1907 615 1937 armis
636 1905 851 1945 agitabantur.
867 1906 1038 1946 feruntque
1053 1907 1209 1946 militem,
1221 1911 1280 1948 qui
1296 1909 1432 1941 vallum

98 1961 165 1984 non
181 1955 354 1985 accinctus
365 1978 375 1992 ‚
391 1955 496 1994 atque
510 1954 622 1984 alium
633 1977 643 1992 ,
659 1954 741 1993 quia
753 1955 904 1993 pucflonc
919 1953 1077 1984 ίαηΐῑιῃυἱ
1092 1955 1431 1997 αεσὶηείῑιςίοᾶᾱνεί,

98 2002 208 2032 morte
224 2002 377 2040 punitos.
408 2009 482 2039 quae
498 2000 615 2038 nimia,
634 2003 665 2030 et
680 1999 837 2030 incertum
856 2008 897 2030 an
911 2000 990 2030 falso
1002 2000 1086 2040 jacta
1097 2024 1105 2039 ,
1119 2001 1275 2040 originem
1292 2005 1400 2034 tamen
1413 2012 1431 2035 e

98 2047 269 2079 severitate
294 2047 385 2078 ducis
414 2050 560 2086 traxere;
584 2047 812 2086 intentumque
840 2049 872 2078 et
893 2048 1019 2086 magnis
1044 2047 1170 2078 delictis
1197 2048 1431 2082 inexorabilem

99 2093 182 2126 scias
192 2118 200 2133 ,
216 2094 269 2125 cui
283 2096 409 2126 tantum
423 2094 606 2134 asperitatis
622 2093 718 2124 etiam
733 2094 889 2124 adversus
905 2093 989 2125 levia
1004 2094 1208 2127 credebatur.

142 2145 220 2172 XIX.
245 2144 394 2173 Ceterum
410 2141 437 2172 is
453 2143 557 2173 terror
575 2140 693 2172 milites
710 2142 884 2180 hostesque
904 2140 936 2171 in
953 2140 1121 2173 diversum
1140 2142 1260 2174 affecit.
1289 2151 1348 2174 nos
1365 2143 1430 2174 vir-

101 2223 155 2242 —2.
179 2217 366 2248 Pctulanttam,
392 2217 541 2242 ferociores
559 2217 683 2242 affectus.
697 2231 725 2235 -
738 2223 761 2242 5.
776 2217 916 2247 Praetendi,
927 2218 1071 2247 praetextui
1081 2219 1150 2242 sumi
1164 2221 1195 2243 ut
1207 2221 1343 2249 patruum.
1356 2232 1386 2237 —
1397 2225 1422 2245 4.

102 2253 244 2311 viz-52:3¹·
258 2289 318 2316 Pro,
331 2290 362 2312 ut
375 2289 447 2312 inter
456 2288 594 2316 barbaros,
610 2289 640 2312 ut
654 2289 717 2312 sunt
730 2293 774 2312 res
786 2288 973 2312 barbarorum.

131 2322 227 2346 xvul.
255 2329 276 2347 ι.
298 2324 420 2348 Praetecti
443 2324 499 2346 tum
520 2323 657 2347 inferioris
678 2324 833 2347 Germaniae.
848 2329 912 2347 —e-
929 2324 1070 2353 Stipendia
1092 2325 1168 2349 inter
1188 2325 1345 2349 auxiliares·
1359 2331 1427 2350 —s.

104 2357 211 2387 Bclgiae.
223 2370 251 2376 —
260 2363 282 2383 4.
293 2358 353 2383 Non
367 2360 450 2383 etiam
459 2359 566 2388 gladio:
584 2365 646 2383 nain
659 2359 764 2384 milites
787 2359 884 2389 eladio
900 2359 988 2384 cincti·
995 2360 1108 2390 fossam
1121 2361 1268 2392 aperiunt,
1286 2361 1425 2391 vegetius.

1152 2406 1189 2438 7.
