1539 2668
536 177 798 206 ELOCU'I'IONIS
820 178 1011 207 TACITEAE.
1389 181 1426 204 lx

109 255 150 289 ut
166 252 258 290 bello
272 255 465 300 impares,
490 252 564 295 (ita)
588 254 626 287 in
642 263 739 298 pace
759 251 857 287 nihil
879 253 1085 297 amisszzri;
1107 254 1149 286 ut
1172 254 1324 297 quisque
1337 261 1432 297 pro·

106 315 187 342 cax
206 318 293 353 ore,
329 307 406 349 (ita)
426 308 596 342 Annium
624 308 746 341 variis
769 307 993 341 criminibus
1012 307 1273 350 incesserant;
1291 307 1333 339 ut
1349 305 1434 350 quis

98 359 273 405 sortunae
290 362 400 407 inops
413 388 423 404 ,
448 360 613 395 moribus
629 360 815 403 turbidus,
839 360 914 403 (ita)
932 360 1147 405 promptius
1168 359 1349 400 ruebant,
1370 356 1433 392 ubi

107 412 354 449 observandus
373 419 428 448 est
448 413 595 459 pluralis
615 413 734 456 verbi,
755 413 840 459 quia
862 412 901 448 in
919 411 1201 459 pronominibus
1225 413 1380 457 quisque
1399 414 1437 445 et

107 468 188 512 quis
216 465 414 502 multitudo
444 465 657 512 designatur
684 476 749 512 per
774 465 1160 501 commemorationem
1182 463 1435 508 singulorum

107 519 238 555 deinde
263 518 484 556 conferenda
514 519 676 566 exempla
704 530 812 565 supra
845 518 963 566 posita
990 518 1029 554 in
1054 517 1219 554 Positivo
1249 522 1330 563 post
1354 525 1435 550 voe.

105 576 260 617 quanto.

153 649 320 685 Alterum
338 650 544 686 membrum
565 649 849 697 comparationis
871 660 1139 696 nonnunquam
1160 647 1287 689 abest,
1313 645 1376 681 ubi
1399 656 1438 681 re

106 701 185 748 ipsa
205 702 292 738 satis
311 702 518 739 indicatur:
536 703 654 750 plura
674 703 857 739 uoeorz'bus
873 703 1059 749 objectari
1076 703 1200 749 (quam
1230 700 1352 744 viris);
1373 709 1441 735 sae-

102 765 192 810 pius
207 767 423 801 misericors
446 769 567 812 (quam
586 775 703 813 poenae
726 767 899 807 exactor).

629 872 887 908 PRONOMIN
891 874 937 908 A.

156 972 371 1006 Prononzen
415 970 617 1016 personale
648 970 811 1018 genitivo
843 982 928 1007 casu
961 970 1110 1017 ponitur
1142 968 1338 1014 aliquoties
1363 978 1439 1013 pro

107 1025 332 1069 possessive,
356 1023 419 1059 sed
436 1024 702 1069 significatione
721 1024 843 1071 paullo
869 1025 1010 1066 latiore,
1036 1029 1078 1059 ut
1106 1026 1208 1058 Anu.
1231 1023 1290 1064 ΙΥ,
1314 1025 1371 1063 24,
1395 1020 1441 1057 de

111 1076 315 1119 Dolabella,
330 1079 456 1123 prc'mo
474 1079 536 1112 sui
553 1080 712 1122 incessu,
731 1078 791 1113 ubi
807 1084 863 1114 est
878 1081 1043 1113 incessus
1057 1087 1141 1111 cum
1155 1075 1311 1111 exercitu
1330 1074 1440 1111 modo

110 1134 301 1166 contracto
323 1129 538 1171 incedentis,
556 1131 712 1176 proinde
735 1131 817 1177 plus
846 1142 954 1178 quam
975 1142 1056 1166 suo.
1077 1151 1121 1154 —-—
1144 1131 1190 1164 Ea
1224 1128 1439 1174 pronomina

109 1191 206 1228 saepe
225 1183 445 1218 omittuntur
464 1184 526 1218 ubi
543 1184 596 1218 vel
615 1194 652 1219 re
669 1184 747 1229 ipsa
766 1190 1029 1225 monstrantur,
1049 1182 1263 1229 utflaqz'tia
1281 1184 1441 1217 invicem

111 1234 209 1278 (sibi)
230 1235 496 1281 obJectavere5
516 1238 557 1271 ut
574 1239 739 1271 erectum
760 1240 795 1272 et
809 1237 996 1283 fidentem
1024 1237 1146 1271 aninn’
1171 1235 1370 1277 (hominem
1388 1238 1440 1278 se)

109 1288 345 1334 ostenderet,-
372 1288 426 1323 vel
447 1289 723 1324 constructione
736 1316 745 1332 ,
771 1295 812 1324 ut
829 1292 959 1335 sponte
976 1290 1120 1324 clia—isse
1139 1292 1202 1331 (se)
1231 1287 1439 1334 respondit.

159 1372 394 1405 Pronomz'nu
409 1371 711 1406 demonstrativa
733 1371 818 1406 item
842 1371 880 1406 in
899 1370 1078 1417 ejusmodi
1099 1371 1187 1405 locis
1206 1371 1443 1414 omittuntur,

111 1421 173 1458 ubi
194 1423 324 1459 ceteris
343 1423 462 1459 verbis
483 1424 539 1459 vel
565 1434 718 1459 casuum
743 1425 999 1460 terminatione
1028 1424 1117 1458 satis
1139 1422 1332 1458 manifeste
1353 1423 1442 1460 indi-

111 1480 252 1511 cantur.
274 1476 333 1513 Sic
354 1476 454 1511 idem
473 1487 618 1523 quoque
635 1488 840 1523 pronomen
862 1488 869 1511 :
892 1477 1007 1512 Mella
1023 1476 1178 1519 (iisdem)
1198 1476 1332 1522 quibus
1356 1477 1442 1512 Gal-

109 1529 161 1565 lio
176 1532 215 1565 et
233 1531 373 1565 Seneca
387 1530 614 1576 parentibus
632 1533 758 1565 natus.

159 1584 233 1618 Hic
307 1583 370 1618 Izic
388 1594 463 1618 non
476 1594 558 1619 raro
573 1583 750 1619 dicuntur
767 1583 922 1619 vividius
938 1594 1004 1631 pro
1022 1583 1084 1618 Ιιιέ
1161 1581 1237 1617 ille.
1260 1585 1346 1618 Haee
1365 1584 1442 1630 ipsa

112 1636 176 1671 Ιιίο
193 1641 230 1672 et
243 1636 304 1671 ille
323 1647 585 1683 nonnunquam
605 1637 654 1672 ita
673 1643 875 1683 ponuntur,
896 1642 937 1673 ut
956 1636 1016 1672 Ιιῖε
1033 1642 1171 1683 spectet
1191 1635 1236 1671 ad
1265 1638 1443 1672 remotius

111 1689 346 1734 vocabulum,
364 1690 424 1725 ille
437 1690 480 1725 ad
497 1690 662 1736 propius,
682 1700 802 1737 neque
821 1700 975 1737 usquam
1005 1695 1127 1725 tamen
1154 1695 1288 1725 temere
1304 1702 1313 1733 ς
1345 1690 1445 1725 velut

114 1743 256 1780 Annal.
276 1745 340 1785 VI,
377 1747 433 1785 37,
467 1743 529 1778 nio
555 1744 606 1785 (in
635 1743 909 1779 constructione
938 1743 1128 1786 remotior)
1160 1748 1216 1778 est
1242 1745 1444 1789 Imperator

113 1798 320 1839 Romanus,
338 1796 403 1832 ille
415 1796 549 1832 dieitur
566 1795 612 1832 de
631 1807 715 1843 rege
735 1796 905 1832 barbaro.

162 1880 477 1913 Demonstrativa
491 1889 566 1924 pro
586 1878 780 1924 refleoeivz's
802 1877 999 1925 aliquando
1017 1878 1135 1924 posita
1150 1888 1229 1913 esse
1249 1877 1441 1914 videntur:

115 1931 182 1975 sic,
205 1933 239 1966 is
257 1933 297 1966 in
320 1933 541 1965 moestitiam
561 1933 790 1976 compositus
812 1934 853 1966 ut
875 1942 959 1967 eum
983 1931 1050 1976 [se]
1069 1932 1109 1965 in
1133 1933 1249 1976 Syria
1269 1933 1446 1968 sisterent

116 1984 279 2027 orabat5
297 1986 428 2020 Caesar
439 1994 658 2030 quanquam
672 1984 804 2020 edictis
820 1987 1026 2021 monuisset
1037 1995 1084 2019 ne
1097 1985 1180 2029 quis
1194 1985 1352 2030 quietem
1363 1985 1445 2030 ejus

118 2040 252 2082 [suam‚
266 2037 323 2072 vel
339 2036 466 2083 ipsius]
479 2039 777 2083 interrumperet
791 2050 802 2071 .-
817 2035 881 2072 sed
895 2037 933 2072 in
948 2036 1082 2072 talibus
1095 2036 1262 2080 observa,
1275 2037 1442 2072 Tacitum

117 2101 223 2127 suam
260 2090 441 2126 narrantis
473 2100 666 2137 personam
700 2089 918 2126 substituere
946 2089 977 2125 ei
1003 2090 1108 2136 qu'us
1135 2090 1356 2126 sententiam
1390 2101 1443 2126 ex-

115 2143 234 2192 ponit.

165 2224 339 2262 Relativa
357 2227 600 2272 pronomina.
628 2228 698 2263 Per
715 2225 796 2262 haec
821 2225 1027 2262 inchoatam
1049 2229 1271 2260 structuram
1295 2223 1446 2260 Tacitus

118 2289 386 2326 nonnunquam
403 2280 461 2322 (ut
478 2280 662 2316 Homerus
688 2290 783 2326 saepe
802 2280 840 2315 in
866 2277 1199 2326 comparationibus
1218 2281 1302 2323 post
1324 2275 1447 2311 relati-

120 2344 206 2370 vum
225 2334 281 2376 ὡς)
300 2331 422 2368 subito
441 2332 629 2379 abrumpit
645 2338 681 2369 et
700 2333 739 2369 in
760 2332 912 2369 liberam
927 2331 1236 2368 constructionem
1258 2328 1347 2372 abit,
1367 2328 1445 2374 pul-

121 2387 211 2425 chro
236 2385 413 2429 artificio,
447 2396 520 2433 quo
544 2386 723 2423 sententia
751 2386 997 2433 grammatica}
1019 2383 1209 2419 vinculum
1237 2380 1442 2427 frangendo

121 2426 278 2486 emergit
301 2438 464 2477 nitidior.
494 2440 624 2485 Qualia
648 2446 758 2476 sunt:
789 2444 900 2487 Leqes
925 2439 1160 2475 Cretensium
1187 2446 1281 2482 quas
1297 2436 1437 2479 Μίηοε,

1301 2495 1332 2517 a·
