1539 2668
521 129 558 158 A.
584 129 623 158 U.
646 129 682 158 C.
705 129 775 158 822.
801 130 838 159 A.
861 130 897 159 C.
921 129 974 160 69.
1353 134 1413 163 2927

86 205 180 238 blicae
197 205 330 244 faciunt)
358 204 490 245 epulum
516 202 603 244 plebi
633 203 675 235 ob
703 203 850 235 laetitiam
873 204 1012 236 recentis
1034 204 1159 245 imperii
1182 205 1363 246 obtulerat,
1387 209 1421 239 et

86 252 226 293 populus
261 252 413 293 pleraque
437 251 504 282 sine
532 250 628 282 modo
656 250 833 283 festinavit.
864 251 1091 292 Carthaginem
1122 254 1240 285 ceterae
1271 254 1425 288 civitates

85 302 216 332 secutae.

127 350 274 380 LXXVII.
298 347 350 379 Sic
365 347 529 379 distractis
548 346 746 379 exercitibus
761 355 798 377 ac
814 346 994 386 provinciis
1010 346 1140 379 Vitellio
1159 348 1290 387 quidem
1308 349 1346 380 ad
1369 359 1423 382 cao

86 393 276 433 pessendam
298 394 495 434 principatus
513 394 674 426 fortunam
692 393 774 424 bello
792 402 872 433 opus
889 396 957 425 erat
976 403 982 424 :
1002 394 1087 425 Otho
1104 399 1140 425 ut
1162 395 1195 425 in
1223 396 1324 426 multa
1343 406 1424 437 pace

86 440 195 472 munia
211 441 337 481 imperii
352 440 482 481 obibat,
500 442 651 482 quaedam
669 450 708 472 ex
726 440 881 480 dignitate
908 440 1111 481 reipublicae,
1139 442 1293 482 pleraque
1309 447 1422 475 contra

85 487 184 520 decus
195 496 233 519 ex
251 488 402 528 praesenti
419 498 480 520 usu
499 488 712 530 properando.
729 487 841 518 consul
860 496 934 517 cum
948 488 1074 520 Titiano
1097 489 1192 520 fratre
1215 490 1248 520 in
1270 490 1421 521 kalendas

86 534 216 566 Martias
242 534 330 574 ipse,
358 535 526 575 proximos
545 544 671 567 menses
694 534 846 574 Verginio
865 534 1003 566 destinat
1025 535 1031 553 ¹
1053 539 1089 566 ut
1112 536 1241 576 aliquod
1264 538 1422 568 exercitui

84 581 274 615 Germanico
292 581 557 614 delenimentum.
574 583 722 623 jungitur
736 581 886 621 Verginio
906 583 1074 622 Pompeius
1089 584 1247 622 Vopiscus
1262 586 1421 624 praetexto

84 628 202 660 veteris
220 629 389 667 amicitiae,
409 630 556 669 plerique
572 629 802 661 viennensium
832 628 947 659 honori
970 628 1082 660 datum
1113 630 1420 670 interpretabantur.

89 676 187 707 ceteri
211 677 398 707 consulatus
419 685 456 707 ex
483 676 698 708 destinatione
722 676 857 707 Neronis
874 677 929 706 aut
950 676 1060 707 Galbae
1082 686 1243 716 mansere,
1272 678 1367 708 Ces-lio
1383 688 1429 711 ac·

84 723 193 754 Flavio
207 722 330 754 Sabinis
349 724 380 754 in
394 724 493 754 Julias
506 748 514 762 ‚
535 723 623 754 Arrio
638 723 776 754 Antonio
799 725 833 753 et
856 722 957 753 MariO
975 723 1067 754 Celso
1093 724 1125 754 in
1155 725 1359 764 Septembres
1376 725 1387 742 ²
1409 735 1425 756 :⁴

83 778 223 810 quorum
242 770 354 801 honori
372 780 412 801 ne
429 771 579 801 Vitellius
599 771 728 810 quidem
748 770 851 800 victor
868 769 1056 801 intercessit.
1078 771 1138 802 Sed
1155 772 1240 802 Otho
1257 772 1421 811 pontifica-

84 819 136 849 tus
153 820 392 856 auguratusque
405 818 570 848 honoratis
585 818 650 857 jam
677 817 807 848 senibus
826 816 995 846 cumulum
1018 816 1183 856 dignitatis
1200 819 1323 850 addidit
1342 829 1348 849 :
1364 819 1422 851 aut

83 873 194 896 recens
211 864 251 895 ab
269 864 380 895 exsilio
395 873 540 896 reversos
557 864 679 895 nobiles
697 863 951 895 adolescentulos
968 863 1064 894 avius
1087 874 1123 895 ae
1152 868 1294 905 paternis
1313 875 1420 897 sat-er-

83 911 179 942 dotiis
195 911 226 942 in
245 912 396 942 solatium
413 911 559 943 recoluit.
587 911 743 942 Redditus
770 910 869 942 Cadio
895 911 995 950 Rufo,
1021 911 1116 942 Pedio
1144 912 1264 951 Blaso,
1294 914 1419 944 Saerino

83 958 253 999 Pomptino
269 959 453 990 senatorius
470 960 571 990 Iocus.
590 958 841 999 repetundarum
865 958 1054 989 criminibus
1070 959 1130 989 sub
1146 960 1278 990 claudio
1298 970 1335 990 ac
1363 965 1420 992 Μ·

83 1014 162 1037 rone
181 1005 364 1037 ceciderant
380 1016 387 1036 τ
403 1007 522 1048 placuit
539 1005 780 1046 ignoscentibus
791 1013 884 1037 verso
898 1006 1136 1046 nomine‚quod
1152 1007 1286 1037 avaritia
1303 1009 1420 1048 tuerat,

83 1053 185 1084 videri
209 1054 448 1093 maJestaten13‚
468 1054 561 1093 cujus
581 1056 651 1084 tum
670 1054 744 1083 odio
762 1053 859 1084 etiam
878 1053 970 1084 bonae
984 1054 1068 1093 leges
1084 1053 1240 1093 peribant.

128 1103 293 1132 Lxxvut.
321 1101 435 1132 Eadem
451 1101 619 1140 largitione
636 1100 817 1131 civitatium
833 1108 960 1139 quoque
980 1109 1016 1131 ac
1036 1101 1277 1140 provinciarum
1292 1102 1418 1134 animos

85 1155 252 1186 aggressus
269 1148 521 1187 Hispaliensibus
542 1151 571 1177 et
591 1146 845 1178 Emeritensibus
873 1146 1086 1177 familiarum¹
1115 1147 1308 1185 adjectiones
1321 1174 1328 1188 ‚
1346 1149 1417 1180 Lin-

85 1193 247 1234 gonibus²
276 1194 433 1225 universis
462 1195 630 1226 cixitatem
656 1198 833 1225 Romanam
848 1218 855 1232 ‚
877 1194 1053 1233 provinciae
1076 1194 1202 1225 naeticae
1228 1199 1416 1227 Maurorum

85 1240 231 1273 civitates
249 1242 334 1274 dono
349 1242 437 1274 dedit
457 1253 462 1273 :
483 1251 566 1273 nova
581 1244 652 1281 jura
671 1241 902 1281 cappadociw,
918 1250 1001 1272 nova
1020 1241 1155 1280 Africae,
1174 1245 1299 1272 ostenta
1315 1244 1417 1283 magis

85 1295 182 1327 quam
198 1298 360 1321 mansura.
383 1293 467 1320 Inter
487 1298 560 1329 quae
577 1289 768 1320 necessitate
786 1289 995 1329 praesentium
1026 1298 1133 1319 rernm
1160 1291 1191 1319 et
1218 1290 1415 1322 instantibus

85 1336 171 1366 curis
186 1339 337 1368 excusata
351 1361 358 1375 ‚
385 1346 423 1367 ne
441 1339 510 1367 tum
529 1336 659 1376 quidem
680 1337 851 1367 immemor
874 1344 1041 1374 amorum,
1059 1339 1183 1366 statuas
1198 1340 1342 1376 Pappa-a·
1358 1347 1413 1378 per

84 1384 402 1415 senatusconsultum
421 1384 565 1424 reposuit
579 1382 602 1411 3.
623 1383 765 1414 creditus
779 1387 827 1414 est
841 1383 937 1415 ctiam
954 1383 992 1413 de
1007 1382 1196 1413 celebranda
1209 1385 1341 1415 Neronis
1355 1394 1416 1415 mc-

83 1431 183 1462 moria
213 1431 386 1471 agitavisse
412 1440 467 1472 spe
494 1432 625 1471 vulgum
650 1429 823 1462 alliciendi.
852 1433 883 1461 et
916 1431 1003 1461 suere
1026 1430 1081 1469 qui
1108 1430 1263 1470 imagines
1297 1432 1415 1463 neroni

83 1479 298 1517 proponerent
317 1488 323 1508 :
348 1481 444 1518 atque
459 1479 559 1509 etiam
585 1478 707 1510 Othoni
737 1478 931 1518 quibusdam
961 1477 1076 1508 diebus
1095 1477 1233 1517 populus
1253 1481 1283 1509 et
1301 1479 1414 1519 infles,

82 1527 246 1565 tamquam
262 1525 459 1557 nobilitatem
474 1535 510 1557 ac
528 1526 626 1557 decus
641 1527 834 1565 astruerent,
848 1527 976 1556 Neroni
995 1525 1114 1557 Ollzom'
1132 1525 1331 1556 acclamavit.
1345 1526 1413 1566 ipsc

82 1571 115 1602 in
130 1572 311 1612 suspenso⁴
329 1573 434 1604 tenuit
447 1573 577 1604 vetandi
593 1575 717 1604 metum
734 1573 784 1603 vel
803 1573 999 1612 agnoscendi
1014 1572 1181 1613 pudorem.

123 1623 251 1651 LXXIX.
277 1621 448 1651 Conversis
464 1621 503 1651 ad
528 1620 623 1651 civile
646 1620 766 1651 bellum
788 1619 904 1651 animis
922 1620 1140 1651 externa‘sine
1157 1629 1233 1651 cura
1250 1620 1411 1651 habs-ban-

80 1666 144 1698 tur.
167 1675 204 1698 eo
216 1667 387 1699 audentius
401 1668 581 1698 Rhoxolani
595 1691 602 1706 ,
618 1667 795 1699 Sarmatica
810 1676 884 1707 gens
897 1692 905 1706 ‚
926 1668 1032 1707 priore
1054 1667 1160 1698 bieme
1174 1667 1268 1698 ca‘sis
1286 1668 1411 1699 duabus

81 1713 266 1745 cohortibus
286 1723 399 1754 magna
412 1724 468 1754 spe
487 1715 526 1745 ad
548 1715 693 1746 Moesiam
717 1716 918 1755 irruperant,
950 1723 1067 1746 novem
1086 1715 1187 1745 millia
1204 1715 1348 1754 equitum
1370 1724 1411 1746 ex.

80 1759 196 1790 ferocia
210 1764 239 1791 et
259 1770 407 1792 successu
424 1761 543 1801 praedae
559 1761 660 1800 magis
680 1770 776 1801 quam
795 1770 912 1800 pugnae
929 1762 1063 1793 intenta.
1081 1761 1177 1800 igitur
1198 1771 1297 1801 vagos
1311 1765 1342 1793 et
1362 1762 1410 1792 in—

80 1806 223 1838 curiosos
251 1807 346 1839 tertia
373 1808 456 1847 legio
482 1808 641 1847 adjunctis
665 1808 795 1839 auxiliis
824 1811 956 1848 repente
980 1809 1110 1839 invasit.
1139 1809 1223 1848 apud
1249 1813 1410 1841 Romanos

79 1853 187 1885 omnia
200 1854 311 1894 proelio
325 1857 401 1894 apta
417 1864 424 1884 z
439 1857 591 1886 Sarmatae
608 1854 744 1894 dispersi
772 1857 829 1885 aut
854 1855 1005 1894 cupidine
1031 1855 1147 1894 praedae
1173 1864 1285 1894 graves
1311 1865 1409 1888 onere

78 1901 272 1932 sarcinarum
291 1903 322 1932 et
337 1901 461 1932 lubrico
483 1901 639 1933 itinerum
658 1901 808 1941 adempta
830 1910 989 1942 equorum
1005 1901 1192 1941 pernicitate
1206 1902 1293 1932 velut
1309 1903 1410 1934 tincti

78 1947 295 1980 caedebantur.
312 1957 450 1989 namque
468 1949 587 1980 mirum
605 1948 691 1980 dictu
708 1950 743 1980 ut
758 1948 764 1965 ¹
783 1948 824 1979 sit
841 1949 946 1980 omnis
966 1951 1183 1980 Sarmatarum
1198 1949 1301 1980 virtus
1318 1949 1406 1979 vetut

77 1996 168 2026 extra
190 1995 287 2036 ipsos.
307 1996 388 2026 nihil
412 1995 451 2027 ad
472 1995 652 2036 pedestrem
679 2005 819 2037 pugnam
836 1998 902 2027 tam
929 1996 1082 2035 ignavum
1100 2005 1106 2026 ι
1124 1995 1178 2026 ubi
1205 2004 1260 2035 per
1284 1999 1406 2027 tux-nias

77 2041 256 2084 advenere,
279 2043 334 2074 vix
352 2043 417 2075 ulla
441 2044 525 2075 acies
553 2042 726 2075 obstiterit.
750 2043 805 2075 sed
825 2046 895 2074 tum
915 2043 1050 2074 humido
1071 2042 1123 2074 die
1143 2045 1174 2075 et
1207 2043 1314 2074 soluto
1331 2043 1405 2083 gelu

107 2142 233 2166 LXXVII.
253 2148 275 2166 ι.
295 2142 359 2167 Nam
375 2148 438 2166 usus
454 2143 645 2173 suffectorum
670 2142 702 2166 ab
729 2142 940 2172 Imperator-ibus
966 2141 1107 2166 consulum
1122 2142 1221 2165 dudum
1239 2142 1401 2166 invaluerat.

82 2177 133 2206 Qui
153 2177 276 2202 Kalendis
301 2178 438 2202 ,Ianuariis
461 2178 631 2202 consulatum
660 2177 773 2207 inibant,
803 2178 952 2202 ordinarii
974 2177 1145 2201 vocabantur
1162 2179 1190 2201 et
1212 2183 1282 2200 anno
1302 2183 1402 2201 nezncn

76 2211 217 2237 dabant.—
228 2218 254 2237 Ξ.
269 2214 312 2237 Sc.
334 2214 531 2238 kalendas—3.
548 2214 656 2238 Crimen
671 2213 739 2237 laesae
758 2213 914 2243 majestatis
938 2213 1043 2237 ‚Iudicia
1060 2213 1217 2243 majestatis
1236 2219 1266 2236 ex
1292 2213 1401 2236 immani

75 2247 160 2272 abusu
175 2249 203 2272 in
219 2254 354 2272 summum
365 2249 457 2273 odium
474 2249 589 2274 adducta
602 2249 725 2276 fuerant:
742 2255 767 2272 v.
781 2250 857 2273 Αηη.
870 2249 890 2278 I,
905 2254 933 2273 72
946 2254 1023 2279 seqq.

106 2283 248 2306 LXXVIII.
266 2289 287 2307 ι.
301 2285 338 2308 Eo
364 2285 560 2308 mittendarum
576 2285 607 2307 ad
619 2284 799 2314 firmandam
814 2284 957 2313 coloniam,
973 2284 1036 2309 coll.
1049 2286 1123 2309 Ann-
1138 2285 1208 2313 xm,
1223 2288 1247 2307 5¹
1260 2290 1265 2311 ;
1276 2283 1347 2312 Ἦν,
1361 2287 1400 2306 27·

81 2330 111 2335 —
123 2322 149 2341 2.
166 2317 276 2342 Vitellio
293 2318 470 2343 vehementer
493 2320 602 2344 deditis.
624 2320 676 2344 Sed
693 2321 768 2344 recte
782 2319 921 2344 dubitatur
937 2326 971 2344 an
991 2326 1046 2344 non
1063 2320 1108 2344 hic
1127 2319 1212 2344 lateat
1236 2318 1402 2347 Hispunicoe

78 2353 168 2384 gentis
181 2353 294 2383 alicujus
306 2360 475 2379 nomen—5.
489 2357 626 2384 ProrutaS,
640 2355 792 2385 Amz.x1x‘,
807 2360 903 2381 ei.—4.
920 2356 951 2381 In
962 2356 1074 2381 incerto.

106 2388 224 2413 LXXIX.
241 2394 261 2412 ι.
275 2390 302 2413 A
313 2390 377 2420 quel
382 2391 468 2421 point
479 2390 562 2416 vertit
574 2390 703 2415 Burnouf.

1201 2429 1259 2466 13.
