1539 2668
602 159 653 186 DE
675 158 940 188 ORATORIBUS.
1372 161 1429 192 471

107 244 179 267 eam
194 235 329 275 gloriam
343 258 351 273 ‚
366 244 464 276 quam
481 233 539 265 tibi
555 233 610 264 alii
624 233 824 272 concedunt,
843 233 911 273 ipse
926 233 985 264 tibi
1004 232 1192 272 denegares.
1210 246 1225 260 »
1240 253 1281 260 -
1296 247 1311 262 «
1326 239 1436 276 Neque

104 281 191 313 illius
204 307 211 321 ,
231 282 335 320 inquit
348 282 374 321 ²,
388 282 545 313 sermonis
561 281 624 312 mei
643 281 869 321 poeuiteutiam
889 290 950 319 ago
963 305 971 319 ,
988 289 1091 320 neque
1109 283 1167 311 aut
1183 281 1365 312 Secundum
1380 284 1437 314 aut

104 331 285 360 Maternum
305 332 361 359 aut
378 332 409 360 te
428 329 552 368 ipsum,
571 332 664 368 Aper,
687 337 886 368 quamquam
906 328 1072 359 interdum
1096 328 1129 358 in
1153 329 1354 360 contrarium
1371 329 1436 361 dis·

104 378 220 416 putes,
244 376 335 407 aliter
355 375 480 407 sentire
498 375 606 406 credo.
626 384 663 406 ao
680 375 777 406 velim
796 375 1007 415 impetratum
1027 374 1066 405 ab
1087 374 1196 414 aliquo
1217 378 1382 414 vestrum,
1401 378 1439 408 ut.

104 432 218 455 causas
236 423 332 462 hujus
352 423 489 453 infinitae
506 422 701 454 differentiae
722 424 885 453 scrutetur
903 432 940 452 ac
963 421 1097 460 reddat,
1123 431 1204 461 quas
1220 431 1348 453 mecum
1368 423 1437 463 ipse

105 469 295 509 plerumque
309 469 476 509 conquiro.
504 471 537 500 et
557 469 642 509 qnod
667 468 864 509 quibusdam
888 469 1006 499 solatio
1030 471 1100 507 est,
1121 468 1200 499 mihi
1228 472 1324 508 auget
1346 478 1437 509 quae-

103 516 261 555 stionem,
285 517 359 556 quia
382 517 476 548 video
499 516 597 548 etiam
615 516 716 547 Graiis
741 515 917 555 accidisse,
938 519 973 546 ut
997 515 1123 554 longius
1147 515 1231 546 absit
1249 516 1390 547 Aeschine
1407 522 1438 550 et

105 564 320 595 Demosthene
342 564 497 595 Sacerdos
521 564 581 594 iste
606 563 769 602 Nicetes³‚
794 566 825 593 et
848 562 974 602 siquis
996 562 1081 593 alius
1098 562 1256 602 Ephesum
1276 564 1326 594 vel
1343 565 1437 603 Myti-

103 611 191 642 lenas
209 611 372 642 contentis
391 611 660 642 scholasticorum
685 610 886 641 clamoribus
910 610 1019 650 quatit
1034 609 1060 648 ⁴,
1079 619 1175 649 quam
1194 611 1268 641 Afer
1284 611 1342 641 aut
1357 611 1438 642 Afri-

101 666 203 689 canus
216 657 226 675 ³
245 660 303 688 aut
318 666 376 689 vos
394 659 455 698 ipsi
473 668 491 689 a
508 658 662 690 Cicerone
681 661 736 689 aut
756 657 797 688 ab
815 657 923 688 Asinio
942 657 1129 688 recessistis.
1150 670 1165 684 »

144 708 226 736 XVI.
245 718 259 730 u
275 709 441 745 Magnam,
460 705 566 745 inquit
579 705 747 736 Secundus
760 729 768 744 ,
786 707 816 736 et
834 705 966 744 dignam
983 705 1124 734 tractatu
1144 704 1358 744 quaestiouem
1373 712 1439 735 mo-

103 752 209 783 vistis.
229 752 281 782 sed
301 753 372 792 quis
390 762 460 783 eam
474 753 597 792 justius
615 752 791 792 explicabit
808 760 904 791 quam
929 753 963 782 tu
980 775 988 789 ‚
1011 751 1048 781 ad
1073 751 1165 790 cujus
1184 759 1346 782 summam
1364 760 1437 782 eru-

103 797 258 830 ditionem
268 803 299 830 et
312 800 615 839 praestantissimum
628 799 792 838 ingenium
803 808 880 829 cura
890 807 1020 838 quoque
1031 800 1063 829 et
1075 797 1242 828 meditatio
1256 799 1411 829 accessit?
1422 812 1437 825 »

103 847 143 877 Et
160 846 291 877 Messala
303 870 312 884 ‚
334 859 349 874 «
366 847 517 887 Aperiam
534 869 543 884 ‚
562 846 670 886 inquit
685 870 694 885 ‚
716 846 931 886 cogitationes
952 854 1061 884 meas,
1080 845 1105 875 si
1123 845 1202 875 illud
1220 854 1238 875 a
1258 845 1350 876 vobis
1364 847 1439 878 ante

103 892 330 932 impetravero,
347 896 382 925 ut
397 903 455 924 vos
468 902 598 933 quoque
616 902 798 924 sermonem
816 893 902 923 huuc
918 894 1064 923 nostrum
1080 892 1252 931 adjuvetis.
1269 905 1282 918 »
1297 912 1339 918 —
1351 904 1366 919 α
1378 897 1438 924 Pro

105 939 254 978 duobus,
272 940 379 980 inquit
395 942 580 979 Maternus,
600 940 768 980 promitto.
787 949 860 970 uam
875 942 907 970 et
924 948 981 978 ego
996 941 1028 970 et
1043 939 1211 970 Secundus
1224 948 1438 979 exsequemur

103 993 158 1018 eas
173 990 292 1026 partes,
304 996 385 1027 quas
400 988 656 1019 intellexerimus
672 988 704 1017 te
722 996 785 1017 non
804 990 868 1017 tam
881 985 1029 1017 omisisse
1043 995 1140 1025 quam
1153 986 1245 1016 nobis
1259 986 1436 1026 reliquisse.

105 1037 225 1074 Aprum
242 1034 327 1065 enim
341 1035 444 1065 solere
461 1034 632 1065 dissentire
646 1036 678 1065 et
696 1037 728 1065 tu
746 1034 853 1073 paullo
870 1035 944 1064 aute
960 1033 1090 1071 dixisti,
1107 1035 1139 1064 et
1157 1033 1222 1072 ipse
1240 1034 1317 1064 satis
1336 1034 1439 1065 mani·

106 1080 206 1112 festus
232 1084 280 1112 est
297 1082 302 1098 ¹
322 1082 515 1120 jamdudum
539 1083 571 1112 in
589 1081 789 1112 contrarium
814 1080 958 1119 accingi,
976 1089 1034 1111 nec
1059 1089 1151 1119 aequo
1171 1080 1280 1110 auimo
1301 1081 1441 1121 perferre

108 1127 191 1158 hanc
207 1129 350 1159 nostram
368 1137 426 1168 pro
443 1130 655 1168 antiquorum
674 1128 768 1159 laude
787 1127 1009 1158 concordiam.
1027 1139 1042 1153 n

152 1187 166 1201 «
185 1178 255 1206 Non
271 1176 376 1216 enim,
394 1176 503 1216 inquit
522 1180 605 1216 Aper
619 1200 627 1214 ,
643 1175 828 1206 inauditum
848 1176 880 1206 et
900 1174 1105 1205 indefensum
1121 1173 1277 1204 saeculum
1295 1176 1441 1207 nostrum

106 1221 212 1262 patiar
229 1222 287 1252 hac
306 1227 410 1254 vestra
434 1223 671 1263 conspiratione
695 1221 855 1252 damnari.
882 1220 937 1251 sed
964 1221 1024 1250 hoc
1042 1219 1185 1260 primum
1213 1221 1440 1262 interrogabo,

108 1277 189 1308 quos
211 1270 335 1301 vocetis
352 1272 534 1311 (ιηίὶτμιοε,
552 1279 650 1309 quam
667 1272 831 1300 oratorum
848 1270 978 1299 aetatem
999 1267 1237 1306 significatione
1257 1268 1318 1299 ista
1334 1269 1442 1300 deter-

108 1315 252 1347 minetis.
277 1326 334 1356 ego
351 1318 436 1348 enim
460 1327 561 1356 quum
579 1317 676 1348 audio
694 1317 861 1356 antiquos,
880 1315 1039 1356 quosdam
1058 1317 1183 1345 veteres
1201 1317 1233 1346 et
1254 1315 1330 1346 olim
1348 1320 1441 1349 natos

108 1363 274 1402 intelligo;
292 1374 329 1395 ac
346 1366 424 1395 mihi
444 1369 615 1396 versantur
634 1368 708 1395 ante
723 1364 838 1394 oculos
852 1364 962 1395 Ulixes
985 1366 1016 1393 et
1033 1364 1148 1392 Nestor
1163 1362 1188 1401 ²,
1207 1371 1348 1402 quorum
1363 1365 1442 1395 aetas

109 1410 198 1441 mille
213 1411 279 1441 sere
295 1415 327 1442 et
345 1412 499 1442 trecentis
518 1413 612 1442 aunis
629 1411 786 1442 saeculum
804 1414 952 1441 nostrum
969 1409 1132 1440 antecedit
1154 1422 1159 1439 :
1179 1418 1238 1439 vos
1255 1411 1363 1441 autem
1380 1414 1440 1442 De-

109 1458 316 1489 mosthenem
334 1461 366 1490 et
382 1459 577 1499 Hyperidem
595 1459 746 1499 profertis
757 1483 765 1497 ‚
780 1468 863 1498 quos
879 1460 957 1489 satis
975 1458 1102 1488 constat
1116 1456 1251 1496 Philippi
1265 1460 1297 1488 et
1311 1457 1443 1489 Alexan-

109 1506 160 1536 dri
176 1506 381 1545 temporibus
398 1507 542 1538 sloruisse
556 1531 565 1546 ‚
588 1508 634 1537 iia
648 1509 757 1537 tamen
776 1509 811 1537 ut
836 1506 963 1546 utrique
980 1503 1170 1544 superstites
1188 1506 1304 1536 essent.
1323 1514 1360 1535 ex
1379 1514 1442 1545 quo

110 1555 241 1592 apparet
279 1562 342 1583 non
376 1555 479 1590 multo
506 1554 615 1594 plures
641 1563 738 1594 quam
767 1553 1019 1592 quadringentos
1047 1559 1148 1581 annos
1178 1551 1331 1583 interesse
1358 1551 1443 1582 iuter

110 1602 253 1631 nostram
278 1603 309 1630 et
333 1602 559 1633 Demosthenis
575 1604 719 1632 aetatem.
742 1601 829 1640 quod
853 1600 996 1640 spatium
1024 1598 1182 1637 temporis
1203 1599 1230 1629 si
1248 1599 1289 1629 ad
1307 1598 1442 1629 infirmi-

110 1648 211 1678 tatem
226 1656 399 1687 corporum
414 1651 602 1680 nostrorum
621 1649 758 1687 reseras,
776 1648 910 1679 sortasse
926 1646 1220 1686 longumtvidetum
1239 1646 1279 1677 ad
1294 1648 1443 1677 naturam

111 1694 305 1726 saeculorum
321 1705 358 1726 ac
371 1699 554 1736 respectum
569 1696 720 1727 immensi
734 1696 828 1735 hujus
841 1695 903 1726 aevi
918 1702 1075 1734 perquam
1092 1694 1188 1725 breve
1202 1696 1235 1725 et
1250 1694 1282 1724 in
1296 1693 1443 1733 proximo

109 1743 171 1772 est.
186 1751 260 1772 nam
275 1743 316 1781 si,
331 1744 367 1773 ut
379 1743 493 1774 Cicero
507 1743 541 1773 in
556 1743 732 1774 Hortensio
743 1742 754 1760 ³
771 1742 896 1781 scribit,
914 1743 941 1773 is
955 1744 1006 1772 est
1019 1750 1154 1781 magnus
1167 1744 1198 1773 et
1213 1750 1312 1772 verus
1326 1749 1443 1778 annus,

113 1795 178 1826 quo
195 1789 306 1821 eadem
326 1789 441 1830 positio
465 1789 537 1820 coeli
553 1790 781 1829 siderumque,
797 1798 870 1829 quae
887 1788 1107 1820 cummaxime
1124 1791 1191 1827 est,
1211 1796 1341 1819 rursum
1359 1786 1443 1819 exsi-

114 1836 179 1867 stet
193 1835 219 1874 ⁴‚
243 1837 335 1876 isque
351 1845 457 1868 annus
480 1837 598 1868 horum
616 1845 701 1877 quos
718 1845 777 1867 nos
794 1844 949 1867 vocamus
965 1843 1128 1866 annorum
1150 1834 1323 1866 duodecim
1343 1834 1444 1866 millia

115 1963 178 1993 yuli
191 1963 301 1986 nomine
315 1963 341 1986 in
355 1962 482 1986 Plinianis
495 1962 681 1992 epistolis—2.
694 1961 878 1985 Messala—5.
893 1960 1005 1984 Nicetes
1016 1958 1162 1987 Sacerdos,
1176 1960 1341 1989 smyrnaeus,
1356 1959 1446 1984 clarus

116 1998 163 2022 illo
178 1999 301 2028 tempore
321 1998 424 2026 rhetor,
443 2004 496 2021 una
510 2003 569 2022 cum
589 1998 756 2027 Quintiliano
770 1997 900 2025 magister
914 1995 991 2019 Plinii
1005 1995 1118 2020 minoris
1132 1995 1232 2024 (Epist.
1247 1995 1281 2018 Vl
1292 2014 1297 2024 ,
1310 2000 1338 2023 a,
1354 1996 1444 2025 meet).

115 2038 167 2056 —4.
182 2034 241 2062 lpso
255 2035 383 2063 magistro
398 2035 426 2057 et
440 2034 611 2057 moderatore
623 2032 833 2056 declamantium
848 2031 972 2055 clamosis
987 2030 1156 2054 orationibus
1168 2031 1299 2059 concutit,
1311 2031 1444 2059 percellit.

117 2068 261 2098 Plurimum
277 2069 303 2092 in
318 2069 443 2092 Asiaticis
460 2069 572 2092 urbibus
587 2067 855 2092 declamabatur.-5.
870 2067 908 2090 De
921 2066 1018 2096 quibus
1032 2065 1211 2094 Quintilianus
1225 2065 1237 2095 ξ
1250 2071 1308 2089 ns:
1323 2074 1336 2086 «
1346 2066 1443 2089 Eorum

117 2109 184 2132 quos
197 2103 310 2127 viderim
332 2104 466 2127 Domitius
481 2105 545 2128 Afer
564 2106 592 2127 et
607 2103 695 2128 Julius
711 2102 855 2126 Africanus
873 2101 954 2131 longe
975 2101 1191 2131 praestantissimi
1211 2101 1355 2129 (oratores)
1368 2107 1373 2124 :
1387 2103 1445 2125 arto

116 2138 162 2163 ille
174 2140 202 2163 et
214 2139 273 2163 toto
284 2144 385 2169 genere
399 2139 508 2163 dicendi
519 2139 713 2168 praeferendus,
727 2139 755 2161 et
765 2143 846 2167 quem
860 2137 887 2160 in
901 2142 1014 2160 numero
1026 2137 1149 2160 veterum
1162 2135 1253 2160 locare
1263 2142 1318 2160 non
1332 2137 1445 2163 timeas;

116 2175 162 2198 hic
176 2175 352 2203 concitatior,
366 2174 414 2198 sed
427 2175 454 2198 in
469 2180 532 2198 cura
550 2174 700 2198 verborum
713 2174 812 2197 nimius
825 2174 853 2196 et
867 2172 1064 2202 compositione
1083 2177 1276 2201 nonnunquam
1293 2171 1399 2201 longior
1420 2173 1447 2194 et

117 2209 340 2233 translationibus
355 2216 450 2239 parum
466 2210 595 2234 modicus.
608 2219 620 2230 n

151 2244 215 2267 XVI.
231 2246 348 2268 ¹.Graeca
357 2245 508 2270 etvividior
521 2246 659 2269 structura
670 2249 728 2274 pro,
744 2243 915 2267 manifestum
931 2243 972 2266 est
985 2242 1155 2271 accingi.—2.
1164 2242 1283 2270 Quorum
1292 2240 1448 2270 eloquentia

120 2277 154 2301 ab
169 2279 286 2303 Homero
300 2280 465 2304 celebratur.
476 2286 536 2304 —s.
553 2281 614 2304 Sive
633 2281 667 2304 de
677 2278 863 2309 philosophia
876 2277 946 2302 libro
959 2277 1077 2307 perdito.
1097 2278 1181 2306 Quem
1202 2276 1340 2300 Ciceronis
1361 2281 1447 2305 prope

120 2315 371 2343 praestantissimum
386 2315 476 2344 fuisse,
492 2316 640 2340 ostendunt
653 2315 815 2344 fragmenta.
827 2325 856 2330 —
866 2318 887 2337 ⁴.
902 2314 976 2342 Sive,
995 2314 1025 2336 ut
1037 2312 1159 2339 Servius,
1174 2311 1303 2335 omnibus
1321 2311 1448 2340 planetis

122 2350 153 2373 in
167 2350 287 2373 eundem
300 2352 517 2376 recurrentibus
533 2352 634 2375 locum.
648 2350 838 2375 Diversissimae
848 2350 911 2372 sunt
924 2349 994 2372 inter
1004 2353 1033 2371 se
1046 2347 1074 2370 et
1087 2348 1208 2370 veterum
1223 2347 1251 2370 et
1262 2346 1447 2370 recentiorum

122 2384 267 2409 sententiae
281 2384 314 2410 de
328 2391 432 2416 mayno
445 2392 523 2411 anno
532 2405 538 2417 ,
552 2387 690 2417 plerisque
705 2385 796 2409 tamen
808 2384 918 2408 modum
931 2383 1016 2408 multo
1031 2382 1161 2412 majorem
1173 2381 1355 2407 statuentibus
1368 2386 1448 2411 quam
