1539 2668
446 134 480 163 A.
503 134 542 163 U.
567 134 602 163 C.
627 132 699 162 815.
721 134 758 162 A.
783 134 817 163 C.
843 135 894 163 62.
1271 135 1329 166 237

7 206 219 248 sistebantur,
236 207 366 239 decreta
382 206 423 239 ab
437 208 549 239 senatu
570 207 695 246 integro
716 207 822 239 adbuc
837 207 921 240 hello
938 208 962 248 ¹,
978 216 1083 248 neque
1099 209 1170 240 tum
1190 208 1330 250 omissa,

6 253 85 286 dum
99 255 245 295 aspectui
261 255 439 286 consuiitur
452 256 559 295 spreta
576 254 785 286 conscientia.
799 256 876 296 quin
898 258 932 287 et
955 255 1199 288 dissimulandis
1221 264 1330 288 rerum

5 303 211 334 externarum
227 302 311 334 curis
334 306 415 333 Nero
432 301 628 333 frumentum
646 301 748 341 plebis
761 304 921 335 vetustate
936 306 1122 343 corruptum
1141 306 1173 334 in
1189 303 1332 336 Tiberim

1 348 98 389 iecit,
118 358 183 390 quo
212 349 417 381 securitatem
442 357 579 380 annonae
603 351 798 382 sustentaret
812 349 838 379 2.
856 350 949 390 cuius
969 350 1073 392 pretio
1091 350 1169 382 nihil
1185 349 1331 382 additum

3 397 72 436 est,
89 397 237 437 quamvis
252 396 407 429 ducentas
421 395 520 428 ferme
534 404 631 427 naves
645 400 738 436 portu
754 397 822 437 ipso
835 397 988 429 violentia
1001 397 1202 438 tempestatis
1215 399 1247 428 et
1260 405 1331 428 cen·

3 443 76 475 tum
93 444 171 475 alias
187 443 293 475 Tiben·
307 443 479 475 subvectas
495 443 646 475 fortuitus
660 443 742 482 ignis
760 444 1003 485 absumpsisset.
1027 449 1103 477 Tres
1119 445 1193 477 dein
1215 452 1330 476 consu—

2 490 86 522 lares
97 515 107 531 ,
124 494 158 522 L.
177 491 345 530 Pisonem,
365 491 566 522 Ducennium
581 491 750 523 Geminum
762 517 771 530 ,
789 492 976 533 Pompeium
993 493 1173 524 Paullinum
1189 491 1331 531 vectiga-

1 535 90 569 libus
105 537 242 578 publicis
260 538 454 578 praeposuit,
473 546 546 569 cum
564 538 777 570 insectatione
792 539 934 579 priorum
952 539 1150 581 Principum,
1169 541 1230 581 qui
1249 546 1329 579 qra-

1 585 110 616 vz'tate
137 587 337 625 sumptuum
353 586 467 625 Justos
491 585 625 617 reditus
653 586 861 619 anteissenffl
879 596 887 618 :
903 595 940 619 se
964 595 1124 619 annuum
1143 587 1331 619 sexcenties

0 632 200 663 sestertium
213 631 223 650 ⁴
247 633 445 673 reipublicae
464 632 600 673 larqiri.

42 682 120 710 XIX.
146 679 375 711 Percrebuerat
391 689 428 711 ea
454 682 644 720 tempestate
662 680 876 721 pravissimus
895 689 966 712 mos
979 705 988 721 ,
1015 690 1117 722 quum
1141 678 1332 721 propinquis

0 725 142 758 comitiis
159 728 215 758 aut
231 730 317 758 sorte
338 727 578 767 provinciarum
602 728 746 768 plerique
761 728 830 759 orbi
849 728 933 759 lictis
946 728 1177 769 adoptionibus
1192 727 1333 759 ascisce·

0 776 75 805 rent
87 773 201 813 fili0s¹‚
211 779 434 815 praeturasque
447 776 479 806 et
494 774 678 814 provincias
692 775 775 806 inter
789 777 896 815 patres
906 776 1010 807 sortiti
1023 777 1134 807 statim
1149 773 1332 806 emitterent

0 827 99 851 manu
116 830 198 861 quos
224 821 467 862 adoptaverant.
496 830 610 860 magna
633 830 708 852 cum
725 822 848 853 invidia
866 825 1014 854 senatum
1031 822 1171 861 adeunt,
1196 822 1253 861 jus
1273 827 1333 851 na-

2 868 105 906 lurae,
131 867 266 899 labores
293 869 485 905 educandi,
506 868 673 900 adversus
689 868 862 908 fraudem
888 871 920 900 et
937 872 1031 901 artes
1062 871 1095 900 ct
1123 869 1332 900 brevitatem

0 912 195 954 adoptionis
211 918 402 947 enumerant
420 925 427 946 :
442 917 531 947 satis
545 917 648 956 pretii
662 924 731 947 csse
753 916 843 947 orbis
859 915 870 933 ²
893 917 984 957 quod
1004 916 1119 948 multa
1132 916 1331 953 secur-itate,

0 960 110 992 nullis
125 962 298 1001 oneribus,
313 965 478 1003 qratiam,
498 963 653 1003 honores,
669 965 792 995 cuncta
804 966 968 1004 prompta
984 965 1017 995 ct
1034 963 1134 995 obvia
1148 962 1329 993 haberent.

0 1007 64 1039 sibi
79 1011 248 1048 promissa
265 1010 378 1050 lequm
395 1010 456 1042 diu
478 1013 679 1051 exspectata
703 1013 736 1042 in
761 1011 951 1043 ludibrium
968 1013 1077 1050 verti,
1101 1009 1241 1052 quando
1255 1010 1332 1050 quis

0 1055 75 1086 sine
90 1056 324 1088 sollicitudine
336 1066 466 1097 parcns
477 1082 486 1097 ,
502 1060 574 1090 sine
588 1058 685 1089 luctu
699 1059 802 1090 orbus
820 1060 921 1099 [onya
935 1061 1079 1099 patrum
1094 1060 1174 1089 vota
1191 1058 1331 1097 repente

0 1101 219 1143 adoequaret.
248 1104 368 1135 sactum
386 1114 424 1136 ex
452 1114 490 1136 eo
507 1105 842 1144 senatusconsultum,
869 1115 910 1137 nc
933 1106 1105 1137 simulata
1128 1104 1269 1144 adoptio
1293 1105 1331 1134 in

1 1149 81 1180 ulla
97 1151 201 1189 parte
227 1153 381 1182 muneris
395 1152 528 1191 publici
546 1153 691 1191 juvaret
719 1161 760 1184 ac
780 1161 821 1184 ne
837 1152 1052 1193 usurpandis
1068 1152 1208 1193 quidem
1233 1151 1331 1182 licre-

0 1193 171 1227 dz'tatibus
182 1196 370 1236 prodesset.

43 1245 107 1273 XX.
132 1243 211 1274 Exin
229 1244 383 1275 Claudius
399 1244 585 1276 Timarchus
599 1244 762 1276 Cretensis
779 1254 854 1276 reus
869 1246 983 1285 agitur,
999 1246 1112 1277 ceteris
1127 1244 1327 1285 criminibus,

1 1289 39 1319 ut
61 1289 166 1321 solent
189 1291 355 1330 praevalidi
374 1291 617 1331 provincialium
637 1295 668 1322 et
685 1291 800 1331 opibus
825 1293 935 1323 nimiis
954 1293 992 1324 ad
1018 1293 1150 1332 injurias
1168 1292 1330 1323 minorum

0 1335 77 1367 elati
96 1345 103 1366 z
126 1345 189 1368 una
206 1347 269 1368 vox
299 1338 367 1377 ejus
385 1347 486 1376 usque
504 1338 550 1374 ‚ad
577 1339 804 1369 contumeliam
827 1342 956 1370 senatus
981 1342 1223 1380 penetraverat,
1242 1338 1330 1378 quod

3 1380 180 1415 dictitasset
195 1386 229 1415 in
246 1393 313 1415 sua
324 1387 492 1424 potestate
509 1387 614 1416 situm
636 1393 681 1416 an
704 1386 979 1425 proconsulibus,
1006 1389 1065 1427 qui
1086 1388 1226 1418 Cretam
1242 1386 1326 1417 obti-

1 1430 175 1470 nuissent,
191 1433 308 1471 qrates
322 1435 462 1472 aqerent
467 1441 519 1463 ur.
539 1436 642 1471 Quam
656 1433 856 1464 occasionem
871 1437 975 1464 Paetus
991 1435 1131 1465 Thrasea
1145 1433 1184 1464 ad
1208 1432 1329 1463 honum

0 1475 167 1514 publicum
181 1479 326 1516 vertens,
345 1481 513 1518 postquam
528 1479 567 1510 de
582 1488 634 1510 reo
651 1483 816 1512 censuerat
835 1483 1012 1521 provincia
1033 1483 1136 1512 Creta
1156 1480 1330 1520 depellen-

0 1520 105 1563 dum,
124 1524 194 1556 haec
213 1525 337 1556 addidit
356 1535 363 1555 ε
384 1539 398 1552 «
415 1530 481 1557 Usu
508 1526 680 1565 probatum
701 1530 768 1567 est,
793 1530 901 1559 Patres
928 1529 1123 1568 conscripti,
1142 1528 1225 1567 leges
1245 1535 1330 1566 egre·

3 1581 21 1598 ‹¹-
40 1570 127 1612 gias,
149 1572 295 1612 exempla
315 1573 446 1604 honesta
469 1574 554 1613 apud
571 1573 672 1605 bonos
685 1583 723 1605 ex
738 1575 864 1606 delictis
882 1575 1016 1606 aliorum
1042 1576 1137 1615 gigni.
1161 1575 1208 1606 sic
1227 1575 1330 1606 orato·

1 1631 18 1648 «ι
35 1627 108 1650 rum
122 1618 251 1650 licentia
265 1619 406 1650 Cinciam
419 1622 615 1660 rogationem
631 1622 654 1660 ¹,
672 1622 915 1653 candidatorum
930 1623 1074 1654 ambitus
1093 1623 1191 1654 Julias
1202 1622 1286 1662 leges
1302 1620 1329 1660 ²,

0 1678 20 1694 >a
37 1666 287 1706 magistratuum
304 1668 440 1699 avaritia
457 1668 631 1708 Calpurnia
655 1670 736 1701 scita
752 1669 763 1687 ³
789 1673 991 1710 pepererunt.
1015 1679 1089 1701 nam
1101 1671 1211 1710 ‘culpa
1232 1678 1330 1710 quam

3 1726 19 1741 κ
36 1721 133 1753 poena
155 1714 300 1753 tempore
317 1715 415 1754 prior,
431 1716 595 1747 emendari
614 1726 712 1757 quam
729 1725 861 1757 peccare
883 1718 1042 1757 posterius
1068 1720 1115 1748 est
1130 1717 1155 1748 ⁴.
1179 1726 1253 1757 ergo
1278 1716 1330 1747 ad-

1 1771 19 1786 «
37 1768 153 1791 versus
170 1770 287 1791 novam
304 1762 551 1801 provincialium
569 1764 756 1804 superbiam
772 1765 907 1805 dignum
927 1765 990 1796 tide
1006 1765 1255 1804 constantiaque
1272 1769 1330 1796 Ro-

2 1818 20 1833 «
38 1814 134 1837 mana
151 1807 318 1847 capiamus
333 1810 502 1840 consilium
515 1834 523 1849 ,
541 1819 606 1850 quo
623 1811 733 1842 tutelae
748 1814 907 1843 sociorum
924 1812 1003 1842 nihil
1026 1812 1209 1851 derogetur,
1236 1811 1330 1842 nobIs

3 1865 19 1880 «
36 1852 145 1893 opinio
162 1853 316 1893 decedat,
341 1855 444 1895 qualis
461 1857 600 1896 quisque
622 1856 792 1897 habeatur,
810 1858 885 1889 alibi
900 1867 998 1898 quam
1019 1859 1053 1888 in
1068 1859 1188 1889 civium
1204 1857 1328 1897 judicio

3 1911 20 1926 «
37 1908 120 1932 esse.

1290 1939 1304 1953 t

31 1994 127 2018 XVIII.
144 1999 163 2017 ι.
178 1994 303 2018 Nondum
322 1995 381 2018 fuso
395 1996 543 2020 Paeto.—2.
558 1996 601 2020 Sic
620 1996 766 2020 ostendens
782 1996 879 2020 melius
894 1996 1064 2021 frumentum
1074 1997 1186 2027 largiter
1202 2000 1328 2028 paratum

2 2034 126 2053 esse—5.
141 2029 311 2059 supergressi
329 2032 483 2054 essent.—⁴.
500 2032 586 2060 Prope
605 2031 775 2061 1‚2oo.0oosr.

32 2063 103 2087 XIX.
117 2069 137 2087 ι.
158 2064 199 2088 Ob
222 2065 310 2094 Iegem
327 2066 433 2094 Papiam
451 2067 600 2095 Poppaeam,
614 2066 647 2089 de
662 2072 714 2095 qua
737 2066 798 2089 vide
819 2066 852 2089 ad
873 2066 903 2095 II,
917 2071 954 2090 si.
967 2072 1027 2090 —2.
1047 2068 1167 2096 Quorum
1190 2067 1328 2091 hereditas

3 2098 78 2122 omni
89 2104 189 2128 genere
203 2099 410 2124 illecrebrarum
424 2101 580 2125 ambibatur
594 2109 601 2125 :
613 2101 674 2125 vide
688 2102 781 2125 Horat.
794 2101 882 2125 δαῖεν.
897 2102 929 2131 II,
941 2107 962 2131 s,
977 2102 1104 2126 Juvenal.
1118 2103 1178 2127 Sat.
1194 2103 1251 2132 XII,
1264 2109 1327 2127 cuin

4 2133 211 2163 interpretibus.

34 2170 93 2193 XX.
110 2175 133 2194 ι.
145 2170 184 2193 De
204 2176 257 2200 qua
275 2171 318 2199 XI,
333 2177 356 2194 c.
370 2171 456 2196 stine.
469 2184 496 2188 -
507 2177 529 2196 2·
544 2172 696 2196 Multorum
713 2172 788 2202 leges
808 2174 888 2197 erant
905 2173 938 2197 de
957 2173 1061 2198 ambitu
1075 2181 1082 2198 :
1099 2174 1147 2198 sed
1167 2174 1249 2199 Iulia
1270 2176 1326 2199 tum

5 2203 122 2228 maxime
134 2205 250 2229 valuisse
266 2206 386 2236 putanda
404 2208 452 2236 est,
468 2207 502 2231 ab
514 2209 637 2237 Augusto
653 2208 717 2236 lata,
733 2209 766 2231 de
779 2214 832 2237 qua
849 2210 960 2232 sueton.
975 2215 1001 2232 c.
1029 2215 1102 2234 40.—
1111 2215 1133 2234 5.
1152 2211 1304 2234 Plebiscita
1318 2217 1327 2232 .·

6 2243 70 2261 nam
88 2239 115 2262 L.
128 2239 287 2269 Calpurnius
302 2242 360 2265 Piso
376 2242 499 2266 tribunus
512 2243 598 2272 plebis
611 2244 672 2267 erat
685 2249 711 2266 a.
725 2244 754 2267 U.
772 2249 824 2272 eoa,
836 2250 917 2273 quum
933 2244 1004 2268 illam
1018 2245 1105 2274 Iegem
1118 2245 1261 2275 perferret,
1274 2251 1327 2275 qua

5 2273 187 2302 provinciales
203 2277 414 2305 repetundarum
432 2283 562 2301 accusare
576 2280 703 2307 poterant
716 2280 890 2308 magistratus
913 2280 1053 2309 improbos
1065 2282 1093 2304 et
1106 2282 1220 2310 quaestio
1234 2286 1330 2312 perpe-

6 2308 55 2332 tua
70 2310 121 2337 (un
143 2310 274 2335 tribunal
288 2312 468 2341 permanent)
483 2313 516 2336 de
531 2318 560 2336 ca
578 2319 608 2337 re
632 2315 722 2338 Romae
737 2315 860 2338 instituta
871 2315 922 2338 est.
937 2327 965 2332 -
979 2320 1000 2340 ⁴.
1018 2317 1081 2340 cato
1095 2317 1240 2342 Censorius
1256 2319 1329 2350 apud

7 2342 111 2382 Livium
125 2346 245 2375 XXXIV,
256 2351 270 2369 ³
283 2351 290 2368 z
302 2346 381 2371 Sicut
393 2347 460 2371 ante
471 2347 582 2372 morbos
590 2355 698 2373 necesse
711 2351 753 2373 est
764 2350 889 2379 coqizitos
902 2356 959 2374 esse
973 2357 1059 2380 quam
1075 2352 1201 2377 remedia
1218 2360 1328 2385 eorum,

8 2382 49 2402 sic
65 2381 238 2410 cupiditates
246 2381 331 2411 prius
344 2383 421 2407 παίω
431 2384 501 2407 sunt
512 2389 599 2414 quam
611 2384 681 2415 loyes
693 2391 753 2416 quoe
768 2385 804 2411 iis
817 2385 933 2410 modum
941 2386 1085 2417 jacerent,
1101 2388 1154 2413 etc.
