1539 2668
139 161 199 189 206
512 155 644 185 TAotn
664 155 874 185 Ammoni
882 179 885 182 .
893 157 971 185 1:113.
993 157 1074 186 nn.

142 251 157 264 a
174 236 309 277 propius
336 234 450 268 audiri.
478 234 561 266 inde.
574 233 776 273 indulgentia
791 234 963 265 numinum
980 234 1034 266 illo
1049 234 1083 265 in
1111 243 1205 266 amne
1227 234 1354 276 illisque
1370 237 1464 270 silvis

140 298 155 311 «
173 285 270 315 salem
282 283 467 324 provenire,
479 291 561 322 non,
578 282 616 312 ut
628 281 705 312 alies
718 281 806 321 apud·
813 283 927 321 gentes
936 306 945 321 ‚
960 281 1064 313 eluvie
1079 282 1176 313 maris
1188 285 1349 315 arescente
1361 284 1462 325 unda,

139 345 154 358 «
174 331 231 362 sed
251 340 348 372 super
367 331 533 362 ardentem
552 328 705 360 arborum
718 330 840 360 struem
859 329 929 361 susa
941 338 980 361 ex
997 330 1166 360 contrariis
1180 330 1262 362 inter
1279 339 1315 362 se
1326 331 1464 364 elemen-

139 394 154 408 «
173 381 226 412 tis.
242 381 316 421 igne
331 382 431 420 atque·
441 380 547 419 aquis,
561 381 761 410 concretum.
772 379 855 411 »sed
869 379 993 411 'bellum
1009 380 1243 411 Hermunduris
1258 390 1460 422 prosperum,

136 428 259 459 Chattis
275 428 442 459 exitiosius
460 426 521 457 fuit
534 425 561 466 ⁴,
583 426 659 466 quia
677 428 817 458 victores
834 427 1008 459 diversam
1021 429 1129 459 aciem
1145 429 1255 459 Marti
1277 437 1317 460 ac
1329 430 1463 461 Mercu·

135 477 187 505 rio
204 475 214 492 ⁵
234 483 400 506 sacravere
412 498 421 514 ‚
439 482 504 514 quo
523 476 601 504 voto
627 473 700 514 equi
712 497 721 512 ‚
745 474 826 512 viri,
852 477 969 505 cuncta
985 474 1070 505 victa
1085 475 1242 505 occidioni
1267 474 1394 506 dantur.
1425 476 1464 507 Et

134 521 231 553 minae
255 522 386 562 quidem
410 521 542 551 hostiles
556 520 588 551 in
604 520 693 560 ipsos
708 520 720 539 ⁶
742 521 923 552 vertebant.
947 521 1002 553 sed
1027 522 1138 552 civitas
1157 522 1315 553 Ubiorum
1327 522 1337 539 ⁷
1350 547 1359 562 ‚
1377 522 1464 554 socia

133 568 249 608 nobis,
278 568 361 599 malo
383 568 561 609 impmviso
590 567 710 598 afflicta
736 569 797 599 est.
820 577 897 599 nam
919 568 1008 607 ignes
1025 571 1110 599 terra
1133 569 1209 600 editi
1229 569 1342 609 villas,
1365 577 1463 608 arva,

133 614 219 646 vicos
236 616 352 655 passim
369 615 604 655 corripiebant,
625 614 876 654 ferebanturque
893 615 927 646 in
943 616 1011 655 ipsa
1030 616 1170 647 conditae
1192 625 1294 656 nuper
1306 615 1460 647 coloniae⁸

132 662 260 693 moenia.
277 671 382 703 neque
398 662 561 702 exstingui
574 663 743 702 poterant,
767 671 831 693 non
849 662 875 693 si
889 662 1008 693 imbres
1024 663 1191 701 caderent,
1214 672 1279 693 non
1301 663 1328 694 si
1352 662 1463 694 fluvia-

131 707 214 739 libus
241 710 333 750 aquis
360 711 418 741 aut
445 719 510 749 quo
536 709 598 740 alio
626 709 802 749 humore9,
820 709 924 739 donec
950 709 1058 748 inopia
1078 709 1210 740 remedii
1231 712 1263 740 et
1289 709 1336 740 ira
1363 709 1463 741 cladis

130 758 268 794 agrestes
286 757 419 797 quidam
438 757 566 788 eminus
582 765 659 787 saxa
669 757 778 795 Jacere
796 780 804 795 ,
829 756 904 787 dein
926 756 1142 787 residentibus
1170 756 1307 787 flammis
1327 756 1465 796 propius,

129 810 301 843 sugmessr,
316 804 382 835 ictu
396 805 533 836 fustium
547 803 684 843 aliisque
696 803 884 835 verberibus
897 804 935 834 ut
946 803 1029 834 feras
1045 803 1285 834 absterrebant:
1300 803 1463 843 postremo

128 850 271 888 tegmina
298 860 422 891 corpori
445 852 581 891 derepta
598 851 763 891 injiciunt,
781 852 903 891 quanto
919 850 1018 890 magis
1034 851 1168 890 prolana
1182 853 1215 882 et
1235 859 1298 881 usu
1318 850 1438 890 polluta
1449 872 1459 888 ,

128 896 218 926 tanto
235 899 335 937 magis
351 907 546 938 oppressura
566 898 666 937 ignes.

170 947 277 975 LVIII.
302 946 419 976 Eodem
433 954 519 976 anno
535 944 738 976 Ruminalem
758 944 905 975 arborem
920 943 929 961 *
948 943 981 974 in
995 943 1126 974 comitio
1137 967 1146 981 ,
1163 952 1237 983 quae
1249 952 1344 983 super
1359 944 1459 975 octin-

127 992 238 1028 gentos
253 994 284 1022 et
301 993 512 1032 quadraginta
528 992 540 1010 2
564 993 639 1023 ante
662 1000 764 1023 annos
789 991 881 1022 Remi
901 991 1093 1030 Romulique
1119 990 1286 1021 infantiam
1311 992 1456 1029 texerat,

126 1038 263 1068 mortuis
281 1038 453 1070 ramalibus
468 1042 500 1070 et
516 1039 681 1070 arescente
701 1041 816 1069 trunco
842 1038 1035 1069 diminutam
1056 1038 1196 1078 prodigii
1213 1037 1284 1069 loco
1309 1037 1455 1068 habitum

125 1083 193 1123 est,
217 1083 320 1115 donec
336 1085 370 1116 in
389 1094 493 1116 novos
506 1085 591 1116 fetus
611 1085 819 1116 reviresceret

154 1163 178 1181 4.
194 1159 296 1183 Chattis
311 1160 451 1184 exitiosum
466 1161 516 1184 fuit
532 1161 617 1190 (quod
630 1161 700 1183 inest
713 1166 761 1190 per
776 1160 974 1188 oppositionem
990 1159 1017 1182 in
1036 1158 1253 1187 praecedentibus
1271 1158 1454 1183 Hermundu-

126 1193 168 1215 ris
186 1196 366 1222 prosperum)
381 1197 408 1218 et
423 1196 573 1219 curiosius
591 1201 638 1224 eo,
659 1196 729 1224 quia
753 1194 951 1218 etc.—-5.Conf.
973 1194 1064 1217 Germ.
1082 1199 1104 1216 c.
1122 1198 1201 1216 9.-6.
1215 1194 1257 1216 Sc.
1276 1194 1455 1223 liostes,qu0‹1

123 1229 194 1252 inest
206 1230 230 1251 in
245 1236 305 1253 voc.
321 1229 506 1254 hostiles—7.
519 1231 550 1254 In
563 1236 699 1255 manuscr.
714 1230 927 1255 Vibonum·—e.
944 1229 1103 1258 Agrippinae‚
1118 1229 1145 1252 h.
1161 1228 1343 1259 Colorque—9.
1355 1230 1454 1259 supple

123 1266 306 1293 exstinquere
320 1266 474 1290 tentarent.

153 1300 241 1324 Lvllr
261 1306 278 1324 1.
292 1301 392 1329 Ficum,
407 1302 456 1325 sub
477 1307 530 1330 qua
547 1301 691 1325 Romulum
711 1302 738 1325 et
754 1302 866 1325 Remum
893 1306 906 1324 a
921 1300 983 1329 lupa
1006 1300 1124 1323 nutritos
1143 1299 1278 1323 ferebant.
1301 1299 1453 1324 {lanterium

123 1337 181 1358 crat
202 1335 276 1358 locus
300 1337 400 1359 etlitior
414 1337 441 1359 in
460 1337 519 1360 soro
534 1338 655 1361 Romano
673 1342 757 1366 prope
778 1338 876 1364 rostra,
901 1336 946 1358 ubi
971 1335 1085 1364 populus
1110 1334 1291 1358 consultatum
1310 1335 1453 1359 coibat.—

123 1376 145 1393 ¹2..
161 1370 295 1399 Triviam
313 1372 464 1395 secundum
479 1372 628 1401 scriptores
642 1373 724 1396 hodie
741 1373 865 1395 servatos
879 1377 885 1394 ι
899 1371 1009 1394 Tacitus
1023 1371 1130 1399 ignotos
1150 1371 1228 1393 nobis
1250 1373 1360 1394 secutus
1376 1371 1452 1393 vitle-

124 1406 175 1433 tur,
192 1412 279 1434 coque
293 1407 379 1435 magis
397 1407 419 1429 si
434 1408 600 1435 optimorum
625 1408 876 1437 manuscriptorum
897 1406 1092 1429 auctoritatem
1109 1406 1257 1434 sequimur,
1275 1406 1451 1434 praebentium

122 1445 182 1468 [μισ]
195 1442 383 1471 εψεὶηῃεητοε
394 1443 421 1465 et
431 1442 638 1472 quadraqmta.
