1539 2668
493 161 531 190 A.
554 161 592 191 U.
614 158 654 190 Gi
675 160 749 192 775.
773 161 809 191 A.
832 162 868 192 C.
892 161 943 191 22.
1338 165 1380 200 87

65 249 82 265 «
98 236 261 275 crederet,
289 235 423 266 Dianam
449 235 545 275 atque
571 234 749 275 Apollinem
776 235 854 268 Delo
878 236 1022 277 genitos:
1041 245 1112 268 esse
1135 238 1219 278 apud
1245 247 1279 270 se
1299 242 1378 271 Cen·

65 296 81 312 a
97 284 224 315 chrium
236 291 375 322 amnem,
389 282 499 313 lucum
513 282 769 322 01·tygia1n¹,ubi
786 285 938 315 Latonam
952 288 1046 324 partu
1060 285 1224 324 gravidam
1240 287 1273 317 et
1284 287 1378 325 oleae,

64 341 81 357 «
97 339 170 370 quae
184 332 255 361 tum
269 330 364 361 etiam
380 331 526 368 maneat,
549 329 693 359 annisam
711 329 849 362 edidisse
866 339 904 361 ea
915 332 1070 371 numina3
1095 331 1294 372 deorumque
1311 338 1380 364 mo-

62 387 79 403 «
97 377 165 408 nitu
189 379 348 408 sacratum
368 384 494 406 nemus.
512 377 606 416 atque
621 376 729 416 ipsum
746 377 809 408 illic
824 377 1002 418 Apollinem
1024 380 1097 418 post
1112 378 1298 410 interfectos
1316 383 1379 420 Cy-

62 434 80 450 «
98 424 205 464 clopas
232 423 318 454 Jovis
330 422 410 453 iram
439 422 590 453 vitavisse
604 421 631 462 ²,
658 431 734 454 mox
759 423 908 455 Liberum
933 426 1074 465 patrem,
1099 424 1182 457 bello
1201 426 1379 466 victorem,

62 482 79 497 α
95 469 291 510 supplicibus
308 473 517 507 Amazonum,
535 477 608 508 quae
625 477 713 500 aram
727 469 928 511 insederant,
944 471 1104 512 ignovisse
1117 472 1142 503 ³.
1161 475 1287 504 auctam
1304 472 1381 503 hinc

63 529 79 544 κ
95 526 248 548 concessu
270 516 431 556 Herculis,
447 525 547 556 quum
563 515 660 556 Lydia
672 518 848 558 poteretur,
869 519 1088 550 caerimoniam
1105 520 1246 560 templo;
1274 527 1380 560 neque

62 576 78 591 «
97 567 262 595 Persarum
280 562 400 594 ditione
416 562 617 594 deminutum
628 563 693 602 jus.
711 566 782 604 post
797 565 1081 605 Macedonas,dein
1094 575 1153 598 nos
1168 568 1378 598 servavisse.»

101 613 191 641 LXII.
217 609 357 641 Proximi
374 610 534 649 Magnetes
551 609 558 627 ¹
583 613 615 640 L.
632 610 788 650 Scipionis
804 609 815 627 ²
835 613 866 642 et
880 615 913 643 L.
929 613 1022 644 Sullae
1039 614 1223 645 constitutis
1233 613 1380 645 niteban-

57 658 123 695 tur,
144 665 281 697 quorum
309 656 361 687 ille
378 656 554 695 Antiocho,
576 657 628 687 hic
654 657 838 689 Mithridate
860 659 960 699 pulsis
987 660 1081 691 tidem
1104 662 1200 701 atque
1223 661 1379 692 virtutem

58 705 241 744 Magnetum
252 703 454 743 decoravere,
463 703 510 734 uti
524 705 650 736 Dianae
663 705 950 745 Leiieophryerzoe³
959 706 1166 747 perfuqium
1181 708 1381 740 inviolabile

49 750 159 790 foret.
184 751 447 791 Aphrodisienses
470 751 601 790 posthac
617 754 649 782 ct
673 753 925 784 Stratonicenses
941 754 1106 785 dictatoris
1119 754 1254 786 Caesaris
1265 754 1308 786 ob
1324 764 1379 786 ve-

59 800 146 828 tusta
163 798 197 828 in
218 799 322 837 partes
336 797 346 815 ⁴
366 797 480 828 merita
495 799 526 828 et
541 806 649 828 recens
667 797 733 828 divi
746 800 881 838 Augusti
898 800 1063 831 decretum
1087 802 1233 833 attulere.
1258 801 1380 833 laudati

58 844 151 885 quod
164 844 377 876 Parthorum
393 844 403 861 ⁵
431 846 657 883 irruptionem
682 845 772 876 nihil
787 848 923 877 mutata
939 848 976 877 in
987 848 1159 887 populum
1186 851 1381 880 Romanum

59 893 256 924 constantia
270 891 510 931 pertulissent.
538 891 594 922 sed
611 892 907 931 Aphrodisiensium
925 894 1036 925 civitas
1051 895 1200 935 Veneris,
1225 895 1381 926 stratoni-

59 937 203 970 censium
221 938 310 969 Iovis
333 939 365 969 et
389 937 527 968 Triviae⁶
544 938 729 978 religionem
755 939 939 971 tuebantur.
959 940 1064 972 Altius
1080 942 1382 973 Hierocaesarienses

57 993 257 1025 exposuere,
283 986 458 1016 Persicam
480 985 575 1025 apud
594 994 628 1017 se
655 987 808 1017 Dianam
822 985 849 1025 ⁷,
873 986 1052 1018 delubrum
1080 997 1156 1028 reyc
1178 990 1265 1028 Cyro
1288 989 1381 1019 (liest-

60 1033 147 1063 tum.
172 1033 204 1063 et
230 1031 492 1062 memorabantur
514 1032 739 1073 Perpernoe⁸‚
767 1035 918 1065 Isaurici
935 1035 946 1052 ³·
975 1035 1139 1075 multaque
1167 1035 1227 1066 alia
1243 1036 1381 1075 impera·

57 1080 167 1111 torum
194 1078 324 1109 nomina
336 1103 344 1119 ,
374 1079 429 1118 qui
459 1088 523 1109 non
553 1079 649 1110 modo
677 1080 797 1120 templo
808 1104 816 1119 ,
837 1080 892 1111 sed
920 1081 1045 1111 duobus
1068 1082 1212 1112 millibus
1229 1091 1382 1122 passumn

59 1126 192 1157 eandem
206 1126 409 1157 sanctitatem
426 1125 617 1158 tribuerant.
645 1127 723 1158 Exin
739 1127 845 1167 Cyprii
860 1127 963 1159 trihus
985 1128 1126 1160 delubris
1140 1154 1148 1168 ,
1168 1138 1306 1169 quorum
1330 1138 1384 1160 ve-

58 1172 276 1203 tustissimum
293 1172 423 1212 Paphiae
437 1173 552 1203 Veneri
569 1175 681 1204 auctor
698 1174 806 1205 Aerias
820 1174 862 1213 ¹⁰,
877 1176 949 1214 post
965 1174 1047 1205 filius
1070 1176 1138 1215 ejus
1154 1176 1310 1207 Amathus
1324 1178 1382 1207 Ve-

59 1220 128 1250 neri
148 1219 353 1258 Amathusiae,
376 1220 407 1250 et
422 1219 494 1250 Jovi
510 1219 680 1251 Salaminio
696 1224 830 1260 Teucer,
843 1221 1024 1252 Telamonis
1037 1222 1138 1261 patris
1154 1222 1201 1253 ira
1215 1223 1382 1263 profugus,

59 1266 256 1307 posuissent.

102 1317 209 1344 LXIII.
234 1311 357 1343 Auditae
383 1311 516 1342 aliarum
541 1321 670 1352 quoque
687 1313 868 1344 civitatium
884 1313 1067 1353 legationes.
1093 1318 1238 1354 Quorum
1253 1316 1261 1334 ¹
1291 1316 1384 1356 copia

59 1359 136 1392 fessi
152 1360 261 1390 Patres
271 1383 279 1398 ‚
293 1361 325 1389 et
340 1358 416 1398 quia
428 1358 543 1389 studiis
557 1360 756 1399 certabatur,
770 1360 955 1391 consulibus
969 1362 1140 1400 permisere
1153 1364 1194 1392 ut
1208 1365 1383 1404 perspecto

52 1407 155 1448 jure,
177 1408 211 1437 et
223 1407 334 1446 siqua
355 1406 523 1445 iniquitas
538 1406 783 1444 involveretur,
799 1414 872 1437 rem
884 1408 1057 1447 inteqram
1071 1416 1214 1439 rursum
1231 1409 1277 1440 ad
1289 1417 1384 1440 sena-

62 1455 137 1485 tum
152 1452 338 1493 referrent.
360 1452 505 1483 consules
519 1461 614 1492 super
631 1461 683 1484 eas
699 1453 867 1492 civitates,
885 1462 965 1493 quas
981 1455 1172 1494 memoravi,
1189 1454 1285 1495 apud
1300 1458 1385 1486 Per-

61 1509 202 1541 qamum
229 1499 420 1539 AEsculapii
443 1501 653 1539 compertum
670 1500 809 1539 asylum
830 1500 1031 1540 retulerunt;
1059 1514 1074 1528 n
1089 1503 1210 1532 ceteros
1229 1502 1385 1541 ‚obscuris

63 1558 81 1575 α
98 1547 139 1578 ob
154 1547 347 1578 vetustatem
374 1545 473 1577 initiis
499 1546 569 1577 niti.
588 1555 662 1577 nam
687 1549 871 1586 smyrnaeos
898 1547 1064 1579 oraculum
1093 1549 1245 1588 Apollinis
1257 1573 1267 1589 ,
1293 1550 1384 1589 cujus

63 1606 81 1622 «
98 1593 233 1634 imperio
249 1592 452 1625 Stratonicidi
470 1592 482 1610 2
506 1593 621 1624 Veneri
643 1593 801 1633 templum
818 1593 1016 1634 dicaverint,
1031 1595 1146 1626 Tenios
1162 1595 1303 1634 ejusdem
1318 1605 1385 1627 car-

65 1654 82 1670 «
98 1650 172 1673 men
182 1640 193 1658 ³
208 1640 343 1679 referre,
354 1648 418 1680 quo
429 1648 553 1671 sacrare
568 1641 707 1680 Neptuni
721 1640 858 1680 effigiem
873 1641 1039 1681 aedemque
1047 1642 1129 1682 Jussi
1143 1643 1219 1673 sint.
1236 1643 1386 1683 propiora

65 1701 82 1716 «
99 1687 290 1721 sardianos:
309 1686 478 1718 Alexandri
503 1686 636 1718 victoris
658 1687 691 1718 id
714 1687 847 1719 donum.
865 1696 970 1728 neque
993 1689 1101 1720 minus
1126 1689 1264 1720 Milesios
1289 1689 1384 1721 Dario

66 1743 171 1775 «rege
194 1734 264 1765 niti.
290 1733 346 1765 sed
372 1733 478 1764 cultus
496 1733 665 1764 numinum
690 1734 852 1774 utrisque,
872 1735 1005 1765 Dianam
1029 1738 1085 1766 aut
1099 1736 1275 1775 Apollinem
1293 1744 1386 1768 vene-

67 1793 84 1809 «
100 1781 202 1812 randi.
220 1782 329 1822 petere
343 1780 352 1799 ⁶
380 1782 413 1812 et
429 1781 593 1812 Cretenses
609 1780 781 1812 simulacro
795 1781 862 1812 divi
876 1783 1020 1821 Augusti.
1038 1797 1052 1808 n
1070 1784 1228 1823 Factaque
1243 1780 1387 1815 senatus-

65 1829 213 1860 consulta
224 1852 234 1868 ‚
247 1829 320 1868 quis
341 1827 445 1858 multo
461 1836 535 1858 cum
554 1828 677 1859 honore
690 1828 806 1859 modus
823 1830 930 1860 tamen
952 1829 1230 1869 praescribebatur,
1240 1830 1386 1871 jussique

66 1877 151 1916 ipsis
166 1876 202 1905 in
216 1875 351 1915 templis
357 1873 464 1914 fiyere
477 1876 551 1906 aera
567 1875 593 1913 ⁵,
608 1875 819 1906 sacrandam
834 1875 882 1907 ad
901 1879 1113 1916 memoriam,
1129 1885 1194 1908 neu
1213 1879 1321 1916 specie
1337 1885 1388 1908 re-

67 1920 204 1962 liqionis
216 1922 253 1952 in
266 1920 486 1952 ambitionem
501 1920 753 1952 delaberentur.

99 2030 166 2054 LXI.
181 2034 202 2052 ί.
217 2029 302 2058 Prope
317 2028 460 2058 Ephesum.
474 2028 527 2052 Sed
541 2027 656 2058 vulgatae
669 2027 768 2051 fabulae
781 2027 907 2053 ferebant
928 2029 956 2052 in
976 2034 1061 2059 parva
1079 2029 1166 2053 insula
1183 2035 1268 2059 prope
1281 2030 1384 2058 Delum,

67 2071 128 2097 quae
137 2065 201 2088 item
212 2064 324 2093 Ortygia
339 2064 419 2092 dicta,
438 2064 531 2087 natam
548 2069 607 2087 esse
622 2064 780 2086 Dianam.—-
793 2067 815 2085 2.
830 2063 905 2092 Quod
920 2063 1001 2093 vulgo
1014 2065 1042 2088 iu
1052 2064 1189 2088 Thessalia
1200 2065 1302 2088 tactum
1318 2065 1386 2089 ferc-

67 2102 136 2128 bant
148 2099 278 2124 servitute
290 2097 361 2128 apud
377 2098 519 2122 Admetum
533 2104 626 2128 regem
645 2099 722 2121 inita.
733 2111 760 2115 —
775 2103 798 2121 5.
814 2099 884 2122 Hinc
901 2099 984 2128 igitur
996 2100 1038 2127 jus
1051 2099 1118 2128 asyli
1128 2100 1199 2129 apud
1211 2106 1240 2123 se
1252 2100 1387 2124 derivant.

69 2158 72 2162 .
98 2136 177 2162 an.
196 2140 216 2158 ι.
235 2134 275 2158 Ad
284 2133 458 2157 Maeandrum.
474 2146 502 2151 -
512 2138 536 2156 2.
548 2134 669 2157 Asiatici.
681 2146 709 2150 —
722 2139 745 2157 5.
760 2134 801 2157 Ab
815 2133 882 2157 urbe
892 2134 918 2157 in
929 2134 1040 2163 planitie
1060 2135 1190 2158 Maeaudri
1204 2136 1241 2159 ita
1257 2135 1344 2158 dictae,
1358 2146 1387 2151 ἡ

69 2179 92 2199 4.
106 2172 148 2196 Sc.
164 2171 229 2199 ejuS.
240 2174 300 2192 —s.
313 2168 352 2192 Ab
366 2169 482 2192 Labieno
495 2168 637 2192 ductorum
649 2175 675 2192 a.
687 2169 717 2193 U.
727 2174 785 2197 7¹5,
799 2175 814 2192 a
828 2169 961 2197 Ventidio,
976 2170 1085 2193 Antonii
1105 2170 1211 2199 legatoi,
1225 2170 1386 2194 deletorum.

69 2211 131 2230 ...a
144 2206 205 2229 Sive
217 2205 341 2227 Hecates.
352 2215 379 2220 —
389 2208 412 2226 ⁷.
426 2204 549 2227 Anaitin
563 2204 671 2227 dictam.
686 2215 716 2221 ——
730 2210 752 2227 8.
767 2204 881 2227 Victoris
893 2205 1048 2233 Aristonici,
1060 2210 1085 2228 a.
1101 2205 1131 2229 U.
1142 2210 1227 2229 εει-
1236 2210 1259 2229 9.
1272 2206 1303 2228 P.
1322 2204 1388 2227 Ser·

70 2241 136 2266 viiii
151 2241 197 2271 1s.‚
210 2239 255 2269 qui
268 2239 367 2268 piratas
378 2238 473 2262 Cilices
483 2239 596 2267 vicerat,
614 2240 721 2268 Lyciam
735 2240 763 2262 et
775 2239 903 2263 Isauriam
917 2240 942 2268 (e
955 2240 1066 2269 regione
1081 2239 1177 2268 Rhodi)
1194 2239 1348 2269 subegerat,
1360 2246 1386 2264 a·

70 2276 101 2301 U.
114 2279 166 2299 eva.
175 2286 204 2292 -—
218 2280 253 2298 ιο.
268 2275 307 2298 De
318 2274 358 2297 his
368 2279 393 2297 v.
407 2273 474 2297 I-Iist.
488 2273 522 2302 ll,
535 2279 550 2297 2
563 2275 590 2297 et
603 2279 626 2297 5.

101 2310 190 2335 LXIII.
207 2310 408 2338 ¹.Legatorum.
420 2320 447 2325 —-
460 2313 484 2333 2.
501 2309 604 2333 Dictam
621 2310 719 2338 putant
738 2315 753 2333 a
766 2310 935 2339 Stratonice,
950 2310 1010 2334 avia
1034 2310 1141 2334 seleuci
1163 2310 1288 2334 Callinici
1304 2309 1387 2339 syriae

72 2345 153 2375 regis,
165 2345 195 2368 ut
207 2345 235 2368 in
250 2344 381 2373 dynastiis
400 2343 452 2367 illis
467 2345 568 2373 reginae
593 2345 694 2368 deabus
715 2345 943 2369 assimilabantur.
964 2345 1017 2370 scd
1038 2345 1146 2369 obstare
1163 2346 1290 2370 videntur
1303 2345 1387 2369 verba

74 2379 293 2439 &petustatem
308 2390 337 2396 ·—
348 2384 370 2403 s.
384 2379 539 2404 oraculum.
554 2391 583 2397 —
597 2384 621 2404 4.
641 2380 683 2404 Sc.
697 2379 811 2409 asylum.
832 2392 859 2398 —
888 2386 911 2406 5.
931 2381 993 2406 Haec
1006 2381 1065 2411 ipsa
1087 2379 1321 2408 senatusconsulta
1340 2378 1386 2403 aeri

105 2420 168 2439 cisa.
