1539 2668
497 153 531 183 A.
556 154 595 183 U.
619 154 653 183 C.
679 154 749 184 775.
774 153 811 184 A.
834 155 869 185 C.
893 155 944 184 22.
1339 153 1380 184 85

67 231 189 269 socioS,
204 237 301 269 regna
317 228 420 260 colere
435 227 447 246 ³
468 228 500 259 et
513 227 575 258 ooli
591 227 734 266 licitum;
755 230 792 259 ut
808 227 943 268 quisque
963 227 1078 267 opibus
1090 250 1100 267 ,
1123 227 1238 268 domo,
1264 229 1380 269 paratu

66 277 242 317 speciosus,
256 284 312 316 per
328 284 444 306 nomen
460 275 491 305 et
506 274 669 305 clientelas
685 274 838 305 illustrior
850 273 1036 305 habebatur.
1053 274 1223 314 postquam
1238 275 1382 307 caedibus

66 324 217 355 saevitum
232 326 263 354 et
275 321 460 361 magnitudo
474 322 568 352 famae
583 321 682 352 exitio
696 323 777 358 erat,
795 321 892 352 ceteri
912 321 952 352 ad
968 321 1160 362 sapientiora
1181 324 1380 353 convertere.

63 369 160 401 simul
178 369 253 400 novi
277 368 424 399 homines
437 391 446 406 ,
473 376 490 399 e
506 367 688 407 municipiis
710 369 742 399 et
768 368 901 399 coloniis
917 371 1013 408 atque
1032 368 1130 399 etiam
1155 368 1331 407 provinciis
1349 368 1383 399 in

64 420 210 448 senatum
226 417 336 447 crebro
348 414 518 454 assumpti,
533 415 746 446 domesticam
761 415 992 455 parcimoniam
1015 415 1212 453 intulerunt;
1227 417 1258 445 et
1275 423 1387 453 quarnu

65 472 161 503 quam
180 464 305 494 fortuna
318 463 368 493 vel
382 462 539 493 industria
554 462 700 502 plerique
713 462 919 502 pecuniosam
933 462 973 493 ad
989 464 1148 494 senectam
1164 462 1382 501 pervenirent,

64 511 183 542 mansit
199 513 306 542 tamen
324 510 409 549 prior
421 509 559 540 animus.
579 509 634 539 sed
648 509 829 549 praecipuus
847 509 971 540 astricti
985 509 995 527 ⁴
1015 509 1114 540 moris
1133 512 1244 539 auctor
1269 511 1386 548 Vespa-

64 557 170 588 sianus
183 557 256 594 suit,
272 557 403 596 antiquo
417 556 485 595 ipse
502 556 590 586 cultu
607 555 773 595 victuque.
790 556 982 596 obsequium
1001 556 1075 587 inde
1094 555 1127 586 in
1149 555 1328 594 Principem
1352 555 1386 585 et

64 603 235 635 aemulandi
249 612 339 634 amor
354 602 493 633 validior
507 611 603 642 quani
620 611 713 642 poena
726 611 765 633 ex
779 602 902 641 legibus
915 604 947 633 et
963 604 1067 634 metus
1090 612 1097 632 ι
1116 602 1178 633 nisi
1193 601 1272 632 sorte
1288 600 1384 631 rebus

65 650 189 682 cunctis
202 650 284 681 inest
301 650 430 689 quidam
444 650 533 680 velut
545 649 632 680 orbis
644 673 652 687 ,
672 651 707 680 ut
722 649 995 689 quemadmodum
1010 652 1194 690 temporum
1210 648 1299 679 vices
1315 671 1323 686 ,
1338 646 1385 678 ita

63 706 189 729 morum
213 699 404 728 vertantur:
423 705 482 727 nec
496 697 603 727 omnia
625 697 709 736 apud
727 697 846 736 priores
864 697 1016 735 meliora,
1041 697 1095 728 sed
1122 698 1231 726 nostra
1256 703 1385 735 quoque

64 747 143 777 aetas
162 744 263 775 multa
279 744 383 774 laudis
397 745 429 774 et
451 744 567 774 artium
587 743 597 761 ⁵
617 743 775 774 imitanda
799 744 936 784 posteris
954 743 1042 775 tulit.
1060 752 1181 783 verum¹
1196 742 1267 773 haec
1291 740 1386 772 nobis

64 793 166 830 maj0r
187 800 246 829 res,
261 791 437 821 certamina
450 799 487 821 ex
505 791 641 821 honesto
657 793 810 822 maneant
825 791 851 822 ὃ.

105 841 184 870 LVI.
208 837 364 875 Tiberius,
382 838 465 868 fama
482 837 712 868 moderationis
736 838 839 877 parta,
865 837 951 877 quod
974 838 1160 877 ingruentes
1182 836 1385 868 accusatores

64 887 280 925 represserat,
307 884 409 915 mittit
434 884 556 914 litteras
578 884 617 914 ad
634 886 782 915 senatum
798 908 806 923 ‚
832 887 904 924 quis
930 885 1137 924 potestatem
1163 883 1383 915 tribuniciam

62 935 166 962 Druso
186 931 324 971 petebat.
338 930 369 961 id
387 931 504 961 summi
520 930 638 970 fastigii
661 931 855 961 vocabulum
882 931 1045 970 Augustus
1061 930 1223 970 repperit,
1242 938 1280 960 ne
1295 930 1384 967 reglis

63 980 119 1009 aut
135 978 317 1010 dictatoris
332 986 448 1008 nornen
463 978 641 1009 assumeret
653 986 691 1008 ac
710 979 818 1008 tamen
838 977 1052 1017 appellatione
1077 976 1184 1016 aliqua
1198 978 1301 1006 cetera
1329 976 1384 1005 im-

63 1025 148 1064 peria
174 1024 387 1065 praemineret.
404 1025 412 1042 ¹
454 1028 494 1055 M.
523 1024 637 1055 deinde
663 1025 834 1064 Agrippam
864 1024 988 1055 socium
1011 1023 1080 1063 ejus
1107 1023 1291 1063 potestatis,
1321 1032 1385 1062 quo

63 1073 214 1105 defuncto
245 1071 409 1102 Tiberium
426 1075 584 1103 Neronem
613 1071 745 1111 deligit,
776 1080 815 1102 nc
837 1079 1003 1102 successor
1027 1071 1059 1101 in
1083 1071 1205 1101 incerto
1222 1070 1312 1100 soret.
1339 1070 1385 1100 sic

63 1119 201 1151 cohiberi
218 1127 332 1158 pravas
357 1118 493 1148 alioruin
519 1127 592 1158 spes
613 1119 762 1156 rebatur-3
793 1118 887 1149 simul
908 1117 1075 1149 modestiae
1101 1117 1235 1148 Neronis
1262 1118 1293 1147 et
1315 1126 1385 1147 suae

62 1165 277 1205 magnitudini
307 1164 435 1195 fidebat.
468 1174 531 1204 quo
560 1167 638 1195 tunc
663 1166 810 1204 exemplo
838 1164 986 1195 Tiberius
1011 1169 1150 1195 Drusum
1180 1172 1315 1195 summae
1340 1164 1384 1194 rei

64 1212 235 1250 admovet,
249 1220 368 1251 quum,
387 1211 539 1241 incolumi
558 1211 746 1241 Germanico
759 1235 767 1249 ,
786 1211 944 1250 integrum
961 1210 1045 1242 inter
1060 1210 1141 1241 duos
1162 1210 1321 1248 judicium
1337 1212 1384 1241 te-

64 1258 196 1289 nuisset..
223 1257 277 1288 sed
305 1257 462 1297 principio
487 1257 663 1287 litterarum
682 1258 851 1288 veneratus
867 1256 878 1273 ²
898 1257 975 1288 deos
988 1281 996 1295 ‚
1017 1259 1058 1288 ut
1076 1258 1217 1288 consilia
1232 1265 1297 1287 sua
1316 1259 1384 1287 rei-

63 1305 206 1346 publicae
217 1306 481 1344 prosperarent,
499 1303 624 1334 modica
646 1304 685 1334 de
702 1304 846 1334 moribus
862 1303 1070 1335 adolescentis
1092 1312 1195 1343 neque
1212 1304 1245 1334 in
1268 1303 1383 1334 salsum

65 1354 156 1384 aucta
173 1351 281 1382 retulit
300 1360 307 1380 ε
332 1362 346 1376 «
362 1359 431 1381 esse
456 1350 501 1380 illi
518 1351 686 1389 conjugem
705 1352 737 1380 et
752 1352 818 1381 tres
835 1350 953 1381 liberos
966 1375 974 1388 ,
992 1359 1126 1390 eamque
1152 1352 1298 1389 aetatem,
1322 1358 1384 1389 qua

67 1412 81 1425 ι(
97 1399 163 1439 ipse
180 1397 342 1437 quondam
359 1406 378 1427 a
394 1396 469 1427 divo
488 1398 630 1435 Augusto
654 1396 692 1426 :ul
710 1396 941 1435 capessendum
958 1396 1019 1426 hoc
1037 1405 1154 1426 munus
1171 1399 1304 1426 vocatus
1328 1396 1381 1426 sit.

64 1457 81 1473 a
96 1453 199 1484 neque
214 1452 301 1474 nunc
313 1452 448 1483 propere
459 1468 467 1482 ‚
485 1443 538 1473 sed
554 1451 610 1482 per
626 1445 700 1473 ceto
713 1452 814 1473 annos
829 1445 923 1483 capto
940 1443 1158 1482 experimento
1169 1466 1177 1480 ‚
1195 1442 1385 1481 compressis

66 1505 82 1519 ιι
98 1490 319 1530 seditionibus,
332 1490 519 1530 compositis
534 1489 625 1521 bellis
635 1513 645 1529 ,
662 1489 888 1530 triumphalem
903 1488 995 1521 ethis
1006 1489 1169 1520 consulem
1188 1489 1254 1520 noti
1268 1489 1386 1520 laboris

67 1553 81 1566 a
101 1537 288 1578 participem
305 1537 400 1568 suini.
418 1549 431 1563 u

106 1588 198 1617 LVII.
224 1585 446 1623 Praeceperant
465 1583 471 1600 ¹
502 1582 618 1613 animis
633 1583 812 1614 orationem
829 1585 958 1622 Patres;
977 1591 1042 1622 qno
1060 1583 1225 1622 quaesitior
1242 1582 1384 1614 adulatio

65 1633 136 1665 suit.
155 1640 215 1663 nec
228 1633 335 1662 tamen
347 1632 509 1670 repertum
525 1629 587 1660 nisi
601 1631 641 1660 ut
654 1630 783 1669 effiqies
799 1631 1014 1670 Principum,
1028 1638 1113 1661 aras
1124 1629 1236 1670 derim,
1256 1630 1384 1670 templa

65 1681 99 1710 et
121 1687 224 1710 arcus
251 1678 374 1717 aliaque
400 1677 493 1708 solita
516 1681 704 1707 censerent:
723 1676 782 1707 nisi
812 1676 897 1716 quod
919 1681 961 1708 M.
985 1677 1110 1708 Silanus
1136 1685 1174 1708 ex
1192 1678 1385 1709 contumelia

65 1725 247 1756 consulatus
274 1725 427 1755 honorem
446 1723 645 1763 Principibus
670 1723 804 1762 petivit,
827 1723 972 1762 dixitque
987 1732 1045 1763 pro
1068 1724 1247 1762 sententia,
1270 1726 1310 1755 ut
1320 1733 1386 1764 pu-

67 1771 160 1803 blicis
168 1773 360 1812 privatisve
373 1772 602 1802 monumentis
617 1769 628 1787 ²
644 1770 690 1800 ml
705 1772 905 1801 memoriam
919 1772 1109 1809 temporum
1121 1779 1189 1801 non
1205 1764 1385 1802 consulum

65 1821 202 1849 nomina
215 1818 532 1857 praescriberentur,
553 1816 611 1847 sed
625 1825 743 1847 eorum
758 1818 818 1857 qui
838 1816 1060 1848 tribuniciam
1070 1819 1275 1857 potestatem
1290 1825 1385 1857 yere-

64 1867 154 1895 rent.
174 1867 213 1895 At
230 1868 268 1903 Q.
284 1864 430 1895 Haterius
443 1888 452 1903 ‚
479 1872 580 1903 quum
602 1864 676 1902 ejus
692 1863 761 1893 clz'ei
781 1865 921 1895 senatus
936 1864 1097 1895 consulta
1119 1866 1234 1895 aureis
1257 1865 1384 1895 litteris

64 1910 203 1950 fiqenda
218 1912 255 1941 in
270 1912 369 1941 curia
385 1910 583 1949 censuisset,
597 1909 774 1940 deridiculo
787 1910 848 1941 suit
857 1934 867 1950 ,
884 1918 981 1941 senex
997 1910 1181 1942 soedissimae
1193 1910 1386 1942 adulationis

66 1957 192 1988 tantum
207 1957 340 1988 infamia
352 1957 363 1974 ³
386 1965 515 1988 usurus.

107 2008 216 2035 LVIII.
240 2005 327 2035 Inter
343 2012 416 2043 quae
433 2002 598 2043 provincia
613 2002 717 2034 Africa
735 2003 830 2034 Junio
845 2002 947 2035 Blaeso
962 2005 1152 2044 prorogata,
1169 2004 1298 2036 Servius
1316 2007 1384 2035 Ma-

67 2136 118 2156 822.
131 2144 157 2149 -—
169 2136 192 2155 5.
202 2131 350 2159 nemci-eri,
365 2131 413 2155 sibi
424 2131 570 2155 conciliare
581 2137 629 2161 per
640 2130 727 2155 officia
738 2131 780 2155 vel
790 2131 997 2155 beneficia—⁴-
1010 2131 1095 2155 Parci.
1106 2130 1204 2161 oppos.
1216 2131 1383 2158 dissolutus:

66 2178 95 2183 -
106 2172 130 2189 s·
146 2167 229 2190 Multa
240 2167 267 2190 in
281 2166 362 2190 rebus
375 2166 515 2190 laudandis
533 2168 558 2190 ct
572 2166 684 2190 artibus.
694 2180 721 2183 —
730 2172 752 2190 6.
767 2167 829 2190 Haec
842 2172 886 2190 res
899 2166 1010 2195 majoris
1020 2167 1150 2189 momenti
1163 2167 1191 2190 et
1204 2166 1387 2195 exoptabilior

67 2203 144 2226 nobis
156 2208 214 2225 esse
226 2202 307 2226 debet
319 2209 398 2232 quam
410 2203 542 2227 laudanda
557 2203 600 2227 illa
612 2204 767 2226 nostrorum
781 2203 934 2230 hominum,
950 2204 979 2226 ut
995 2202 1152 2230 certamina,
1167 2207 1280 2231 quorum
1295 2204 1381 2226 mate-

68 2238 123 2261 ries
139 2243 171 2262 ex
191 2238 305 2262 honesto
320 2239 346 2262 et
371 2239 472 2262 virtute
488 2239 599 2268 petitur,
620 2239 751 2268 perpetua
772 2238 912 2262 sintzhaee
935 2238 1005 2261 vires
1021 2239 1130 2266 acuunt,
1152 2238 1209 2261 haec
1222 2237 1325 2262 ducunt
1349 2239 1382 2263 ad

69 2273 174 2297 altiora.

100 2308 160 2330 1.V1.
180 2312 199 2330 ι.
213 2308 279 2331 Nam
293 2308 404 2332 tribuni
416 2308 503 2337 plebis
516 2308 686 2333 sacrosancti
699 2309 777 2332 erant
793 2309 821 2333 et
838 2314 887 2338 per
903 2308 1035 2332 invictum
1049 2308 1112 2333 veto
1129 2313 1208 2332 suum
1226 2307 1254 2331 in
1271 2308 1384 2333 civitate

69 2343 256 2372 potentissimi.
268 2356 295 2359 —
306 2347 328 2367 2.
342 2345 476 2368 Precatus.

103 2377 177 2400 LVil.
198 2383 217 2400 i.
234 2379 300 2401 Ante
312 2380 500 2408 conceperant.
513 2392 537 2395 —
553 2384 574 2402 ρ.
589 2380 653 2403 Tam
668 2380 775 2409 scriptis
798 2379 890 2410 (actis,
898 2377 1066 2408 soederibus,
1082 2379 1147 2407 etc.)
1160 2384 1239 2408 quam
1260 2379 1380 2404 structis.

72 2425 99 2429 —
111 2417 132 2435 3.
146 2412 185 2436 Ob
202 2414 370 2437 senectutem
387 2419 439 2437 non
453 2414 533 2438 alium
548 2414 664 2439 fructum
674 2415 833 2439 adulationis
847 2421 900 2440 suae
916 2419 995 2445 quam
1005 2413 1142 2438 infamiam
1156 2415 1294 2438 nacturus.
