1539 2668
488 148 527 179 A.
550 149 590 179 U.
613 149 648 179 C.
673 148 744 178 775.
769 149 804 178 A.
828 149 865 179 C.
889 149 939 178 22.
1333 145 1375 175 83

56 241 72 256 «
87 228 182 266 runt;
200 228 248 258 est
260 226 350 257 locus
363 225 542 263 sententiae,
555 233 612 265 per
631 233 728 264 quam
745 233 849 265 neque
865 223 942 256 huic
957 222 1110 253 delictum
1123 221 1258 261 impune
1273 220 1327 259 sit,
1341 221 1376 253 et

55 288 72 301 «
89 283 146 306 nos
162 273 341 305 clementiae
358 272 453 303 simul
466 280 504 302 ac
515 271 697 303 severitatis
710 281 773 302 non
787 271 952 312 poeniteat.
969 278 1055 309 saepe
1068 268 1178 299 audivi
1197 268 1376 308 Principem

56 333 72 348 «
87 324 234 353 nostrum
247 322 498 360 conquerentem
514 317 540 357 ²,
560 318 587 349 si
601 318 672 358 quis
685 321 814 358 sumpta
830 320 933 349 morte
950 315 1198 348 misericordiam
1215 315 1281 354 ejus
1296 323 1378 354 prae-

55 380 71 394 «
86 369 238 399 venisset.
253 367 320 398 vita
335 365 461 397 Lutorii
482 365 516 396 in
533 365 658 405 integro
675 368 724 396 est
738 389 746 404 ,
771 365 826 405 qui
845 373 950 404 neque
974 365 1122 395 servatus
1147 362 1180 393 in
1197 361 1378 401 pericnlum

56 426 71 440 <1
87 414 285 455 reipublicae,
300 422 403 453 neque
417 412 608 444 interfectus
632 412 665 442 in
681 413 866 453 exemplum
884 412 956 443 ibit.
975 410 1084 442 studia
1101 409 1146 440 illi
1161 410 1198 440 ut
1219 409 1313 448 plena
1329 417 1380 440 ve-

55 473 72 488 «
87 461 207 493 cordiae
221 485 230 500 ,
247 460 294 492 ita
314 459 424 491 inania
439 462 471 491 et
487 459 575 491 fluxa
591 461 688 498 sunt;
705 468 764 490 nec
778 459 959 499 quidquam
979 465 1075 498 grave
1099 465 1136 487 ac
1148 455 1267 487 serium
1284 463 1322 485 ex
1340 463 1379 485 eo

56 511 223 547 «metuas,
243 507 300 548 qui
316 505 531 546 suorumipse
546 505 739 545 flagitiorum
758 507 912 546 proditor,
930 514 995 537 non
1015 503 1160 535 virorum
1177 501 1305 539 animis,
1323 501 1380 532 sed

55 567 71 582 «
86 554 350 586 muliercularum
365 552 496 593 arrepit.
516 552 610 584 cedat
627 554 736 584 tamen
752 553 838 585 Urbe
859 556 892 585 et
910 552 1003 584 bonis
1019 551 1144 583 amissis
1166 557 1250 589 aqua
1267 550 1300 580 et
1314 548 1380 587 igni

55 614 71 629 «
86 602 244 632 arceatur.
259 601 345 640 quod
360 600 490 640 perinde
505 609 633 639 censeo,
648 609 685 631 ac
699 600 726 630 si
741 600 809 639 lege
822 599 1000 640 maJestatis
1015 599 1175 629 teneretur
1190 596 1215 627 ³.
1232 608 1247 622 υ

94 651 143 679 LI.
166 647 260 679 Solus
273 646 397 686 Lepido
414 646 581 678 Rubellius
597 646 738 678 Blandus
753 656 771 677 e
784 646 1005 678 consularibus
1019 644 1157 676 assensit
1171 653 1179 673 ε
1196 641 1293 674 ceteri
1311 649 1383 672 sen-

52 694 186 726 tentiam
200 694 347 734 Agrippae
360 694 476 731 secuti,
492 694 672 733 ductusque
686 694 718 724 in
735 702 897 725 carcerem
915 692 1063 731 Priscus,
1080 700 1118 723 ac
1139 690 1249 722 statim
1273 687 1385 720 exani·
1409 732 1411 734 q

54 743 170 774 matus.
192 741 223 772 id
237 741 384 772 Tiberius
400 740 502 771 solitis
516 741 579 772 sibi
593 740 783 779 ambagibus
806 741 891 780 apud
908 741 1055 771 senatum
1071 737 1233 769 incusavit
1248 759 1257 775 ‚
1281 742 1383 776 quum
1408 740 1411 743 ’

53 788 220 820 extolleret
231 789 400 828 pietatem
416 789 577 828 quamvis
605 787 753 818 modicas
771 789 945 827 Principis
961 786 968 803 ¹
989 786 1138 825 injurias
1153 785 1282 815 acriter
1297 782 1384 813 ulci-
1412 797 1414 813 :

53 837 233 873 scentiam,
250 834 477 874 deprecaretur
494 835 567 865 tam
583 836 779 874 proecipz'tes
797 834 981 865 verborum
1002 840 1125 871 poenas
1136 843 1148 869 ,·
1171 830 1316 861 laudaret
1329 830 1385 859 Le-

53 881 188 922 pidum,
212 889 317 920 neque
339 881 509 920 Agrippam
538 882 696 921 argueret.
721 881 817 920 igitur
844 880 965 911 sactum
988 877 1324 910 senatusconsultum:
1343 883 1383 905 ην

52 927 192 960 decreta
206 929 358 959 Patrum
372 929 454 958 ante
466 927 555 959 diem
571 927 741 959 decimum
755 927 801 958 ad
817 928 988 958 cerarium
1000 924 1011 942 ²
1030 924 1267 961 deferrentur,
1282 921 1383 962 idque

52 976 135 1006 vilse
148 975 303 1014 spatium
320 973 498 1005 damnatis
511 976 774 1015 proroqarelzcr.
794 973 850 1005 sed
873 983 937 1004 non
956 971 1082 1004 senatui
1103 971 1237 1001 libertas
1257 968 1296 1000 ad
1320 977 1385 1008 ptr·

53 1021 220 1052 nitendum
234 1023 315 1061 erat,
330 1030 434 1061 neque
447 1021 596 1052 Tiberius
608 1021 780 1061 interjectu
794 1021 949 1061 temporis
965 1018 1182 1058 mitigabatur.

95 1071 161 1099 LII.
186 1072 221 1100 C.
234 1068 396 1108 sulpicius
409 1093 418 1108 ,
436 1072 472 1099 D.
492 1068 639 1099 Haterius
664 1071 751 1099 Coss.
772 1067 778 1085 ¹
807 1070 989 1106 sequuntur
1004 1076 1012 1096 2
1030 1063 1216 1096 inturbidus
1240 1062 1383 1094 externis

55 1113 151 1145 rebus
166 1123 284 1153 annus,
307 1114 395 1145 domi
413 1117 562 1154 suspecta
579 1115 751 1145 severitate
771 1113 941 1144 adversum
966 1114 1096 1151 luxum,
1113 1111 1167 1151 qui
1190 1111 1385 1141 immensum

56 1163 249 1200 proruperat
263 1161 301 1191 ad
318 1162 435 1192 cuncta
448 1163 521 1200 quis
534 1161 670 1200 pecunia
686 1160 879 1200 prodigitur.
895 1159 950 1190 sed
968 1159 1031 1189 alia
1047 1159 1235 1197 sumptuum
1248 1180 1256 1195 ,
1275 1164 1388 1195 quam—

55 1207 105 1238 vis
119 1207 278 1246 graviora,
293 1207 508 1238 dissimulatis
521 1208 711 1247 plerumque
725 1207 835 1246 pretiis
851 1206 1099 1237 occultabantur
1115 1215 1123 1235 z
1140 1204 1262 1235 ventris
1282 1204 1315 1233 et
1334 1211 1386 1241 ga-

58 1262 129 1285 neae
144 1254 276 1294 paratus
291 1252 303 1270 ²
323 1254 459 1284 assiduis
476 1253 677 1285 sermonibus
692 1252 814 1291 vulgati
837 1252 977 1283 fecerant
992 1261 1103 1283 curam
1121 1251 1147 1290 ³,
1170 1259 1209 1282 ne
1234 1249 1388 1288 Princeps

56 1301 200 1341 antiquae
218 1300 425 1340 parcimoniae
439 1300 449 1319 ⁴
471 1300 584 1331 durius
601 1301 795 1331 adverteret.
815 1308 888 1330 nam
908 1299 1081 1339 incipiente
1102 1302 1136 1330 C.
1154 1297 1268 1329 Bibulo
1288 1296 1388 1327 ceteri

54 1356 186 1388 quoque
212 1347 321 1378 aediles
343 1347 586 1385 disserueram,
610 1348 726 1385 sperni
749 1347 1011 1385 sumptuariam
1036 1346 1143 1385 leqem
1158 1345 1190 1382 ⁵,
1213 1344 1389 1382 vetitaque

56 1394 261 1426 utensilium
285 1395 402 1433 pretia
431 1395 553 1433 auqeri
594 1394 629 1423 in
659 1392 729 1423 dies
748 1416 757 1431 ,
788 1400 848 1423 nec
875 1391 1097 1423 mediocribus
1124 1390 1280 1421 remediis
1308 1389 1390 1419 sz‘sct

56 1449 163 1480 posse.
180 1442 212 1471 et
225 1440 366 1471 consulti
380 1441 491 1471 Patres
506 1440 665 1479 integrum
685 1439 715 1469 id
732 1438 896 1477 negotium
914 1438 953 1469 ad
977 1438 1159 1478 Principem
1177 1436 1386 1468 distulerant.

57 1486 112 1518 sed
131 1486 293 1526 Tiberius,
312 1495 396 1526 saepe
412 1486 498 1526 apud
513 1495 547 1517 se
564 1486 725 1526 pensitato
743 1494 790 1517 an
813 1487 959 1517 coerceri
979 1487 1053 1516 tam
1067 1484 1226 1524 profusae
1247 1482 1388 1523 cupidi-

57 1541 116 1564 nes
130 1535 298 1574 possent?
315 1542 399 1564 num
414 1535 572 1564 coercitio
581 1533 661 1572 plus
673 1532 794 1564 damni
811 1534 845 1563 in
861 1540 929 1563 rem
933 1531 1233 1571 publicam-ferret
1248 1533 1265 1560 9
1279 1538 1348 1570 qua
1355 1538 1390 1560 »12

56 1580 257 1612 indecorum
273 1582 462 1612 attrectare
481 1580 572 1621 quod
594 1589 661 1611 non
678 1580 859 1620 obtineret,
876 1579 929 1610 vel
949 1581 1123 1610 retentum
1138 1578 1149 1595 ‘³
1166 1578 1390 1617 iynominiam,

58 1630 92 1659 et
108 1628 291 1667 infamiam
304 1629 460 1659 virorum
474 1628 669 1658 illustrium
679 1628 835 1667 posceret
849 1637 860 1657 .-
874 1628 1039 1666 postremo
1052 1626 1173 1656 litteras
1190 1624 1231 1655 ad
1241 1625 1390 1655 senatum

59 1675 253 1714 composuit,
268 1683 406 1714 quarum
426 1674 586 1705 sententia
602 1675 634 1705 in
651 1673 737 1704 hunc
752 1673 885 1704 modum
900 1673 961 1704 suit
981 1682 988 1703 :

101 1724 181 1752 LIII.
208 1734 224 1748 «ι
239 1720 363 1752 Ceteris
382 1721 518 1751 forsitan
531 1719 566 1750 in
582 1719 687 1757 rebus,
712 1721 823 1750 Patres
837 1718 1025 1760 conscripti,
1045 1718 1147 1757 magis
1161 1717 1313 1758 expediat
1337 1724 1391 1748 me

63 1779 79 1794 «
93 1776 200 1798 coram
223 1767 413 1806 interrogari
439 1770 470 1798 et
496 1766 602 1798 dicere
619 1767 728 1806 quidge
743 1766 905 1806 republica
919 1774 1067 1797 censeam
1086 1774 1093 1795 τ
1112 1765 1145 1795 in
1159 1765 1219 1795 hac
1236 1764 1389 1795 relatione

64 1827 79 1841 ιι
95 1813 240 1845 subtrahi
257 1814 369 1845 oculos
394 1822 484 1845 meos
500 1813 616 1844 melius
633 1813 710 1851 fuit,
739 1821 779 1843 ne
803 1812 1052 1843 denotantibus¹
1077 1811 1169 1842 vobis
1186 1820 1241 1842 ora
1264 1819 1301 1841 ac
1325 1818 1392 1840 me-

65 1872 80 1886 «
94 1862 165 1891 tum
181 1861 382 1900 singulorum
395 1884 406 1898 ‚
427 1861 481 1900 qui
507 1859 649 1899 pudendi
672 1859 768 1890 luxus
785 1862 1015 1899 arguerentur,
1034 1858 1103 1898 ipse
1124 1859 1222 1888 etiam
1244 1857 1388 1887 viderem

66 1919 82 1933 «ι
96 1915 151 1938 eos
165 1915 202 1937 ac
227 1906 317 1937 velut
347 1906 589 1946 deprenderem.
613 1906 736 1942 Quodsi
753 1914 881 1937 mecum
904 1907 980 1937 ante
1001 1905 1063 1936 viri
1089 1905 1236 1943 strenui,
1256 1904 1365 1935 aediles
1378 1927 1389 1942 ,

65 1964 83 1979 «ι
97 1953 264 1984 consilium
280 1952 482 1991 habuissent,
497 1952 606 1983 nescio
625 1961 664 1982 an
680 1960 835 1982 suasurus
849 1952 965 1982 fuerim
980 1951 1130 1982 omittere
1143 1951 1252 1991 potius
1269 1958 1393 1990 praeva-

65 2010 82 2026 «
96 1999 160 2031 lida
175 2002 209 2031 et
220 1999 332 2031 adulta
342 1999 422 2030 vitia
436 2023 445 2038 ‚
463 2007 560 2038 quam
577 1999 638 2029 hoc
655 1998 804 2038 assequi,
825 2000 860 2029 ut
875 1998 980 2038 palam
996 1997 1087 2029 fieret
1101 1997 1217 2037 quibus
1232 1996 1358 2036 flagitiis
1376 1996 1388 2013 ²

64 2057 81 2073 α
97 2047 233 2087 impares
249 2054 402 2077 essemus.
422 2045 478 2076 sed
495 2045 540 2076 illi
554 2045 685 2085 quidem
701 2045 808 2076 officio
826 2044 929 2075 functi
945 2045 1038 2084 sunt,
1062 2045 1099 2075 ut
1122 2046 1244 2075 ceteros
1259 2051 1391 2083 quoque

67 2106 83 2121 α
97 2093 304 2133 magistratus
317 2101 377 2124 sua
389 2091 501 2123 munia
514 2091 646 2132 implere
661 2092 760 2123 velim
779 2101 787 2121 :
804 2091 883 2122 mihi
908 2093 1017 2123 autem
1035 2099 1140 2131 neque
1156 2091 1329 2122 honestum
1352 2090 1396 2121 si—

66 2182 91 2186 —
100 2173 123 2192 Ξ.
133 2169 168 2193 Ut
179 2168 211 2197 11,
219 2173 245 2192 si
253 2180 290 2192 .—
300 2172 314 2191 5
333 2169 373 2192 Ae
381 2168 403 2190 si
417 2172 495 2197 poena
509 2166 575 2197 legis
587 2167 620 2190 de
633 2166 693 2190 laesa
706 2166 848 2194 majestate
858 2166 883 2190 el
893 2165 1068 2195 infligeretur.

96 2204 134 2228 LI.
149 2204 264 2231 rassive,
276 2203 306 2227 in
327 2203 527 2232 Principem.—
543 2207 564 2225 2.
583 2202 633 2226 tbi
653 2202 871 2225 asservabantur.
888 2201 983 2231 Neque
1006 2200 1123 2225 facultas
1140 2202 1200 2225 erat
1220 2199 1394 2230 exsequendi

68 2238 178 2262 deci-eta
189 2239 311 2262 nondum
325 2238 362 2261 ibi
375 2238 505 2267 deposita.

99 2273 154 2296 LII.
167 2278 187 2296 ι.
203 2274 271 2297 Anni
280 2273 309 2297 U.
323 2278 375 2301 πε,
389 2279 417 2302 p.
434 2272 495 2296 Chr.
505 2277 542 2296 22-
555 2285 585 2289 —
595 2277 618 2296 2.
630 2273 793 2301 Apparatus.
806 2276 865 2295 —³.
876 2271 1092 2296 Sollicitudinem
1105 2271 1264 2300 injecerant.
1276 2282 1306 2287 —
1316 2275 1338 2294 ⁴.
1347 2271 1392 2294 Sc.

69 2308 162 2332 hoino.
174 2309 331 2332 Advertere
341 2314 410 2337 saepe
421 2314 470 2337 pro
480 2307 703 2335 animadvertere,
717 2307 823 2337 punire.
837 2318 867 2324 --
877 2312 902 2330 s.
922 2306 1031 2335 Juliam,
1048 2312 1063 2330 a
1078 2307 1181 2330 Caesare
1197 2306 1290 2334 latam,
1308 2311 1391 2330 reno-

71 2344 160 2366 vatam
172 2342 206 2366 ab
217 2343 348 2372 Augusto,
362 2348 415 2372 qua
427 2342 529 2366 diurnis
548 2343 700 2372 sumptibus
720 2343 811 2366 certus
831 2341 925 2365 modus
943 2341 1105 2371 ponebatur.
1118 2347 1176 2365 -ο,
1194 2341 1352 2369 Obtentuun,
1363 2346 1377 2364 s

69 2377 240 2401 obtinuisset.

100 2412 166 2437 LIII.
182 2417 206 2436 ι.
216 2412 260 2437 sc.
276 2414 346 2437 nutu
357 2412 402 2437 vel
411 2412 498 2437 oculis
507 2412 536 2436 in
551 2412 623 2438 hunc
634 2412 745 2437 illumve
765 2411 866 2437 defixis.
878 2424 906 2430 -
917 2417 943 2437 2.
955 2412 996 2437 Sc.
1011 2412 1178 2437 coercendis.
