<?xml version="1.0" encoding="UTF-8"?>
<!DOCTYPE html PUBLIC "-//W3C//DTD XHTML 1.0 Transitional//EN"
    "http://www.w3.org/TR/xhtml1/DTD/xhtml1-transitional.dtd">
<html xmlns="http://www.w3.org/1999/xhtml" xml:lang="en" lang="en">
 <head>
  <title>
</title>
<meta http-equiv="Content-Type" content="text/html;charset=utf-8" />
  <meta name='ocr-system' content='tesseract 3.04.00' />
  <meta name='ocr-capabilities' content='ocr_page ocr_carea ocr_par ocr_line ocrx_word'/>
</head>
<body>
  <div class='ocr_page' id='page_1' title='image "./operaquaesupersu00taciuoft_0416.png"; bbox 0 0 1539 2668; ppageno 0'>
   <div class='ocr_carea' id='block_1_1' title="bbox 110 157 1082 190">
    <p class='ocr_par' dir='ltr' id='par_1_1' title="bbox 110 157 1082 190">
     <span class='ocr_line' id='line_1_1' title="bbox 110 157 1082 190; baseline -0.001 0"><span class='ocrx_word' id='word_1_1' title='bbox 110 160 173 190; x_wconf 80' lang='lat'>384</span> <span class='ocrx_word' id='word_1_2' title='bbox 470 157 607 190; x_wconf 74' lang='lat' dir='ltr'>TACITI</span> <span class='ocrx_word' id='word_1_3' title='bbox 629 160 906 190; x_wconf 72' lang='lat' dir='ltr'>HISTORIARUM</span> <span class='ocrx_word' id='word_1_4' title='bbox 930 161 1002 189; x_wconf 82' lang='lat' dir='ltr'>LIB.</span> <span class='ocrx_word' id='word_1_5' title='bbox 1029 161 1082 190; x_wconf 86' lang='lat' dir='ltr'>lv.</span> 
     </span>
    </p>
   </div>
   <div class='ocr_carea' id='block_1_2' title="bbox 108 231 1453 1027">
    <p class='ocr_par' dir='ltr' id='par_1_2' title="bbox 108 231 1453 1027">
     <span class='ocr_line' id='line_1_2' title="bbox 151 231 1440 274; baseline -0.002 -9"><span class='ocrx_word' id='word_1_6' title='bbox 151 236 270 265; x_wconf 85' lang='lat' dir='ltr'>XXXII.</span> <span class='ocrx_word' id='word_1_7' title='bbox 291 232 396 264; x_wconf 86' lang='lat' dir='ltr'>Lectae</span> <span class='ocrx_word' id='word_1_8' title='bbox 415 232 531 264; x_wconf 90' lang='lat' dir='ltr'>deinde</span> <span class='ocrx_word' id='word_1_9' title='bbox 553 242 611 274; x_wconf 88' lang='lat' dir='ltr'>pro</span> <span class='ocrx_word' id='word_1_10' title='bbox 633 232 790 264; x_wconf 81' lang='lat' dir='ltr'>concione</span> <span class='ocrx_word' id='word_1_11' title='bbox 815 233 959 274; x_wconf 87' lang='lat' dir='ltr'>epistolae</span> <span class='ocrx_word' id='word_1_12' title='bbox 980 233 1108 265; x_wconf 84' lang='lat' dir='ltr'>Antonii</span> <span class='ocrx_word' id='word_1_13' title='bbox 1127 232 1165 264; x_wconf 89' lang='lat' dir='ltr'>ad</span> <span class='ocrx_word' id='word_1_14' title='bbox 1190 232 1326 264; x_wconf 85' lang='lat' dir='ltr'>Civilem</span> <span class='ocrx_word' id='word_1_15' title='bbox 1340 231 1440 272; x_wconf 89' lang='lat' dir='ltr'>suspi-</span> 
     </span>
     <span class='ocr_line' id='line_1_3' title="bbox 108 278 1439 321; baseline -0.002 -9"><span class='ocrx_word' id='word_1_16' title='bbox 108 278 217 312; x_wconf 85' lang='lat' dir='ltr'>ciones</span> <span class='ocrx_word' id='word_1_17' title='bbox 229 280 367 311; x_wconf 84' lang='lat' dir='ltr'>militum</span> <span class='ocrx_word' id='word_1_18' title='bbox 384 280 564 320; x_wconf 69' lang='lat' dir='ltr'>imitavere,</span> <span class='ocrx_word' id='word_1_19' title='bbox 580 283 744 320; x_wconf 82' lang='lat' dir='ltr'>tamquam</span> <span class='ocrx_word' id='word_1_20' title='bbox 760 280 797 312; x_wconf 87' lang='lat' dir='ltr'>ad</span> <span class='ocrx_word' id='word_1_21' title='bbox 815 282 941 312; x_wconf 87' lang='lat' dir='ltr'>socium</span> <span class='ocrx_word' id='word_1_22' title='bbox 957 281 1097 321; x_wconf 86' lang='lat' dir='ltr'>partium</span> <span class='ocrx_word' id='word_1_23' title='bbox 1113 279 1254 320; x_wconf 75' lang='lat' dir='ltr'>scriptae,</span> <span class='ocrx_word' id='word_1_24' title='bbox 1269 281 1301 310; x_wconf 89' lang='lat' dir='ltr'>et</span> <span class='ocrx_word' id='word_1_25' title='bbox 1314 278 1353 310; x_wconf 88' lang='lat' dir='ltr'>de</span> <span class='ocrx_word' id='word_1_26' title='bbox 1366 282 1439 311; x_wconf 89' lang='lat' dir='ltr'>Ger-</span> 
     </span>
     <span class='ocr_line' id='line_1_4' title="bbox 109 325 1441 360; baseline -0.002 -1"><span class='ocrx_word' id='word_1_27' title='bbox 109 327 237 359; x_wconf 86' lang='lat' dir='ltr'>manico</span> <span class='ocrx_word' id='word_1_28' title='bbox 251 328 391 359; x_wconf 85' lang='lat' dir='ltr'>exercitu</span> <span class='ocrx_word' id='word_1_29' title='bbox 412 327 579 359; x_wconf 76' lang='lat' dir='ltr'>hostiliter.</span> <span class='ocrx_word' id='word_1_30' title='bbox 604 336 677 358; x_wconf 75' lang='lat' dir='ltr'>mox</span> <span class='ocrx_word' id='word_1_31' title='bbox 703 327 806 358; x_wconf 86' lang='lat' dir='ltr'>allatis</span> <span class='ocrx_word' id='word_1_32' title='bbox 823 328 997 360; x_wconf 81' lang='lat' dir='ltr'>Geldubam</span> <span class='ocrx_word' id='word_1_33' title='bbox 1019 327 1050 358; x_wconf 89' lang='lat' dir='ltr'>in</span> <span class='ocrx_word' id='word_1_34' title='bbox 1070 330 1174 358; x_wconf 84' lang='lat' dir='ltr'>castra</span> <span class='ocrx_word' id='word_1_35' title='bbox 1190 326 1312 357; x_wconf 87' lang='lat' dir='ltr'>nuntiis</span> <span class='ocrx_word' id='word_1_36' title='bbox 1328 325 1441 357; x_wconf 88' lang='lat' dir='ltr'>eadem</span> 
     </span>
     <span class='ocr_line' id='line_1_5' title="bbox 109 373 1442 415; baseline -0.002 -9"><span class='ocrx_word' id='word_1_37' title='bbox 109 374 197 406; x_wconf 87' lang='lat' dir='ltr'>dicta</span> <span class='ocrx_word' id='word_1_38' title='bbox 213 375 359 415; x_wconf 78' lang='lat' dir='ltr'>factaque</span> <span class='ocrx_word' id='word_1_39' title='bbox 372 399 380 414; x_wconf 89' lang='lat'>‚</span> <span class='ocrx_word' id='word_1_40' title='bbox 399 376 430 406; x_wconf 87' lang='lat' dir='ltr'>et</span> <span class='ocrx_word' id='word_1_41' title='bbox 447 375 561 406; x_wconf 87' lang='lat' dir='ltr'>missus</span> <span class='ocrx_word' id='word_1_42' title='bbox 575 383 650 406; x_wconf 90' lang='lat' dir='ltr'>cum</span> <span class='ocrx_word' id='word_1_43' title='bbox 667 374 827 406; x_wconf 87' lang='lat' dir='ltr'>mandatis</span> <span class='ocrx_word' id='word_1_44' title='bbox 841 376 1012 407; x_wconf 85' lang='lat' dir='ltr'>Montanus</span> <span class='ocrx_word' id='word_1_45' title='bbox 1025 374 1064 405; x_wconf 90' lang='lat' dir='ltr'>ad</span> <span class='ocrx_word' id='word_1_46' title='bbox 1077 374 1232 413; x_wconf 88' lang='lat' dir='ltr'>Civilem,</span> <span class='ocrx_word' id='word_1_47' title='bbox 1247 375 1287 406; x_wconf 81' lang='lat' dir='ltr'>ut</span> <span class='ocrx_word' id='word_1_48' title='bbox 1301 373 1442 405; x_wconf 69' lang='lat' dir='ltr'>absiste-</span> 
     </span>
     <span class='ocr_line' id='line_1_6' title="bbox 109 421 1444 462; baseline -0.004 -7"><span class='ocrx_word' id='word_1_49' title='bbox 109 425 165 455; x_wconf 74' lang='lat' dir='ltr'>ret</span> <span class='ocrx_word' id='word_1_50' title='bbox 183 422 270 454; x_wconf 80' lang='lat' dir='ltr'>bello</span> <span class='ocrx_word' id='word_1_51' title='bbox 293 430 373 453; x_wconf 75' lang='lat' dir='ltr'>neve</span> <span class='ocrx_word' id='word_1_52' title='bbox 393 424 540 453; x_wconf 71' lang='lat' dir='ltr'>externa</span> <span class='ocrx_word' id='word_1_53' title='bbox 562 422 567 439; x_wconf 88' lang='lat'>¹</span> <span class='ocrx_word' id='word_1_54' title='bbox 593 424 701 453; x_wconf 72' lang='lat' dir='ltr'>armis</span> <span class='ocrx_word' id='word_1_55' title='bbox 714 422 818 460; x_wconf 79' lang='lat' dir='ltr'>falsis</span> <span class='ocrx_word' id='word_1_56' title='bbox 832 423 985 454; x_wconf 75' lang='lat' dir='ltr'>velaret:</span> <span class='ocrx_word' id='word_1_57' title='bbox 1005 424 1033 453; x_wconf 75' lang='lat' dir='ltr'>si</span> <span class='ocrx_word' id='word_1_58' title='bbox 1055 423 1306 462; x_wconf 69' lang='lat' dir='ltr'>Vespasianum</span> <span class='ocrx_word' id='word_1_59' title='bbox 1313 421 1444 460; x_wconf 79' lang='lat' dir='ltr'>juvare</span> 
     </span>
     <span class='ocr_line' id='line_1_7' title="bbox 110 464 1446 510; baseline -0.001 -11"><span class='ocrx_word' id='word_1_60' title='bbox 110 477 292 509; x_wconf 65' lang='lat' dir='ltr'>aym-ossus</span> <span class='ocrx_word' id='word_1_61' title='bbox 307 469 418 508; x_wconf 77' lang='lat' dir='ltr'>soret,</span> <span class='ocrx_word' id='word_1_62' title='bbox 435 468 662 508; x_wconf 71' lang='lat' dir='ltr'>satisfactum</span> <span class='ocrx_word' id='word_1_63' title='bbox 679 471 808 510; x_wconf 69' lang='lat' dir='ltr'>coeptis.</span> <span class='ocrx_word' id='word_1_64' title='bbox 828 470 873 501; x_wconf 86' lang='lat' dir='ltr'>Ad</span> <span class='ocrx_word' id='word_1_65' title='bbox 889 479 925 501; x_wconf 85' lang='lat' dir='ltr'>ea</span> <span class='ocrx_word' id='word_1_66' title='bbox 944 469 1054 501; x_wconf 86' lang='lat' dir='ltr'>Civilis</span> <span class='ocrx_word' id='word_1_67' title='bbox 1067 469 1171 509; x_wconf 89' lang='lat' dir='ltr'>primo</span> <span class='ocrx_word' id='word_1_68' title='bbox 1188 467 1305 499; x_wconf 82' lang='lat' dir='ltr'>callide</span> <span class='ocrx_word' id='word_1_69' title='bbox 1320 466 1330 484; x_wconf 77' lang='lat'><em>²</em></span> <span class='ocrx_word' id='word_1_70' title='bbox 1349 477 1356 498; x_wconf 87' lang='grc'>;</span> <span class='ocrx_word' id='word_1_71' title='bbox 1371 464 1446 507; x_wconf 83' lang='lat' dir='ltr'>post</span> 
     </span>
     <span class='ocr_line' id='line_1_8' title="bbox 111 515 1445 558; baseline -0.001 -12"><span class='ocrx_word' id='word_1_72' title='bbox 111 515 168 547; x_wconf 85' lang='lat' dir='ltr'>ubi</span> <span class='ocrx_word' id='word_1_73' title='bbox 186 516 274 547; x_wconf 91' lang='lat' dir='ltr'>videt</span> <span class='ocrx_word' id='word_1_74' title='bbox 290 518 478 546; x_wconf 75' lang='lat' dir='ltr'>Montanum</span> <span class='ocrx_word' id='word_1_75' title='bbox 495 516 702 556; x_wconf 71' lang='lat' dir='ltr'>praeserocem</span> <span class='ocrx_word' id='word_1_76' title='bbox 718 517 846 557; x_wconf 85' lang='lat' dir='ltr'>ingenio</span> <span class='ocrx_word' id='word_1_77' title='bbox 861 519 1076 558; x_wconf 86' lang='lat' dir='ltr'>paratumque</span> <span class='ocrx_word' id='word_1_78' title='bbox 1095 516 1126 547; x_wconf 90' lang='lat' dir='ltr'>in</span> <span class='ocrx_word' id='word_1_79' title='bbox 1150 524 1200 547; x_wconf 84' lang='lat' dir='ltr'>res</span> <span class='ocrx_word' id='word_1_80' title='bbox 1215 523 1335 553; x_wconf 87' lang='lat' dir='ltr'>novas,</span> <span class='ocrx_word' id='word_1_81' title='bbox 1354 522 1445 546; x_wconf 87' lang='lat' dir='ltr'>orsus</span> 
     </span>
     <span class='ocr_line' id='line_1_9' title="bbox 110 562 1445 603; baseline -0.001 -10"><span class='ocrx_word' id='word_1_82' title='bbox 110 570 129 593; x_wconf 86' lang='lat' dir='ltr'>a</span> <span class='ocrx_word' id='word_1_83' title='bbox 143 565 258 602; x_wconf 86' lang='lat' dir='ltr'>questu</span> <span class='ocrx_word' id='word_1_84' title='bbox 277 563 491 603; x_wconf 75' lang='lat' dir='ltr'>periculisque</span> <span class='ocrx_word' id='word_1_85' title='bbox 509 572 581 603; x_wconf 75' lang='lat' dir='ltr'>quae</span> <span class='ocrx_word' id='word_1_86' title='bbox 602 572 657 603; x_wconf 91' lang='lat' dir='ltr'>per</span> <span class='ocrx_word' id='word_1_87' title='bbox 671 563 813 603; x_wconf 80' lang='lat' dir='ltr'>quinque</span> <span class='ocrx_word' id='word_1_88' title='bbox 829 565 861 595; x_wconf 90' lang='lat' dir='ltr'>et</span> <span class='ocrx_word' id='word_1_89' title='bbox 884 564 998 603; x_wconf 85' lang='lat' dir='ltr'>viginti</span> <span class='ocrx_word' id='word_1_90' title='bbox 1021 572 1123 594; x_wconf 89' lang='lat' dir='ltr'>annos</span> <span class='ocrx_word' id='word_1_91' title='bbox 1141 563 1175 593; x_wconf 91' lang='lat' dir='ltr'>in</span> <span class='ocrx_word' id='word_1_92' title='bbox 1197 562 1311 593; x_wconf 89' lang='lat' dir='ltr'>castris</span> <span class='ocrx_word' id='word_1_93' title='bbox 1327 565 1445 593; x_wconf 80' lang='lat' dir='ltr'>Roma-</span> 
     </span>
     <span class='ocr_line' id='line_1_10' title="bbox 111 609 1447 651; baseline 0 -12"><span class='ocrx_word' id='word_1_94' title='bbox 111 609 161 640; x_wconf 83' lang='lat' dir='ltr'>nis</span> <span class='ocrx_word' id='word_1_95' title='bbox 185 609 395 649; x_wconf 70' lang='lat' dir='ltr'>exhausisset,</span> <span class='ocrx_word' id='word_1_96' title='bbox 415 623 429 637; x_wconf 85' lang='lat'>«</span> <span class='ocrx_word' id='word_1_97' title='bbox 447 610 627 651; x_wconf 78' lang='lat' dir='ltr'>Egregium,</span> <span class='ocrx_word' id='word_1_98' title='bbox 646 623 661 638; x_wconf 87' lang='lat'>»</span> <span class='ocrx_word' id='word_1_99' title='bbox 685 611 803 651; x_wconf 85' lang='lat' dir='ltr'>inquit,</span> <span class='ocrx_word' id='word_1_100' title='bbox 830 624 845 638; x_wconf 93' lang='lat'>«</span> <span class='ocrx_word' id='word_1_101' title='bbox 860 611 1001 651; x_wconf 88' lang='lat' dir='ltr'>pretium</span> <span class='ocrx_word' id='word_1_102' title='bbox 1024 611 1170 641; x_wconf 86' lang='lat' dir='ltr'>laborum</span> <span class='ocrx_word' id='word_1_103' title='bbox 1185 610 1311 649; x_wconf 87' lang='lat' dir='ltr'>recepi,</span> <span class='ocrx_word' id='word_1_104' title='bbox 1335 616 1447 640; x_wconf 83' lang='lat' dir='ltr'>necem</span> 
     </span>
     <span class='ocr_line' id='line_1_11' title="bbox 112 653 1447 697; baseline -0.001 -11"><span class='ocrx_word' id='word_1_105' title='bbox 112 667 128 682; x_wconf 88' lang='lat'>«</span> <span class='ocrx_word' id='word_1_106' title='bbox 147 656 253 687; x_wconf 84' lang='lat' dir='ltr'>fratris</span> <span class='ocrx_word' id='word_1_107' title='bbox 267 657 298 687; x_wconf 81' lang='lat' dir='ltr'>et</span> <span class='ocrx_word' id='word_1_108' title='bbox 315 657 442 688; x_wconf 80' lang='lat' dir='ltr'>vincula</span> <span class='ocrx_word' id='word_1_109' title='bbox 458 666 531 688; x_wconf 87' lang='lat' dir='ltr'>mea</span> <span class='ocrx_word' id='word_1_110' title='bbox 548 657 559 675; x_wconf 80' lang='lat'>³</span> <span class='ocrx_word' id='word_1_111' title='bbox 578 659 609 688; x_wconf 87' lang='lat' dir='ltr'>et</span> <span class='ocrx_word' id='word_1_112' title='bbox 630 657 825 689; x_wconf 82' lang='lat' dir='ltr'>saevissimas</span> <span class='ocrx_word' id='word_1_113' title='bbox 844 657 939 696; x_wconf 88' lang='lat' dir='ltr'>hujus</span> <span class='ocrx_word' id='word_1_114' title='bbox 960 658 1120 688; x_wconf 77' lang='lat' dir='ltr'>exercitus</span> <span class='ocrx_word' id='word_1_115' title='bbox 1135 666 1249 697; x_wconf 87' lang='lat' dir='ltr'>voces,</span> <span class='ocrx_word' id='word_1_116' title='bbox 1274 655 1391 696; x_wconf 83' lang='lat' dir='ltr'>quibus</span> <span class='ocrx_word' id='word_1_117' title='bbox 1408 653 1447 685; x_wconf 87' lang='lat' dir='ltr'>ad</span> 
     </span>
     <span class='ocr_line' id='line_1_12' title="bbox 114 702 1449 744; baseline -0.001 -10"><span class='ocrx_word' id='word_1_118' title='bbox 114 715 129 730; x_wconf 76' lang='grc' dir='ltr'><strong>α</strong></span> <span class='ocrx_word' id='word_1_119' title='bbox 146 704 337 743; x_wconf 84' lang='lat' dir='ltr'>supplicium</span> <span class='ocrx_word' id='word_1_120' title='bbox 355 705 476 743; x_wconf 80' lang='lat' dir='ltr'>petitus</span> <span class='ocrx_word' id='word_1_121' title='bbox 492 705 564 744; x_wconf 88' lang='lat' dir='ltr'>jure</span> <span class='ocrx_word' id='word_1_122' title='bbox 577 705 720 744; x_wconf 84' lang='lat' dir='ltr'>gentium</span> <span class='ocrx_word' id='word_1_123' title='bbox 738 713 848 744; x_wconf 81' lang='lat' dir='ltr'>poenas</span> <span class='ocrx_word' id='word_1_124' title='bbox 871 713 1014 744; x_wconf 82' lang='lat' dir='ltr'>reposce.</span> <span class='ocrx_word' id='word_1_125' title='bbox 1037 713 1096 735; x_wconf 87' lang='lat' dir='ltr'>vos</span> <span class='ocrx_word' id='word_1_126' title='bbox 1117 707 1224 735; x_wconf 87' lang='lat' dir='ltr'>autem</span> <span class='ocrx_word' id='word_1_127' title='bbox 1240 702 1369 734; x_wconf 83' lang='lat' dir='ltr'>Treveri</span> <span class='ocrx_word' id='word_1_128' title='bbox 1396 710 1449 733; x_wconf 87' lang='lat' dir='ltr'>ce-</span> 
     </span>
     <span class='ocr_line' id='line_1_13' title="bbox 113 748 1450 792; baseline -0.002 -10"><span class='ocrx_word' id='word_1_129' title='bbox 113 763 128 778; x_wconf 73' lang='lat'>«</span> <span class='ocrx_word' id='word_1_130' title='bbox 146 752 288 790; x_wconf 84' lang='lat' dir='ltr'>teraeque</span> <span class='ocrx_word' id='word_1_131' title='bbox 308 752 519 783; x_wconf 73' lang='lat' dir='ltr'>servIentium</span> <span class='ocrx_word' id='word_1_132' title='bbox 550 752 668 783; x_wconf 82' lang='lat' dir='ltr'>animae</span> <span class='ocrx_word' id='word_1_133' title='bbox 680 777 688 791; x_wconf 95' lang='lat'>‚</span> <span class='ocrx_word' id='word_1_134' title='bbox 715 752 802 792; x_wconf 88' lang='lat' dir='ltr'>quod</span> <span class='ocrx_word' id='word_1_135' title='bbox 832 752 1004 792; x_wconf 84' lang='lat' dir='ltr'>praemium</span> <span class='ocrx_word' id='word_1_136' title='bbox 1034 751 1131 782; x_wconf 85' lang='lat' dir='ltr'>estusi</span> <span class='ocrx_word' id='word_1_137' title='bbox 1164 751 1261 782; x_wconf 84' lang='lat' dir='ltr'>toties</span> <span class='ocrx_word' id='word_1_138' title='bbox 1286 748 1450 789; x_wconf 85' lang='lat' dir='ltr'>sanguinis</span> 
     </span>
     <span class='ocr_line' id='line_1_14' title="bbox 114 795 1450 839; baseline 0 -13"><span class='ocrx_word' id='word_1_139' title='bbox 114 811 129 826; x_wconf 71' lang='grc' dir='ltr'><em>κ</em></span> <span class='ocrx_word' id='word_1_140' title='bbox 148 798 343 838; x_wconf 82' lang='lat' dir='ltr'>exspectatis</span> <span class='ocrx_word' id='word_1_141' title='bbox 358 798 420 829; x_wconf 87' lang='lat' dir='ltr'>nisi</span> <span class='ocrx_word' id='word_1_142' title='bbox 439 799 596 839; x_wconf 74' lang='lat' dir='ltr'>ingratam</span> <span class='ocrx_word' id='word_1_143' title='bbox 612 799 775 839; x_wconf 86' lang='lat' dir='ltr'>militiam,</span> <span class='ocrx_word' id='word_1_144' title='bbox 792 799 988 830; x_wconf 79' lang='lat' dir='ltr'>immortalia</span> <span class='ocrx_word' id='word_1_145' title='bbox 1004 798 1139 838; x_wconf 86' lang='lat' dir='ltr'>tributa,</span> <span class='ocrx_word' id='word_1_146' title='bbox 1154 799 1270 838; x_wconf 80' lang='lat' dir='ltr'>virgas,</span> <span class='ocrx_word' id='word_1_147' title='bbox 1280 804 1407 828; x_wconf 87' lang='lat' dir='ltr'>secures</span> <span class='ocrx_word' id='word_1_148' title='bbox 1418 795 1450 827; x_wconf 85' lang='lat' dir='ltr'>et</span> 
     </span>
     <span class='ocr_line' id='line_1_15' title="bbox 113 842 1451 886; baseline -0.002 -10"><span class='ocrx_word' id='word_1_149' title='bbox 113 860 128 872; x_wconf 65' lang='lat' dir='ltr'>&lt;r</span> <span class='ocrx_word' id='word_1_150' title='bbox 144 845 351 876; x_wconf 91' lang='lat' dir='ltr'>dominorum</span> <span class='ocrx_word' id='word_1_151' title='bbox 374 845 523 885; x_wconf 75' lang='lat' dir='ltr'>ingenia?</span> <span class='ocrx_word' id='word_1_152' title='bbox 540 855 579 878; x_wconf 90' lang='lat' dir='ltr'>en</span> <span class='ocrx_word' id='word_1_153' title='bbox 606 856 665 886; x_wconf 83' lang='lat' dir='ltr'>ego</span> <span class='ocrx_word' id='word_1_154' title='bbox 684 846 858 886; x_wconf 81' lang='lat' dir='ltr'>praefectus</span> <span class='ocrx_word' id='word_1_155' title='bbox 882 845 976 877; x_wconf 90' lang='lat' dir='ltr'>unius</span> <span class='ocrx_word' id='word_1_156' title='bbox 1000 846 1142 876; x_wconf 86' lang='lat' dir='ltr'>cohortis</span> <span class='ocrx_word' id='word_1_157' title='bbox 1168 847 1200 876; x_wconf 90' lang='lat' dir='ltr'>et</span> <span class='ocrx_word' id='word_1_158' title='bbox 1227 842 1451 876; x_wconf 83' lang='lat' dir='ltr'>Canninefates</span> 
     </span>
     <span class='ocr_line' id='line_1_16' title="bbox 113 889 1453 934; baseline -0.003 -10"><span class='ocrx_word' id='word_1_159' title='bbox 113 906 129 918; x_wconf 68' lang='grc' dir='ltr'>ιι</span> <span class='ocrx_word' id='word_1_160' title='bbox 147 893 341 932; x_wconf 86' lang='lat' dir='ltr'>Batavique,</span> <span class='ocrx_word' id='word_1_161' title='bbox 365 894 481 932; x_wconf 77' lang='lat' dir='ltr'>exigua</span> <span class='ocrx_word' id='word_1_162' title='bbox 495 894 667 924; x_wconf 89' lang='lat' dir='ltr'>Galliarum</span> <span class='ocrx_word' id='word_1_163' title='bbox 686 893 791 934; x_wconf 91' lang='lat' dir='ltr'>portio</span> <span class='ocrx_word' id='word_1_164' title='bbox 804 918 812 934; x_wconf 90' lang='lat'>‚</span> <span class='ocrx_word' id='word_1_165' title='bbox 830 902 915 924; x_wconf 87' lang='lat' dir='ltr'>vana</span> <span class='ocrx_word' id='word_1_166' title='bbox 942 893 993 924; x_wconf 87' lang='lat' dir='ltr'>illa</span> <span class='ocrx_word' id='word_1_167' title='bbox 1016 894 1196 924; x_wconf 87' lang='lat' dir='ltr'>castrorum</span> <span class='ocrx_word' id='word_1_168' title='bbox 1214 892 1317 932; x_wconf 83' lang='lat' dir='ltr'>spatia</span> <span class='ocrx_word' id='word_1_169' title='bbox 1334 889 1453 922; x_wconf 79' lang='lat' dir='ltr'>excidi-</span> 
     </span>
     <span class='ocr_line' id='line_1_17' title="bbox 115 939 1452 981; baseline -0.001 -12"><span class='ocrx_word' id='word_1_170' title='bbox 115 953 130 968; x_wconf 73' lang='lat'>«</span> <span class='ocrx_word' id='word_1_171' title='bbox 148 949 221 971; x_wconf 87' lang='lat' dir='ltr'>mus</span> <span class='ocrx_word' id='word_1_172' title='bbox 234 965 242 980; x_wconf 90' lang='lat'>,</span> <span class='ocrx_word' id='word_1_173' title='bbox 264 941 312 971; x_wconf 86' lang='lat' dir='ltr'>vel</span> <span class='ocrx_word' id='word_1_174' title='bbox 325 943 415 981; x_wconf 87' lang='lat' dir='ltr'>septa</span> <span class='ocrx_word' id='word_1_175' title='bbox 433 941 516 972; x_wconf 85' lang='lat' dir='ltr'>ferro</span> <span class='ocrx_word' id='word_1_176' title='bbox 538 941 684 981; x_wconf 87' lang='lat' dir='ltr'>fameque</span> <span class='ocrx_word' id='word_1_177' title='bbox 700 941 888 981; x_wconf 81' lang='lat' dir='ltr'>premimus.</span> <span class='ocrx_word' id='word_1_178' title='bbox 915 940 1054 980; x_wconf 87' lang='lat' dir='ltr'>denique</span> <span class='ocrx_word' id='word_1_179' title='bbox 1076 948 1170 971; x_wconf 89' lang='lat' dir='ltr'>ausos</span> <span class='ocrx_word' id='word_1_180' title='bbox 1186 942 1242 970; x_wconf 90' lang='lat' dir='ltr'>aut</span> <span class='ocrx_word' id='word_1_181' title='bbox 1258 939 1391 970; x_wconf 83' lang='lat' dir='ltr'>libertas</span> <span class='ocrx_word' id='word_1_182' title='bbox 1406 944 1452 968; x_wconf 86' lang='lat' dir='ltr'>se-</span> 
     </span>
     <span class='ocr_line' id='line_1_18' title="bbox 114 983 1453 1027; baseline -0.002 -9"><span class='ocrx_word' id='word_1_183' title='bbox 114 1000 130 1012; x_wconf 81' lang='lat'>«</span> <span class='ocrx_word' id='word_1_184' title='bbox 148 988 277 1027; x_wconf 89' lang='lat' dir='ltr'>quetur,</span> <span class='ocrx_word' id='word_1_185' title='bbox 294 990 350 1018; x_wconf 89' lang='lat' dir='ltr'>aut</span> <span class='ocrx_word' id='word_1_186' title='bbox 368 988 443 1018; x_wconf 84' lang='lat' dir='ltr'>victi</span> <span class='ocrx_word' id='word_1_187' title='bbox 465 988 562 1019; x_wconf 87' lang='lat' dir='ltr'>iidem</span> <span class='ocrx_word' id='word_1_188' title='bbox 583 988 742 1019; x_wconf 56' lang='lat' dir='ltr'>erimus„</span> <span class='ocrx_word' id='word_1_189' title='bbox 767 989 814 1019; x_wconf 87' lang='lat' dir='ltr'>sic</span> <span class='ocrx_word' id='word_1_190' title='bbox 841 996 1031 1027; x_wconf 87' lang='lat' dir='ltr'>accensum,</span> <span class='ocrx_word' id='word_1_191' title='bbox 1050 987 1105 1018; x_wconf 85' lang='lat' dir='ltr'>sed</span> <span class='ocrx_word' id='word_1_192' title='bbox 1132 987 1295 1018; x_wconf 77' lang='lat' dir='ltr'>molliora</span> <span class='ocrx_word' id='word_1_193' title='bbox 1317 983 1453 1024; x_wconf 80' lang='lat' dir='ltr'>referre</span> 
     </span>
    </p>
   </div>
   <div class='ocr_carea' id='block_1_3' title="bbox 110 1033 1454 1116">
    <p class='ocr_par' dir='ltr' id='par_1_3' title="bbox 110 1033 1454 1116">
     <span class='ocr_line' id='line_1_19' title="bbox 110 1033 1454 1075; baseline -0.003 -10"><span class='ocrx_word' id='word_1_194' title='bbox 110 1033 238 1073; x_wconf 86' lang='lat' dir='ltr'>jussum</span> <span class='ocrx_word' id='word_1_195' title='bbox 252 1034 394 1066; x_wconf 85' lang='lat' dir='ltr'>dimittit.</span> <span class='ocrx_word' id='word_1_196' title='bbox 420 1035 473 1066; x_wconf 93' lang='lat' dir='ltr'>ille</span> <span class='ocrx_word' id='word_1_197' title='bbox 490 1037 526 1066; x_wconf 87' lang='lat' dir='ltr'>ut</span> <span class='ocrx_word' id='word_1_198' title='bbox 545 1035 655 1066; x_wconf 88' lang='lat' dir='ltr'>irritus</span> <span class='ocrx_word' id='word_1_199' title='bbox 684 1034 851 1075; x_wconf 82' lang='lat' dir='ltr'>legationis</span> <span class='ocrx_word' id='word_1_200' title='bbox 879 1034 972 1074; x_wconf 84' lang='lat' dir='ltr'>redit,</span> <span class='ocrx_word' id='word_1_201' title='bbox 991 1036 1098 1066; x_wconf 86' lang='lat' dir='ltr'>cetera</span> <span class='ocrx_word' id='word_1_202' title='bbox 1123 1033 1328 1065; x_wconf 83' lang='lat' dir='ltr'>dissimulans</span> <span class='ocrx_word' id='word_1_203' title='bbox 1342 1056 1350 1072; x_wconf 93' lang='lat'>‚</span> <span class='ocrx_word' id='word_1_204' title='bbox 1380 1038 1454 1071; x_wconf 86' lang='lat' dir='ltr'>quae</span> 
     </span>
     <span class='ocr_line' id='line_1_20' title="bbox 114 1084 358 1116; baseline 0 -10"><span class='ocrx_word' id='word_1_205' title='bbox 114 1084 191 1107; x_wconf 86' lang='lat' dir='ltr'>mox</span> <span class='ocrx_word' id='word_1_206' title='bbox 211 1084 358 1116; x_wconf 82' lang='lat' dir='ltr'>erupere.</span> 
     </span>
    </p>
   </div>
   <div class='ocr_carea' id='block_1_4' title="bbox 114 1118 1462 2203">
    <p class='ocr_par' dir='ltr' id='par_1_4' title="bbox 114 1118 1462 2014">
     <span class='ocr_line' id='line_1_21' title="bbox 155 1118 1456 1163; baseline -0.003 -9"><span class='ocrx_word' id='word_1_207' title='bbox 155 1127 290 1154; x_wconf 80' lang='lat' dir='ltr'>XXXIII.</span> <span class='ocrx_word' id='word_1_208' title='bbox 306 1123 415 1154; x_wconf 80' lang='lat' dir='ltr'>Civilis</span> <span class='ocrx_word' id='word_1_209' title='bbox 435 1125 525 1163; x_wconf 88' lang='lat' dir='ltr'>parte</span> <span class='ocrx_word' id='word_1_210' title='bbox 543 1124 713 1163; x_wconf 88' lang='lat' dir='ltr'>copiarum</span> <span class='ocrx_word' id='word_1_211' title='bbox 730 1124 856 1154; x_wconf 87' lang='lat' dir='ltr'>retenta</span> <span class='ocrx_word' id='word_1_212' title='bbox 881 1124 1050 1153; x_wconf 86' lang='lat' dir='ltr'>veteranas</span> <span class='ocrx_word' id='word_1_213' title='bbox 1075 1122 1238 1161; x_wconf 85' lang='lat' dir='ltr'>cohortes,</span> <span class='ocrx_word' id='word_1_214' title='bbox 1267 1121 1301 1153; x_wconf 84' lang='lat' dir='ltr'>et</span> <span class='ocrx_word' id='word_1_215' title='bbox 1322 1118 1409 1160; x_wconf 89' lang='lat' dir='ltr'>quod</span> <span class='ocrx_word' id='word_1_216' title='bbox 1438 1126 1456 1150; x_wconf 87' lang='lat' dir='ltr'>e</span> 
     </span>
     <span class='ocr_line' id='line_1_22' title="bbox 115 1164 1455 1210; baseline -0.004 -8"><span class='ocrx_word' id='word_1_217' title='bbox 115 1171 281 1202; x_wconf 84' lang='lat' dir='ltr'>Germanis</span> <span class='ocrx_word' id='word_1_218' title='bbox 295 1171 434 1201; x_wconf 77' lang='lat' dir='ltr'>maxime</span> <span class='ocrx_word' id='word_1_219' title='bbox 449 1172 650 1210; x_wconf 88' lang='lat' dir='ltr'>promptum,</span> <span class='ocrx_word' id='word_1_220' title='bbox 662 1170 819 1201; x_wconf 90' lang='lat' dir='ltr'>adversus</span> <span class='ocrx_word' id='word_1_221' title='bbox 831 1170 988 1201; x_wconf 82' lang='lat' dir='ltr'>Voculam</span> <span class='ocrx_word' id='word_1_222' title='bbox 1003 1169 1249 1209; x_wconf 86' lang='lat' dir='ltr'>exercitumque</span> <span class='ocrx_word' id='word_1_223' title='bbox 1261 1168 1330 1208; x_wconf 84' lang='lat' dir='ltr'>ejus</span> <span class='ocrx_word' id='word_1_224' title='bbox 1341 1164 1455 1204; x_wconf 86' lang='lat' dir='ltr'>mittit,</span> 
     </span>
     <span class='ocr_line' id='line_1_23' title="bbox 114 1212 1456 1256; baseline -0.004 -8"><span class='ocrx_word' id='word_1_225' title='bbox 114 1217 200 1248; x_wconf 86' lang='lat' dir='ltr'>Julio</span> <span class='ocrx_word' id='word_1_226' title='bbox 214 1217 355 1248; x_wconf 76' lang='lat' dir='ltr'>Maximo</span> <span class='ocrx_word' id='word_1_227' title='bbox 371 1219 403 1248; x_wconf 87' lang='lat' dir='ltr'>et</span> <span class='ocrx_word' id='word_1_228' title='bbox 420 1217 552 1248; x_wconf 82' lang='lat' dir='ltr'>Claudio</span> <span class='ocrx_word' id='word_1_229' title='bbox 567 1217 708 1256; x_wconf 87' lang='lat' dir='ltr'>Victore,</span> <span class='ocrx_word' id='word_1_230' title='bbox 725 1217 846 1248; x_wconf 88' lang='lat' dir='ltr'>sororis</span> <span class='ocrx_word' id='word_1_231' title='bbox 867 1225 936 1248; x_wconf 80' lang='lat' dir='ltr'>suae</span> <span class='ocrx_word' id='word_1_232' title='bbox 954 1216 1037 1256; x_wconf 86' lang='lat' dir='ltr'>filio,</span> <span class='ocrx_word' id='word_1_233' title='bbox 1062 1216 1212 1247; x_wconf 89' lang='lat' dir='ltr'>ducibus.</span> <span class='ocrx_word' id='word_1_234' title='bbox 1240 1215 1370 1256; x_wconf 89' lang='lat' dir='ltr'>rapiunt</span> <span class='ocrx_word' id='word_1_235' title='bbox 1387 1214 1394 1231; x_wconf 91' lang='lat'>¹</span> <span class='ocrx_word' id='word_1_236' title='bbox 1421 1212 1456 1244; x_wconf 88' lang='lat' dir='ltr'>in</span> 
     </span>
     <span class='ocr_line' id='line_1_24' title="bbox 115 1261 1455 1304; baseline -0.004 -8"><span class='ocrx_word' id='word_1_237' title='bbox 115 1266 252 1297; x_wconf 82' lang='lat' dir='ltr'>transitu</span> <span class='ocrx_word' id='word_1_238' title='bbox 278 1265 410 1296; x_wconf 74' lang='lat' dir='ltr'>hiberna</span> <span class='ocrx_word' id='word_1_239' title='bbox 428 1265 487 1295; x_wconf 86' lang='lat' dir='ltr'>alae</span> <span class='ocrx_word' id='word_1_240' title='bbox 505 1264 682 1304; x_wconf 79' lang='lat' dir='ltr'>Asciburgii</span> <span class='ocrx_word' id='word_1_241' title='bbox 696 1264 776 1302; x_wconf 81' lang='lat' dir='ltr'>sita3</span> <span class='ocrx_word' id='word_1_242' title='bbox 795 1264 941 1303; x_wconf 84' lang='lat' dir='ltr'>adeoque</span> <span class='ocrx_word' id='word_1_243' title='bbox 954 1263 1122 1303; x_wconf 79' lang='lat' dir='ltr'>improvisi</span> <span class='ocrx_word' id='word_1_244' title='bbox 1136 1265 1240 1294; x_wconf 85' lang='lat' dir='ltr'>eastra</span> <span class='ocrx_word' id='word_1_245' title='bbox 1254 1261 1455 1298; x_wconf 75' lang='lat' dir='ltr'>involavere,</span> 
     </span>
     <span class='ocr_line' id='line_1_25' title="bbox 117 1307 1455 1352; baseline -0.006 -7"><span class='ocrx_word' id='word_1_246' title='bbox 117 1314 227 1345; x_wconf 89' lang='lat' dir='ltr'>utnon</span> <span class='ocrx_word' id='word_1_247' title='bbox 245 1312 374 1352; x_wconf 85' lang='lat' dir='ltr'>alloqui,</span> <span class='ocrx_word' id='word_1_248' title='bbox 388 1321 450 1343; x_wconf 92' lang='lat' dir='ltr'>non</span> <span class='ocrx_word' id='word_1_249' title='bbox 465 1311 605 1351; x_wconf 85' lang='lat' dir='ltr'>pandere</span> <span class='ocrx_word' id='word_1_250' title='bbox 618 1311 719 1343; x_wconf 88' lang='lat' dir='ltr'>aciem</span> <span class='ocrx_word' id='word_1_251' title='bbox 731 1311 852 1342; x_wconf 82' lang='lat' dir='ltr'>Vocula</span> <span class='ocrx_word' id='word_1_252' title='bbox 861 1311 1012 1351; x_wconf 84' lang='lat' dir='ltr'>potuerit.</span> <span class='ocrx_word' id='word_1_253' title='bbox 1026 1310 1058 1341; x_wconf 84' lang='lat' dir='ltr'>id</span> <span class='ocrx_word' id='word_1_254' title='bbox 1073 1310 1191 1349; x_wconf 86' lang='lat' dir='ltr'>solum,</span> <span class='ocrx_word' id='word_1_255' title='bbox 1205 1313 1239 1341; x_wconf 90' lang='lat' dir='ltr'>ut</span> <span class='ocrx_word' id='word_1_256' title='bbox 1256 1310 1289 1340; x_wconf 90' lang='lat' dir='ltr'>in</span> <span class='ocrx_word' id='word_1_257' title='bbox 1300 1307 1455 1344; x_wconf 83' lang='lat' dir='ltr'>tumultu,</span> 
     </span>
     <span class='ocr_line' id='line_1_26' title="bbox 116 1354 1457 1399; baseline -0.005 -7"><span class='ocrx_word' id='word_1_258' title='bbox 116 1359 262 1398; x_wconf 81' lang='lat' dir='ltr'>monuit,</span> <span class='ocrx_word' id='word_1_259' title='bbox 278 1360 484 1399; x_wconf 68' lang='lat' dir='ltr'>subsiqnmio</span> <span class='ocrx_word' id='word_1_260' title='bbox 503 1358 514 1376; x_wconf 86' lang='lat'><em>²</em></span> <span class='ocrx_word' id='word_1_261' title='bbox 540 1359 651 1390; x_wconf 70' lang='lat' dir='ltr'>milite</span> <span class='ocrx_word' id='word_1_262' title='bbox 674 1358 787 1390; x_wconf 44' lang='lat' dir='ltr'>&#39;media</span> <span class='ocrx_word' id='word_1_263' title='bbox 799 1358 962 1398; x_wconf 74' lang='lat' dir='ltr'>firmare.</span> <span class='ocrx_word' id='word_1_264' title='bbox 982 1357 1103 1388; x_wconf 83' lang='lat' dir='ltr'>auxilia</span> <span class='ocrx_word' id='word_1_265' title='bbox 1128 1358 1245 1397; x_wconf 88' lang='lat' dir='ltr'>passim</span> <span class='ocrx_word' id='word_1_266' title='bbox 1263 1354 1457 1387; x_wconf 82' lang='lat' dir='ltr'>circumfusa</span> 
     </span>
     <span class='ocr_line' id='line_1_27' title="bbox 118 1400 1457 1447; baseline -0.006 -8"><span class='ocrx_word' id='word_1_267' title='bbox 118 1410 204 1440; x_wconf 88' lang='lat' dir='ltr'>sunt.</span> <span class='ocrx_word' id='word_1_268' title='bbox 219 1416 317 1447; x_wconf 81' lang='lat' dir='ltr'>eques</span> <span class='ocrx_word' id='word_1_269' title='bbox 336 1407 494 1446; x_wconf 81' lang='lat' dir='ltr'>prorupit,</span> <span class='ocrx_word' id='word_1_270' title='bbox 513 1408 733 1446; x_wconf 82' lang='lat' dir='ltr'>exceptusque</span> <span class='ocrx_word' id='word_1_271' title='bbox 751 1405 940 1445; x_wconf 88' lang='lat' dir='ltr'>compositis</span> <span class='ocrx_word' id='word_1_272' title='bbox 960 1405 1104 1435; x_wconf 86' lang='lat' dir='ltr'>hostium</span> <span class='ocrx_word' id='word_1_273' title='bbox 1123 1404 1293 1435; x_wconf 82' lang='lat' dir='ltr'>ordinibus</span> <span class='ocrx_word' id='word_1_274' title='bbox 1319 1404 1408 1442; x_wconf 84' lang='lat' dir='ltr'>terga</span> <span class='ocrx_word' id='word_1_275' title='bbox 1423 1400 1457 1431; x_wconf 89' lang='lat' dir='ltr'>iu</span> 
     </span>
     <span class='ocr_line' id='line_1_28' title="bbox 118 1451 1457 1494; baseline -0.004 -9"><span class='ocrx_word' id='word_1_276' title='bbox 118 1464 196 1486; x_wconf 86' lang='lat' dir='ltr'>suos</span> <span class='ocrx_word' id='word_1_277' title='bbox 214 1456 311 1486; x_wconf 87' lang='lat' dir='ltr'>vertit</span> <span class='ocrx_word' id='word_1_278' title='bbox 326 1453 349 1484; x_wconf 70' lang='lat'>3.</span> <span class='ocrx_word' id='word_1_279' title='bbox 370 1454 474 1485; x_wconf 81' lang='lat' dir='ltr'>caedes</span> <span class='ocrx_word' id='word_1_280' title='bbox 491 1453 578 1492; x_wconf 89' lang='lat' dir='ltr'>inde,</span> <span class='ocrx_word' id='word_1_281' title='bbox 595 1463 658 1484; x_wconf 90' lang='lat' dir='ltr'>non</span> <span class='ocrx_word' id='word_1_282' title='bbox 675 1453 838 1494; x_wconf 71' lang='lat' dir='ltr'>proelium.</span> <span class='ocrx_word' id='word_1_283' title='bbox 861 1455 894 1484; x_wconf 91' lang='lat' dir='ltr'>et</span> <span class='ocrx_word' id='word_1_284' title='bbox 908 1452 1100 1483; x_wconf 87' lang='lat' dir='ltr'>Nerviorum</span> <span class='ocrx_word' id='word_1_285' title='bbox 1115 1451 1277 1490; x_wconf 82' lang='lat' dir='ltr'>cohortes,</span> <span class='ocrx_word' id='word_1_286' title='bbox 1298 1451 1386 1481; x_wconf 90' lang='lat' dir='ltr'>metu</span> <span class='ocrx_word' id='word_1_287' title='bbox 1402 1455 1457 1479; x_wconf 84' lang='lat' dir='ltr'>seu</span> 
     </span>
     <span class='ocr_line' id='line_1_29' title="bbox 117 1499 1457 1544; baseline -0.007 -11"><span class='ocrx_word' id='word_1_288' title='bbox 117 1501 268 1544; x_wconf 85' lang='lat' dir='ltr'>pertidia,</span> <span class='ocrx_word' id='word_1_289' title='bbox 304 1501 405 1532; x_wconf 82' lang='lat' dir='ltr'>latera</span> <span class='ocrx_word' id='word_1_290' title='bbox 431 1503 614 1532; x_wconf 88' lang='lat' dir='ltr'>nostrorum</span> <span class='ocrx_word' id='word_1_291' title='bbox 640 1500 815 1532; x_wconf 88' lang='lat' dir='ltr'>nudavere.</span> <span class='ocrx_word' id='word_1_292' title='bbox 843 1500 888 1530; x_wconf 87' lang='lat' dir='ltr'>sic</span> <span class='ocrx_word' id='word_1_293' title='bbox 911 1499 951 1530; x_wconf 89' lang='lat' dir='ltr'>ad</span> <span class='ocrx_word' id='word_1_294' title='bbox 977 1499 1116 1538; x_wconf 82' lang='lat' dir='ltr'>legiones</span> <span class='ocrx_word' id='word_1_295' title='bbox 1140 1501 1354 1538; x_wconf 79' lang='lat' dir='ltr'>perventum3</span> <span class='ocrx_word' id='word_1_296' title='bbox 1384 1502 1457 1535; x_wconf 83' lang='lat' dir='ltr'>quae</span> 
     </span>
     <span class='ocr_line' id='line_1_30' title="bbox 120 1542 1458 1587; baseline -0.006 -7"><span class='ocrx_word' id='word_1_297' title='bbox 120 1549 245 1582; x_wconf 82' lang='lat' dir='ltr'>amissis</span> <span class='ocrx_word' id='word_1_298' title='bbox 261 1549 361 1587; x_wconf 76' lang='lat' dir='ltr'>signis</span> <span class='ocrx_word' id='word_1_299' title='bbox 387 1548 471 1579; x_wconf 86' lang='lat' dir='ltr'>intra</span> <span class='ocrx_word' id='word_1_300' title='bbox 488 1548 609 1579; x_wconf 86' lang='lat' dir='ltr'>vallum</span> <span class='ocrx_word' id='word_1_301' title='bbox 631 1547 868 1586; x_wconf 81' lang='lat' dir='ltr'>sternebantur,</span> <span class='ocrx_word' id='word_1_302' title='bbox 887 1555 987 1586; x_wconf 86' lang='lat' dir='ltr'>quum</span> <span class='ocrx_word' id='word_1_303' title='bbox 1004 1548 1134 1586; x_wconf 88' lang='lat' dir='ltr'>repente</span> <span class='ocrx_word' id='word_1_304' title='bbox 1151 1554 1236 1576; x_wconf 83' lang='lat' dir='ltr'>novo</span> <span class='ocrx_word' id='word_1_305' title='bbox 1256 1544 1376 1575; x_wconf 75' lang='lat' dir='ltr'>auxilio</span> <span class='ocrx_word' id='word_1_306' title='bbox 1393 1542 1458 1573; x_wconf 84' lang='lat' dir='ltr'>sor-</span> 
     </span>
     <span class='ocr_line' id='line_1_31' title="bbox 117 1589 1454 1636; baseline -0.007 -7"><span class='ocrx_word' id='word_1_307' title='bbox 117 1599 198 1630; x_wconf 72' lang='lat' dir='ltr'>tuna</span> <span class='ocrx_word' id='word_1_308' title='bbox 216 1605 332 1636; x_wconf 66' lang='lat' dir='ltr'>pugnae</span> <span class='ocrx_word' id='word_1_309' title='bbox 359 1598 515 1627; x_wconf 89' lang='lat' dir='ltr'>mutatur.</span> <span class='ocrx_word' id='word_1_310' title='bbox 540 1598 721 1626; x_wconf 86' lang='lat' dir='ltr'>Vasconum</span> <span class='ocrx_word' id='word_1_311' title='bbox 746 1594 837 1625; x_wconf 84' lang='lat' dir='ltr'>lectae</span> <span class='ocrx_word' id='word_1_312' title='bbox 853 1602 870 1624; x_wconf 89' lang='lat' dir='ltr'>e</span> <span class='ocrx_word' id='word_1_313' title='bbox 887 1593 985 1624; x_wconf 81' lang='lat' dir='ltr'>Galba</span> <span class='ocrx_word' id='word_1_314' title='bbox 1007 1592 1156 1623; x_wconf 84' lang='lat' dir='ltr'>cohortes</span> <span class='ocrx_word' id='word_1_315' title='bbox 1176 1601 1212 1622; x_wconf 88' lang='lat' dir='ltr'>ac</span> <span class='ocrx_word' id='word_1_316' title='bbox 1229 1594 1297 1622; x_wconf 89' lang='lat' dir='ltr'>tum</span> <span class='ocrx_word' id='word_1_317' title='bbox 1323 1589 1454 1629; x_wconf 82' lang='lat' dir='ltr'>accitae,</span> 
     </span>
     <span class='ocr_line' id='line_1_32' title="bbox 120 1637 1458 1683; baseline -0.007 -7"><span class='ocrx_word' id='word_1_318' title='bbox 120 1644 197 1676; x_wconf 78' lang='lat' dir='ltr'>dum</span> <span class='ocrx_word' id='word_1_319' title='bbox 214 1644 328 1674; x_wconf 83' lang='lat' dir='ltr'>castris</span> <span class='ocrx_word' id='word_1_320' title='bbox 350 1643 591 1683; x_wconf 80' lang='lat' dir='ltr'>propinquant,</span> <span class='ocrx_word' id='word_1_321' title='bbox 617 1641 728 1672; x_wconf 81' lang='lat' dir='ltr'>audito</span> <span class='ocrx_word' id='word_1_322' title='bbox 745 1640 963 1680; x_wconf 67' lang='lat' dir='ltr'>proeliantium</span> <span class='ocrx_word' id='word_1_323' title='bbox 988 1639 1128 1669; x_wconf 84' lang='lat' dir='ltr'>clamore</span> <span class='ocrx_word' id='word_1_324' title='bbox 1152 1639 1292 1669; x_wconf 86' lang='lat' dir='ltr'>intentos</span> <span class='ocrx_word' id='word_1_325' title='bbox 1318 1637 1425 1668; x_wconf 88' lang='lat' dir='ltr'>hostes</span> <span class='ocrx_word' id='word_1_326' title='bbox 1439 1643 1458 1666; x_wconf 83' lang='lat' dir='ltr'>a</span> 
     </span>
     <span class='ocr_line' id='line_1_33' title="bbox 118 1683 1459 1730; baseline -0.006 -8"><span class='ocrx_word' id='word_1_327' title='bbox 118 1693 208 1730; x_wconf 80' lang='lat' dir='ltr'>tergo</span> <span class='ocrx_word' id='word_1_328' title='bbox 226 1690 404 1728; x_wconf 86' lang='lat' dir='ltr'>invadunt,</span> <span class='ocrx_word' id='word_1_329' title='bbox 422 1689 632 1728; x_wconf 79' lang='lat' dir='ltr'>latioremque</span> <span class='ocrx_word' id='word_1_330' title='bbox 648 1697 746 1728; x_wconf 88' lang='lat' dir='ltr'>quam</span> <span class='ocrx_word' id='word_1_331' title='bbox 761 1697 819 1727; x_wconf 89' lang='lat' dir='ltr'>pro</span> <span class='ocrx_word' id='word_1_332' title='bbox 840 1695 975 1718; x_wconf 88' lang='lat' dir='ltr'>numero</span> <span class='ocrx_word' id='word_1_333' title='bbox 998 1687 1155 1717; x_wconf 83' lang='lat' dir='ltr'>terrorem</span> <span class='ocrx_word' id='word_1_334' title='bbox 1183 1684 1327 1724; x_wconf 81' lang='lat' dir='ltr'>faciunt,</span> <span class='ocrx_word' id='word_1_335' title='bbox 1353 1683 1423 1715; x_wconf 86' lang='lat' dir='ltr'>aliis</span> <span class='ocrx_word' id='word_1_336' title='bbox 1440 1691 1459 1714; x_wconf 82' lang='lat' dir='ltr'>a</span> 
     </span>
     <span class='ocr_line' id='line_1_34' title="bbox 118 1730 1458 1777; baseline -0.007 -8"><span class='ocrx_word' id='word_1_337' title='bbox 118 1738 276 1777; x_wconf 82' lang='lat' dir='ltr'>Novesio,</span> <span class='ocrx_word' id='word_1_338' title='bbox 297 1737 367 1768; x_wconf 89' lang='lat' dir='ltr'>aliis</span> <span class='ocrx_word' id='word_1_339' title='bbox 396 1746 414 1767; x_wconf 86' lang='lat' dir='ltr'>a</span> <span class='ocrx_word' id='word_1_340' title='bbox 441 1736 646 1776; x_wconf 80' lang='lat' dir='ltr'>Magontiaco</span> <span class='ocrx_word' id='word_1_341' title='bbox 669 1735 836 1766; x_wconf 87' lang='lat' dir='ltr'>universas</span> <span class='ocrx_word' id='word_1_342' title='bbox 863 1735 973 1774; x_wconf 88' lang='lat' dir='ltr'>copias</span> <span class='ocrx_word' id='word_1_343' title='bbox 1003 1733 1168 1763; x_wconf 73' lang='lat' dir='ltr'>advenisse</span> <span class='ocrx_word' id='word_1_344' title='bbox 1193 1730 1409 1762; x_wconf 83' lang='lat' dir='ltr'>credentibus.</span> <span class='ocrx_word' id='word_1_345' title='bbox 1430 1731 1458 1761; x_wconf 93' lang='lat' dir='ltr'>is</span> 
     </span>
     <span class='ocr_line' id='line_1_35' title="bbox 117 1778 1457 1822; baseline -0.006 -6"><span class='ocrx_word' id='word_1_346' title='bbox 117 1794 209 1817; x_wconf 86' lang='lat' dir='ltr'>error</span> <span class='ocrx_word' id='word_1_347' title='bbox 226 1785 382 1816; x_wconf 83' lang='lat' dir='ltr'>Romanis</span> <span class='ocrx_word' id='word_1_348' title='bbox 397 1784 486 1815; x_wconf 85' lang='lat' dir='ltr'>addit</span> <span class='ocrx_word' id='word_1_349' title='bbox 504 1784 630 1815; x_wconf 84' lang='lat' dir='ltr'>animos</span> <span class='ocrx_word' id='word_1_350' title='bbox 642 1807 650 1822; x_wconf 89' lang='lat'>,</span> <span class='ocrx_word' id='word_1_351' title='bbox 673 1784 705 1814; x_wconf 91' lang='lat' dir='ltr'>et</span> <span class='ocrx_word' id='word_1_352' title='bbox 720 1782 797 1813; x_wconf 90' lang='lat' dir='ltr'>dum</span> <span class='ocrx_word' id='word_1_353' title='bbox 814 1782 927 1813; x_wconf 86' lang='lat' dir='ltr'>alienis</span> <span class='ocrx_word' id='word_1_354' title='bbox 938 1779 1065 1812; x_wconf 78' lang='lat' dir='ltr'>viribus</span> <span class='ocrx_word' id='word_1_355' title='bbox 1080 1778 1259 1818; x_wconf 78' lang='lat' dir='ltr'>confidunt,</span> <span class='ocrx_word' id='word_1_356' title='bbox 1282 1787 1357 1809; x_wconf 85' lang='lat' dir='ltr'>suas</span> <span class='ocrx_word' id='word_1_357' title='bbox 1374 1785 1457 1809; x_wconf 72' lang='lat' dir='ltr'>rece«</span> 
     </span>
     <span class='ocr_line' id='line_1_36' title="bbox 118 1824 1456 1873; baseline -0.006 -10"><span class='ocrx_word' id='word_1_358' title='bbox 118 1841 204 1873; x_wconf 86' lang='lat' dir='ltr'>pere.</span> <span class='ocrx_word' id='word_1_359' title='bbox 222 1832 415 1863; x_wconf 78' lang='lat' dir='ltr'>fortissimus</span> <span class='ocrx_word' id='word_1_360' title='bbox 438 1832 576 1872; x_wconf 83' lang='lat' dir='ltr'>quisque</span> <span class='ocrx_word' id='word_1_361' title='bbox 602 1840 619 1862; x_wconf 91' lang='lat' dir='ltr'>e</span> <span class='ocrx_word' id='word_1_362' title='bbox 636 1830 776 1868; x_wconf 77' lang='lat' dir='ltr'>Batavis,</span> <span class='ocrx_word' id='word_1_363' title='bbox 795 1831 956 1870; x_wconf 88' lang='lat' dir='ltr'>qnantum</span> <span class='ocrx_word' id='word_1_364' title='bbox 979 1826 1124 1867; x_wconf 87' lang='lat' dir='ltr'>peditum</span> <span class='ocrx_word' id='word_1_365' title='bbox 1150 1827 1228 1865; x_wconf 86' lang='lat' dir='ltr'>erat,</span> <span class='ocrx_word' id='word_1_366' title='bbox 1251 1824 1456 1856; x_wconf 78' lang='lat' dir='ltr'>funduntur:</span> 
     </span>
     <span class='ocr_line' id='line_1_37' title="bbox 119 1873 1457 1919; baseline -0.006 -8"><span class='ocrx_word' id='word_1_367' title='bbox 119 1888 216 1919; x_wconf 84' lang='lat' dir='ltr'>eques</span> <span class='ocrx_word' id='word_1_368' title='bbox 233 1880 335 1911; x_wconf 88' lang='lat' dir='ltr'>evasit</span> <span class='ocrx_word' id='word_1_369' title='bbox 353 1888 427 1910; x_wconf 84' lang='lat' dir='ltr'>cum</span> <span class='ocrx_word' id='word_1_370' title='bbox 450 1879 547 1919; x_wconf 80' lang='lat' dir='ltr'>signis</span> <span class='ocrx_word' id='word_1_371' title='bbox 561 1877 779 1918; x_wconf 85' lang='lat' dir='ltr'>captivisque,</span> <span class='ocrx_word' id='word_1_372' title='bbox 797 1886 880 1917; x_wconf 90' lang='lat' dir='ltr'>quos</span> <span class='ocrx_word' id='word_1_373' title='bbox 895 1875 997 1916; x_wconf 86' lang='lat' dir='ltr'>prima</span> <span class='ocrx_word' id='word_1_374' title='bbox 1019 1874 1086 1905; x_wconf 90' lang='lat' dir='ltr'>acie</span> <span class='ocrx_word' id='word_1_375' title='bbox 1102 1873 1334 1913; x_wconf 88' lang='lat' dir='ltr'>corripuerant.</span> <span class='ocrx_word' id='word_1_376' title='bbox 1360 1880 1457 1903; x_wconf 81' lang='lat' dir='ltr'>caeso·</span> 
     </span>
     <span class='ocr_line' id='line_1_38' title="bbox 120 1918 1457 1967; baseline -0.005 -11"><span class='ocrx_word' id='word_1_377' title='bbox 120 1934 191 1957; x_wconf 82' lang='lat' dir='ltr'>rum</span> <span class='ocrx_word' id='word_1_378' title='bbox 213 1935 251 1958; x_wconf 93' lang='lat' dir='ltr'>eo</span> <span class='ocrx_word' id='word_1_379' title='bbox 265 1927 317 1958; x_wconf 90' lang='lat' dir='ltr'>die</span> <span class='ocrx_word' id='word_1_380' title='bbox 332 1926 363 1957; x_wconf 89' lang='lat' dir='ltr'>in</span> <span class='ocrx_word' id='word_1_381' title='bbox 381 1926 526 1967; x_wconf 86' lang='lat' dir='ltr'>partibus</span> <span class='ocrx_word' id='word_1_382' title='bbox 540 1925 659 1957; x_wconf 87' lang='lat' dir='ltr'>nostris</span> <span class='ocrx_word' id='word_1_383' title='bbox 684 1924 786 1965; x_wconf 87' lang='lat' dir='ltr'>major</span> <span class='ocrx_word' id='word_1_384' title='bbox 807 1932 961 1955; x_wconf 88' lang='lat' dir='ltr'>numerus</span> <span class='ocrx_word' id='word_1_385' title='bbox 983 1924 1014 1953; x_wconf 84' lang='lat' dir='ltr'>et</span> <span class='ocrx_word' id='word_1_386' title='bbox 1037 1920 1220 1959; x_wconf 86' lang='lat' dir='ltr'>imbellior3</span> <span class='ocrx_word' id='word_1_387' title='bbox 1245 1927 1262 1950; x_wconf 90' lang='lat' dir='ltr'>e</span> <span class='ocrx_word' id='word_1_388' title='bbox 1290 1918 1457 1951; x_wconf 84' lang='lat' dir='ltr'>Germanis</span> 
     </span>
     <span class='ocr_line' id='line_1_39' title="bbox 123 1967 1462 2014; baseline -0.004 -10"><span class='ocrx_word' id='word_1_389' title='bbox 123 1974 193 2014; x_wconf 87' lang='lat' dir='ltr'>ipsa</span> <span class='ocrx_word' id='word_1_390' title='bbox 207 1974 336 2005; x_wconf 87' lang='lat' dir='ltr'>robora.</span> <span class='ocrx_word' id='word_1_391' title='bbox 1459 1967 1462 1981; x_wconf 80' lang='lat'>⁵</span> 
     </span>
    </p>

    <p class='ocr_par' dir='ltr' id='par_1_5' title="bbox 118 2012 1456 2203">
     <span class='ocr_line' id='line_1_40' title="bbox 160 2012 1453 2061; baseline -0.008 -8"><span class='ocrx_word' id='word_1_392' title='bbox 160 2025 295 2053; x_wconf 83' lang='lat' dir='ltr'>XXXIV.</span> <span class='ocrx_word' id='word_1_393' title='bbox 326 2026 399 2052; x_wconf 81' lang='lat' dir='ltr'>Dux</span> <span class='ocrx_word' id='word_1_394' title='bbox 425 2023 559 2061; x_wconf 88' lang='lat' dir='ltr'>uterque</span> <span class='ocrx_word' id='word_1_395' title='bbox 585 2020 654 2060; x_wconf 88' lang='lat' dir='ltr'>pari</span> <span class='ocrx_word' id='word_1_396' title='bbox 676 2020 771 2059; x_wconf 90' lang='lat' dir='ltr'>culpa</span> <span class='ocrx_word' id='word_1_397' title='bbox 793 2018 929 2050; x_wconf 84' lang='lat' dir='ltr'>meritus</span> <span class='ocrx_word' id='word_1_398' title='bbox 953 2016 1101 2055; x_wconf 87' lang='lat' dir='ltr'>adversa,</span> <span class='ocrx_word' id='word_1_399' title='bbox 1127 2013 1287 2054; x_wconf 87' lang='lat' dir='ltr'>prosperis</span> <span class='ocrx_word' id='word_1_400' title='bbox 1311 2012 1453 2044; x_wconf 80' lang='lat' dir='ltr'>defuere.-</span> 
     </span>
     <span class='ocr_line' id='line_1_41' title="bbox 118 2057 1456 2108; baseline -0.007 -8"><span class='ocrx_word' id='word_1_401' title='bbox 118 2077 193 2100; x_wconf 84' lang='lat' dir='ltr'>nam</span> <span class='ocrx_word' id='word_1_402' title='bbox 209 2069 319 2100; x_wconf 90' lang='lat' dir='ltr'>Civilis</span> <span class='ocrx_word' id='word_1_403' title='bbox 335 2068 361 2099; x_wconf 90' lang='lat' dir='ltr'>si</span> <span class='ocrx_word' id='word_1_404' title='bbox 376 2068 551 2108; x_wconf 83' lang='lat' dir='ltr'>majoribus</span> <span class='ocrx_word' id='word_1_405' title='bbox 569 2067 668 2107; x_wconf 87' lang='lat' dir='ltr'>copiis</span> <span class='ocrx_word' id='word_1_406' title='bbox 684 2066 893 2098; x_wconf 77' lang='lat' dir='ltr'>instruxisset</span> <span class='ocrx_word' id='word_1_407' title='bbox 906 2064 1021 2102; x_wconf 88' lang='lat' dir='ltr'>aciem,</span> <span class='ocrx_word' id='word_1_408' title='bbox 1045 2061 1208 2093; x_wconf 86' lang='lat' dir='ltr'>circumiri</span> <span class='ocrx_word' id='word_1_409' title='bbox 1223 2069 1241 2091; x_wconf 88' lang='lat' dir='ltr'>a</span> <span class='ocrx_word' id='word_1_410' title='bbox 1256 2063 1323 2091; x_wconf 88' lang='lat' dir='ltr'>tam</span> <span class='ocrx_word' id='word_1_411' title='bbox 1345 2057 1456 2100; x_wconf 87' lang='lat' dir='ltr'>paucis</span> 
     </span>
     <span class='ocr_line' id='line_1_42' title="bbox 118 2104 1454 2157; baseline -0.008 -11"><span class='ocrx_word' id='word_1_412' title='bbox 118 2116 306 2147; x_wconf 85' lang='lat' dir='ltr'>cohortibus</span> <span class='ocrx_word' id='word_1_413' title='bbox 324 2115 535 2156; x_wconf 84' lang='lat' dir='ltr'>nequivisset,</span> <span class='ocrx_word' id='word_1_414' title='bbox 554 2117 724 2155; x_wconf 87' lang='lat' dir='ltr'>castraque</span> <span class='ocrx_word' id='word_1_415' title='bbox 743 2114 749 2131; x_wconf 79' lang='lat'>¹</span> <span class='ocrx_word' id='word_1_416' title='bbox 769 2114 921 2154; x_wconf 85' lang='lat' dir='ltr'>perrupta</span> <span class='ocrx_word' id='word_1_417' title='bbox 935 2109 1138 2142; x_wconf 83' lang='lat' dir='ltr'>exscidisset.</span> <span class='ocrx_word' id='word_1_418' title='bbox 1155 2106 1278 2138; x_wconf 89' lang='lat' dir='ltr'>Vocula</span> <span class='ocrx_word' id='word_1_419' title='bbox 1295 2114 1355 2137; x_wconf 91' lang='lat' dir='ltr'>nec</span> <span class='ocrx_word' id='word_1_420' title='bbox 1369 2104 1380 2123; x_wconf 81' lang='lat'>²</span> <span class='ocrx_word' id='word_1_421' title='bbox 1399 2104 1454 2157; x_wconf 32' lang='lat' dir='ltr'>a‘d-</span> 
     </span>
     <span class='ocr_line' id='line_1_43' title="bbox 119 2152 1455 2203; baseline -0.009 -9"><span class='ocrx_word' id='word_1_422' title='bbox 119 2165 254 2196; x_wconf 89' lang='lat' dir='ltr'>ventum</span> <span class='ocrx_word' id='word_1_423' title='bbox 268 2163 412 2194; x_wconf 84' lang='lat' dir='ltr'>hostium</span> <span class='ocrx_word' id='word_1_424' title='bbox 427 2162 622 2203; x_wconf 83' lang='lat' dir='ltr'>exploravit,</span> <span class='ocrx_word' id='word_1_425' title='bbox 634 2170 737 2202; x_wconf 87' lang='lat' dir='ltr'>eoque</span> <span class='ocrx_word' id='word_1_426' title='bbox 750 2161 847 2192; x_wconf 89' lang='lat' dir='ltr'>simul</span> <span class='ocrx_word' id='word_1_427' title='bbox 861 2166 1004 2199; x_wconf 81' lang='lat' dir='ltr'>egressus</span> <span class='ocrx_word' id='word_1_428' title='bbox 1021 2156 1209 2195; x_wconf 82' lang='lat' dir='ltr'>victusque3</span> <span class='ocrx_word' id='word_1_429' title='bbox 1221 2153 1295 2185; x_wconf 91' lang='lat' dir='ltr'>dein</span> <span class='ocrx_word' id='word_1_430' title='bbox 1309 2152 1455 2184; x_wconf 77' lang='lat' dir='ltr'>victoriae</span> 
     </span>
    </p>
   </div>
   <div class='ocr_carea' id='block_1_5' title="bbox 116 2261 1453 2442">
    <p class='ocr_par' dir='ltr' id='par_1_6' title="bbox 150 2261 1326 2300">
     <span class='ocr_line' id='line_1_44' title="bbox 150 2261 1326 2300; baseline -0.01 -6"><span class='ocrx_word' id='word_1_431' title='bbox 150 2270 262 2294; x_wconf 72' lang='lat' dir='ltr'>xxxii.</span> <span class='ocrx_word' id='word_1_432' title='bbox 280 2276 301 2294; x_wconf 78' lang='grc' dir='ltr'>ι.</span> <span class='ocrx_word' id='word_1_433' title='bbox 316 2270 447 2300; x_wconf 78' lang='lat' dir='ltr'>Hostilia3</span> <span class='ocrx_word' id='word_1_434' title='bbox 463 2269 535 2294; x_wconf 80' lang='lat' dir='ltr'>cont.</span> <span class='ocrx_word' id='word_1_435' title='bbox 547 2269 580 2293; x_wconf 84' lang='lat' dir='ltr'>ad</span> <span class='ocrx_word' id='word_1_436' title='bbox 595 2268 640 2299; x_wconf 85' lang='lat'>111,</span> <span class='ocrx_word' id='word_1_437' title='bbox 654 2274 706 2293; x_wconf 66' lang='grc'>5.-</span> <span class='ocrx_word' id='word_1_438' title='bbox 714 2273 738 2292; x_wconf 73' lang='lat'>2.</span> <span class='ocrx_word' id='word_1_439' title='bbox 753 2268 795 2292; x_wconf 87' lang='lat' dir='ltr'>Sc.</span> <span class='ocrx_word' id='word_1_440' title='bbox 810 2265 988 2296; x_wconf 81' lang='lat' dir='ltr'>respondit.—</span> <span class='ocrx_word' id='word_1_441' title='bbox 999 2269 1022 2287; x_wconf 77' lang='lat'>3.</span> <span class='ocrx_word' id='word_1_442' title='bbox 1035 2261 1114 2287; x_wconf 75' lang='lat' dir='ltr'>Conf.</span> <span class='ocrx_word' id='word_1_443' title='bbox 1132 2267 1154 2286; x_wconf 95' lang='lat' dir='ltr'>c.</span> <span class='ocrx_word' id='word_1_444' title='bbox 1168 2267 1202 2285; x_wconf 72' lang='lat'>15,</span> <span class='ocrx_word' id='word_1_445' title='bbox 1320 2294 1326 2298; x_wconf 43' lang='grc' dir='ltr'>Ι</span> 
     </span>
    </p>

    <p class='ocr_par' dir='ltr' id='par_1_7' title="bbox 116 2295 1453 2442">
     <span class='ocr_line' id='line_1_45' title="bbox 148 2295 1453 2334; baseline -0.008 -5"><span class='ocrx_word' id='word_1_446' title='bbox 148 2305 273 2329; x_wconf 78' lang='lat' dir='ltr'>XXXIII.</span> <span class='ocrx_word' id='word_1_447' title='bbox 290 2311 309 2329; x_wconf 85' lang='grc' dir='ltr'>ι.</span> <span class='ocrx_word' id='word_1_448' title='bbox 327 2306 456 2330; x_wconf 82' lang='lat' dir='ltr'>Celeriter</span> <span class='ocrx_word' id='word_1_449' title='bbox 477 2306 626 2334; x_wconf 83' lang='lat' dir='ltr'>occupant.</span> <span class='ocrx_word' id='word_1_450' title='bbox 639 2309 701 2328; x_wconf 80' lang='lat'>—2.</span> <span class='ocrx_word' id='word_1_451' title='bbox 721 2302 896 2333; x_wconf 80' lang='lat' dir='ltr'>Legionario,</span> <span class='ocrx_word' id='word_1_452' title='bbox 913 2301 943 2324; x_wconf 89' lang='lat' dir='ltr'>ut</span> <span class='ocrx_word' id='word_1_453' title='bbox 959 2300 983 2328; x_wconf 88' lang='lat'>1,</span> <span class='ocrx_word' id='word_1_454' title='bbox 998 2303 1034 2322; x_wconf 86' lang='lat'>⁷0·</span> <span class='ocrx_word' id='word_1_455' title='bbox 1045 2302 1107 2322; x_wconf 77' lang='lat'>-3.</span> <span class='ocrx_word' id='word_1_456' title='bbox 1122 2297 1222 2326; x_wconf 81' lang='lat' dir='ltr'>Fugam</span> <span class='ocrx_word' id='word_1_457' title='bbox 1242 2295 1340 2319; x_wconf 73' lang='lat' dir='ltr'>direxit</span> <span class='ocrx_word' id='word_1_458' title='bbox 1359 2297 1453 2319; x_wconf 83' lang='lat' dir='ltr'>versus</span> 
     </span>
     <span class='ocr_line' id='line_1_46' title="bbox 119 2346 1450 2401; baseline -0.008 -2"><span class='ocrx_word' id='word_1_459' title='bbox 119 2346 266 2399; x_wconf 44' lang='lat' dir='ltr'>sulsgffllv.</span> <span class='ocrx_word' id='word_1_460' title='bbox 284 2381 301 2399; x_wconf 85' lang='grc' dir='ltr'>ι.</span> <span class='ocrx_word' id='word_1_461' title='bbox 316 2376 357 2400; x_wconf 78' lang='lat' dir='ltr'>Sc.</span> <span class='ocrx_word' id='word_1_462' title='bbox 372 2377 562 2401; x_wconf 80' lang='lat' dir='ltr'>Romanorum.</span> <span class='ocrx_word' id='word_1_463' title='bbox 575 2388 603 2393; x_wconf 96' lang='lat'><em>-</em></span> <span class='ocrx_word' id='word_1_464' title='bbox 613 2380 635 2399; x_wconf 80' lang='lat'>2.</span> <span class='ocrx_word' id='word_1_465' title='bbox 651 2374 774 2399; x_wconf 77' lang='lat' dir='ltr'>Alterum</span> <span class='ocrx_word' id='word_1_466' title='bbox 788 2372 868 2397; x_wconf 89' lang='lat' dir='ltr'>modo</span> <span class='ocrx_word' id='word_1_467' title='bbox 883 2370 1033 2396; x_wconf 89' lang='lat' dir='ltr'>membrum</span> <span class='ocrx_word' id='word_1_468' title='bbox 1050 2367 1157 2400; x_wconf 86' lang='lat' dir='ltr'>posuit,</span> <span class='ocrx_word' id='word_1_469' title='bbox 1172 2372 1222 2397; x_wconf 85' lang='lat' dir='ltr'>pro</span> <span class='ocrx_word' id='word_1_470' title='bbox 1238 2372 1244 2391; x_wconf 89' lang='lat'>:</span> <span class='ocrx_word' id='word_1_471' title='bbox 1265 2364 1378 2391; x_wconf 66' lang='lat' dir='ltr'>Vocula</span> <span class='ocrx_word' id='word_1_472' title='bbox 1399 2366 1450 2387; x_wconf 85' lang='lat' dir='ltr'>nec</span> 
     </span>
     <span class='ocr_line' id='line_1_47' title="bbox 116 2409 845 2442; baseline 0 -8"><span class='ocrx_word' id='word_1_473' title='bbox 116 2410 197 2442; x_wconf 74' lang='lat' dir='ltr'>justis</span> <span class='ocrx_word' id='word_1_474' title='bbox 210 2410 294 2441; x_wconf 83' lang='lat' dir='ltr'>copiis</span> <span class='ocrx_word' id='word_1_475' title='bbox 304 2411 390 2435; x_wconf 82' lang='lat' dir='ltr'>aciem</span> <span class='ocrx_word' id='word_1_476' title='bbox 403 2411 545 2442; x_wconf 81' lang='lat' dir='ltr'>instruxit,</span> <span class='ocrx_word' id='word_1_477' title='bbox 560 2416 610 2436; x_wconf 80' lang='lat' dir='ltr'>nec</span> <span class='ocrx_word' id='word_1_478' title='bbox 624 2411 779 2436; x_wconf 74' lang='lat' dir='ltr'>adventum</span> <span class='ocrx_word' id='word_1_479' title='bbox 793 2409 845 2435; x_wconf 84' lang='lat' dir='ltr'>etc.</span> 
     </span>
    </p>
   </div>
  </div>
 </body>
</html>
