1539 2668
482 179 485 183 .
509 156 555 184 Aa
570 153 880 184 U.f.⁴‚c..e·u822.1A„¹-*c;
905 153 955 183 69.
1334 156 1400 190 336.

72 230 227 269 eiusque,
239 228 393 260 vsenatum
402 227 607 268 et-populum
623 229 699 258 ante
712 235 748 258 se
762 235 859 266 agens
868 250 878 266 ,
893 225 1068 266 quominus
1083 226 1121 257 ut
1135 226 1261 267 captam
1275 228 1395 263 Urbem

71 273 305 314 ingrederetur,
319 275 497 306 amicorum
511 273 646 305 consilio
661 273 845 312 deterritus,
860 276 991 313 sumpta
1001 275 1160 313 praetexta
1171 275 1203 305 et
1217 278 1396 315 composito

72 321 199 361 agmine
212 321 351 353 incessit.
367 323 521 361 quattuor
537 320 698 359 legionum
713 320 827 360 aquilae
841 329 896 360 per
913 320 1050 351 frontem
1067 320 1267 361 totidemque
1280 323 1365 355 circa
1376 333 1396 358 e

72 368 251 408 legionibus
266 368 337 399 aliis
353 368 488 406 vexilla,
506 376 580 398 mox
596 366 768 397 duodecim
784 367 906 397 alarum
920 367 1027 406 signa,
1044 369 1076 398 et
1094 371 1164 407 post
1179 368 1323 407 peditum
1340 379 1395 401 or·

72 414 163 446 dines
180 424 305 455 eques;
323 415 397 446 dein
415 416 571 454 quattuor
588 415 622 444 et
636 413 768 453 triginta
783 414 935 445 cohortes
947 437 955 452 ,
975 416 1011 444 ut
1028 414 1161 444 nomina
1178 415 1322 454 gentium
1338 420 1395 450 aut

71 462 196 502 species
212 471 374 493 armorum
395 462 522 501 forent,
537 461 697 492 discretae.
722 463 796 491 ante
814 461 954 500 aquilam
976 461 1119 500 praefecti
1140 464 1319 494 castrorum
1334 463 1394 495 tri·

72 508 213 548 bunique
226 511 257 540 et
272 509 368 549 primi
383 508 609 540 centurionum
623 532 633 547 ,
652 508 789 539 candida
806 510 916 546 veste3
931 508 1029 539 ceteri
1041 508 1241 547 juxtasuam
1259 511 1394 551 quisque

69 556 249 586 centuriam
261 581 272 595 ‚
296 555 396 586 armis
423 553 583 593 donisque
610 554 780 594 fulgentes.
809 557 840 585 et
867 556 1007 586 militum
1033 556 1173 595 phalerae
1198 558 1394 597 torquesque

69 601 289 640 splendebant.
307 600 423 631 decora
443 600 559 637 facies,
582 602 614 632 et
632 610 697 632 non
712 601 842 632 Vitellio
860 603 1006 642 Principe
1023 602 1140 642 dignus
1158 603 1331 636 exercitus.
1347 604 1394 637 sic

69 648 261 688 Capitolium
279 648 442 688 ingressus
455 672 465 688 ,
482 650 580 688 atque
597 647 642 679 ibi
660 650 796 679 matrem
814 649 1004 689 complexus
1021 653 1173 690 Augustae
1190 650 1320 683 nomine
1334 651 1393 684 ho-

68 694 205 726 noravit.

108 744 170 772 XC.
196 743 327 772 Postera
344 741 394 772 die
408 766 416 781 ‚
434 743 589 782 tanquam
607 741 691 782 apud
709 741 838 773 alterius
854 742 860 759 ¹
889 742 1030 773 civitatis
1050 744 1198 774 senatum
1221 744 1393 784 populum-

68 795 147 826 que,
167 788 371 828 magnificam
395 789 573 819 orationem
592 788 633 819 de
655 790 834 828 semetipso
852 790 1031 829 prompsit,
1049 789 1244 821 industriam
1268 791 1394 832 tempe·

66 835 269 874 rantiamque
281 844 373 865 suam
387 835 538 865 laudibus
554 836 706 874 attolens,
723 836 865 866 consciis
883 835 1075 875 flagitiorum
1095 836 1174 875 ipsis
1190 837 1246 875 qui
1260 836 1396 872 aderant

67 880 221 920 omnique
247 881 358 920 ltalia,
385 890 440 921 per
465 889 562 920 quam
585 889 702 912 somno
722 882 754 912 et
776 881 857 912 luxu
884 882 1056 921 pudendus
1076 882 1260 914 incesserat.
1279 884 1395 925 vulgus

68 927 173 958 tamen
191 936 330 959 vacuum
349 928 453 966 curis,
477 930 510 958 et
533 928 603 958 sine
621 928 689 959 falsi
704 928 840 967 verique
855 928 1044 959 discrimine
1061 929 1174 960 solitas
1191 930 1394 964 adulationes

66 973 235 1012 edoctum,
260 974 400 1005 clamore
421 976 453 1005 et
475 973 611 1004 vocibus
635 974 842 1014 astrepehat3
862 975 1084 1015 abnuentique
1108 986 1225 1009 nomen
1247 978 1393 1019 Auqusti

66 1026 251 1059 expressere
266 1019 277 1038 ²
298 1023 334 1051 ut
350 1024 548 1059 assumeret,
567 1024 632 1052 tam
652 1022 771 1053 frustra
789 1030 887 1061 quam
905 1026 1119 1055 recusaverat.
1138 1055 1147 1068 x

106 1069 185 1098 XCI.
195 1067 286 1107 Apud
299 1068 463 1099 civitatem
476 1071 592 1099 cuncta
604 1069 867 1108 interpretantem
880 1069 999 1100 funesti
1011 1069 1129 1100 ominis
1141 1070 1213 1102 loco
1222 1072 1394 1112 acceptum

65 1113 133 1152 est,
149 1114 235 1153 quod
250 1114 428 1145 maximum
442 1114 666 1154 pontificatum
681 1115 819 1155 adeptus
835 1115 981 1147 Vitellius
994 1116 1033 1146 de
1047 1116 1243 1149 caerimoniis
1256 1119 1393 1158 publicis

66 1160 180 1198 quinto
194 1160 324 1191 decimo
347 1160 500 1192 kalendas
522 1164 684 1201 Augustas
707 1161 878 1201 edixisset,
896 1163 1074 1202 antiquitus
1091 1163 1232 1195 infausto
1249 1164 1301 1196 die
1318 1169 1392 1198 Cre-

66 1206 203 1239 merensi
215 1207 411 1247 Alliensique
424 1207 583 1238 cladibus¹
594 1233 600 1239 .
613 1207 692 1239 adeo
703 1208 808 1239 omnis
817 1208 949 1239 humani
966 1209 1131 1249 divinique
1143 1210 1225 1249 juris
1239 1220 1355 1252 expers
1366 1212 1393 1254 ²,

65 1255 134 1294 pari
146 1254 335 1285 libertorum
351 1255 594 1293 amicorumque
608 1255 771 1293 socordia,
788 1256 877 1286 velut
893 1255 974 1286 inter
988 1257 1182 1288 temulentos
1195 1258 1320 1297 agebat.
1335 1260 1393 1291 sed

65 1300 196 1332 comitia
222 1302 390 1332 consulum
417 1309 491 1332 cum
518 1301 697 1333 candidatis
723 1302 860 1333 civiliter
886 1303 1051 1334 celebrans
1065 1303 1090 1343 ³,
1118 1313 1247 1335 omnem
1274 1306 1392 1340 intimae

65 1345 167 1386 plebis
184 1356 345 1379 rumorem
363 1348 394 1378 in
412 1349 539 1379 theatro
553 1350 589 1378 ut
605 1350 780 1387 spectator,
799 1348 830 1379 in
849 1349 935 1379 circo
951 1352 987 1380 ut
1004 1350 1110 1381 fautor
1125 1351 1298 1383 affectavit.
1319 1362 1392 1392 quae

64 1395 153 1433 grata
177 1402 254 1425 sane
276 1397 307 1425 et
329 1395 497 1434 popularia
518 1394 543 1424 si
569 1404 586 1425 a
608 1394 784 1426 virtutibus
811 1396 1106 1436 proficiscerentur,
1132 1399 1289 1429 memoria
1313 1401 1391 1433 vitae

64 1440 179 1481 prioris
196 1440 347 1472 indecora
360 1444 392 1472 et
406 1441 480 1472 vilia
494 1442 745 1481 accipiebantur.
762 1443 942 1474 ventitabat
956 1444 987 1473 in
1004 1448 1164 1483 senatum,
1178 1446 1273 1476 etiam
1289 1455 1390 1486 quum

64 1487 174 1529 parvis
192 1487 230 1518 de
247 1487 343 1519 rebus
359 1492 468 1520 Patres
482 1489 741 1520 consulerentur.
763 1498 800 1520 ac
820 1490 904 1521 sorte
919 1491 1048 1521 Priscus
1066 1491 1252 1523 Helvidius⁴
1273 1495 1392 1532 praetor

64 1533 250 1574 designatus
264 1536 376 1566 contra
388 1536 533 1566 studium
548 1536 615 1575 ejus
629 1540 810 1568 censuerat.
829 1541 1009 1568 commotus
1024 1538 1128 1577 primo
1144 1538 1306 1579 vitellius,
1324 1548 1390 1573 non

63 1581 172 1612 tamen
191 1582 275 1612 ultra
291 1591 388 1621 quam
408 1582 563 1613 tribunos
576 1583 687 1622 plebis
704 1586 738 1615 in
757 1585 932 1616 aemilium
951 1588 1078 1625 spreta?
1094 1588 1275 1625 potestatis
1292 1588 1389 1620 advo-

63 1628 159 1658 cavit.
175 1635 251 1658 mox
268 1628 489 1666 mitigantibus
503 1629 614 1660 amicis
626 1654 635 1669 ,
651 1630 707 1670 qui
722 1631 869 1661 altiorem
887 1632 1083 1664 iracundiam
1098 1633 1166 1672 ejus
1180 1633 1388 1675 verebantur,

64 1673 156 1705 nihil
172 1675 250 1705 novi
266 1674 428 1706 accidisse
447 1676 611 1715 respondit.
624 1700 632 1715 ,
658 1677 751 1717 quod
768 1677 834 1709 duo
850 1682 1026 1710 senatores
1040 1679 1103 1710 5‘2'71
1123 1680 1302 1719 republica
1318 1680 1388 1712 dis·

63 1721 253 1760 sentirent,·
268 1721 409 1752 solitum
424 1730 458 1752 se
471 1724 577 1753 etiam
595 1724 755 1755 Thraseae
769 1725 1015 1757 contradicere.
1036 1726 1161 1756 irrisere
1177 1726 1319 1766 plerique
1333 1728 1389 1761 im-

63 1765 251 1805 pudentiam
275 1767 490 1799 aemulationis
503 1768 515 1786 ‘³
530 1780 539 1807 3
566 1769 638 1801 aliis
658 1770 691 1801 id
718 1770 821 1810 ipsum
847 1771 1012 1810 placebat,
1039 1773 1124 1811 quod
1157 1774 1319 1805 neminem
1346 1783 1388 1808 ex

62 1813 317 1853 praepotentibus
328 1838 336 1852 ,
353 1814 407 1845 sed
424 1815 597 1846 Thraseam
616 1816 657 1847 ad
673 1818 836 1857 exemplar
852 1826 938 1848 verae
955 1818 1062 1857 gloriae
1080 1818 1218 1858 legisset.

102 1862 195 1891 XCII.
220 1863 443 1900 Praeposuerat
466 1862 667 1901 praetorianis
683 1867 716 1894 P.
737 1863 888 1894 Sabinum
910 1873 926 1894 a
950 1865 1137 1904 praefectura
1154 1866 1316 1906 cohortis,
1334 1871 1387 1900 Ju-

64 1905 141 1937 lium
156 1906 299 1938 Priscum
314 1909 384 1938 tuni
399 1909 620 1940 centurionem
638 1919 644 1939 :
661 1910 790 1941 Priscus
804 1910 946 1942 Valentis
957 1935 965 1949 ,
983 1911 1119 1942 Sabinus
1136 1912 1270 1944 Caecinae
1286 1915 1387 1954 gratia

64 1953 235 1993 pollebant.
252 1955 336 1986 inter
350 1954 514 1987 discordes
526 1956 654 1987 Vitellio
669 1957 746 1988 nihil
760 1958 970 1988 auctoritatis.
989 1958 1100 1989 munia
1116 1959 1242 1999 imperii
1258 1962 1387 1993 Caecina

64 2009 101 2032 ac
112 2001 229 2032 Valens
245 2001 396 2041 obibant,
412 2002 488 2033 olim
505 2003 593 2034 auxii
609 2003 710 2044 odiis,
729 2013 802 2045 quae
818 2004 903 2036 bello
917 2007 948 2036 et
961 2006 1075 2037 castris
1090 2007 1171 2038 male
1185 2006 1387 2040 dissimulata

75 2108 79 2109 ⁷
92 2104 150 2128 XC.
168 2109 189 2127 ι.
205 2104 284 2131 Alius,
296 2103 454 2129 altena—⁴2.
468 2106 507 2129 Ab
518 2112 550 2129 eo
564 2107 757 2136 impetravere.
776 2107 807 2131 Et
816 2108 976 2132 recusatum
995 2109 1022 2132 et
1037 2109 1181 2138 acceptum
1196 2114 1296 2134 nornen
1310 2117 1385 2140 aeque

65 2139 239 2165 trustraerat
251 2140 279 2162 et
291 2139 351 2164 sine
365 2142 464 2164 eventu
476 2141 542 2164 ullo.

91 2174 157 2198 XCI.
170 2179 190 2197 ι.
205 2174 294 2198 Fabiis
308 2175 341 2198 ad
358 2175 513 2199 Cremeram
523 2182 549 2200 a.
560 2177 653 2205 uem,
667 2179 795 2202 Romanis
805 2178 839 2201 ad
852 2177 947 2202 Alliam
959 2184 973 2202 a
988 2179 1071 2202 Gallis
1088 2185 1112 2203 a.
1123 2184 1167 2203 aas
1177 2180 1320 2205 occidione
1335 2187 1382 2205 cae-

65 2208 102 2232 sis
115 2208 157 2232 die
172 2214 198 2232 ia
209 2209 312 2233 Juli0.-
320 2215 343 2233 n.
357 2210 390 2241 Ut
403 2215 437 2233 ne
449 2211 671 2236 infaustissimum
686 2213 793 2242 quidem
808 2213 912 2237 dierum
924 2215 951 2238 et
963 2214 1076 2244 publice
1092 2215 1226 2238 nefastum
1240 2217 1338 2240 nosset.
1354 2229 1382 2234 .-

63 2248 85 2268 3.
96 2243 328 2268 ‘eumcandidatis
345 2245 509 2270 circumiens
524 2249 553 2271 ut
567 2249 634 2272 civis
645 2249 674 2272 et
691 2254 825 2278 prensans
839 2250 996 2278 Patresmui
1010 2250 1136 2273 consules
1151 2251 1340 2280 designabant.
1351 2264 1381 2270 —

64 2279 138 2303 rane
153 2284 205 2308 qno
218 2279 288 2303 inti-a
306 2280 348 2307 Ν,
364 2285 461 2311 ⁴seqq.
477 2295 502 2299 —-
515 2288 536 2306 5.
551 2284 624 2307 Ficta
639 2284 770 2308 modestia
784 2285 860 2314 quast
873 2285 929 2314 ipse
950 2285 1013 2308 nihil
1031 2288 1103 2309 esset
1126 2286 1177 2309 nisi
1192 2286 1324 2316 princeps
1336 2293 1381 2311 se-

64 2315 215 2338 natus—6.
226 2316 270 2338 Sc.
286 2320 347 2338 cum
359 2315 485 2346 Thrasea,
499 2318 608 2343 virtute
619 2319 690 2349 ipsa,
700 2320 733 2343 de
748 2326 801 2350 quo
815 2322 888 2344 Anu.
905 2321 972 2348 XVI,
985 2325 1010 2344 21
1022 2327 1079 2349 squ.
1089 2321 1209 2344 Thrasea
1221 2321 1248 2344 in
1259 2323 1378 2346 mentem

64 2349 121 2406 tipn
134 2349 240 2372 venisse
252 2349 368 2379 videtur,
382 2351 445 2380 quia
454 2357 544 2382 'gener
556 2354 614 2384 ejus
621 2356 684 2379 erat
702 2355 841 2380 Helvidius
855 2361 862 2379 :
879 2355 924 2386 qui
933 2356 1036 2380 sicsibi
1051 2355 1262 2386 contradiceret,
1276 2357 1306 2381 ut
1319 2357 1378 2386 ipse

67 2388 82 2406 ο
95 2383 130 2406 im
144 2384 279 2409 Thraseae.
