1539 2668
94 134 155 164 490

95 206 236 239 Altinum
247 230 256 245 ,
291 204 445 245 oppidum
474 206 670 236 Venetorum
700 203 733 233 in

137 249 236 280 Gallia
249 246 484 286 Transpadana,
498 246 579 277 inter
595 249 731 277 Concor-

138 289 224 321 diam
239 290 271 319 et
284 288 464 319 Patavium.

97 334 249 364 Amanus,
266 338 358 359 mons
372 329 482 367 Syriae,
497 329 568 368 post
580 331 733 365 Taurum,

139 381 157 402 a
179 371 251 402 sinu
276 370 374 401 issico
390 369 429 399 ad
452 369 646 408 Euphratem
665 377 734 408 per—

138 413 278 451 tingens,
294 411 425 442 Luhan.

97 454 270 490 Amathos,
308 451 462 492 oppidum
492 450 589 490 Cypri
603 474 611 488 ,
642 450 734 489 cujus

139 495 242 524 ruinae
259 502 356 533 prope
376 491 530 531 oppidum
548 493 702 522 Limlsso.

98 535 229 572 Amisia,
253 535 368 564 lluvius
385 533 573 571 Germaniae,
592 533 623 563 b.
641 535 734 564 Ems.

99 579 265 614 Amor-gns,
277 575 378 605 insula
393 573 600 613 Archipelagi,
613 582 736 613 sporas,

142 618 174 647 h.
190 621 331 655 Αηιονςιο
345 625 371 646 S.
387 617 515 654 Morqo.

99 658 304 698 Ampsivarii,
322 657 458 697 populus
475 655 665 693 Germaniae,
682 655 737 695 qui

142 699 180 730 ad
208 699 356 729 Amisiam
382 698 500 728 flumen
527 697 559 727 in
584 698 737 727 comitatu

142 739 365 771 Benthemensi
380 739 540 769 habitasse
554 737 714 768 videntur.

102 780 418 820 Anagnia,‹j›ppi‹lum
434 778 526 818 Latii,
544 780 575 809 in
592 781 739 818 Campa-

143 832 208 862 9⁷16!
226 822 258 852 (li
277 825 392 859 Homo,
412 821 441 851 h.
459 822 602 860 Anaqn‘l.

101 867 228 895 Ancona
241 887 249 901 ,
267 862 420 902 oppidum
436 861 549 898 Italiae,
563 861 595 892 in
610 861 738 899 Piceno,

144 906 292 936 Ancona.

102 945 274 981 Andecavi,
287 944 422 983 populus
435 944 543 975 Galliae
557 943 740 983 Lugdunen-

143 986 186 1017 sis
200 1011 207 1024 ,
223 986 331 1016 colens
348 984 538 1016 hodiernum
554 986 675 1024 Anjou,
692 993 741 1014 ca-

144 1030 203 1067 put.
219 1030 357 1066 Αηῃωκς.

104 1068 224 1107 Anglii,
244 1078 260 1107 p
272 1068 379 1106 spulus
394 1066 569 1098 Germaniae
586 1066 617 1097 in
643 1066 740 1096 Cher-

144 1118 259 1141 soneso
270 1109 440 1145 Cimbris-a,
452 1110 487 1138 ut
504 1108 643 1145 vvidetur,
657 1107 742 1137 circa

144 1151 227 1180 ostia
240 1150 338 1188 Albis,
356 1149 410 1179 ubi
428 1149 710 1187 lilechlembomq.

102 1191 294 1230 Angrivarii,
311 1190 445 1230 populus
459 1190 742 1227 Gei·1irziiiia›,i11te1*

145 1232 307 1271 Visurgim
342 1234 374 1262 ct
405 1231 530 1262 Aluram
542 1255 549 1268 ,
583 1231 635 1260 ubi
667 1230 741 1261 olim

144 1275 392 1311 Enyern,1nino
404 1274 524 1303 tractus
537 1271 741 1310 Kalenbery,

145 1314 347 1354 Lunebozcrq
366 1316 396 1344 et
420 1313 556 1344 l'erslen.

103 1355 328 1386 Anthemusias
340 1379 348 1392 ,
387 1354 463 1385 urbs
503 1353 743 1393 Mesopotamiae

145 1395 401 1435 septentrionalis
416 1395 483 1425 sive
497 1399 658 1425 osroenae.

105 1438 285 1472 Antiochia,
301 1439 395 1476 eaput
408 1437 518 1475 Syriae,
534 1435 696 1474 Antalzia,
711 1435 743 1466 in

147 1479 299 1518 pascham
319 1478 441 1508 Halel).

104 1519 264 1559 Antipolis
278 1543 286 1557 ,
308 1519 518 1558 municipium
535 1518 645 1548 Galliae
670 1522 745 1548 Nar-

147 1560 309 1596 bonensis,
328 1559 461 1590 Anlilws
479 1559 563 1598 (dep.
589 1558 681 1598 l'czr).

105 1602 236 1633 Antium
247 1626 254 1640 ,
278 1601 355 1631 urbs
372 1601 453 1632 Latii
473 1601 505 1630 in
522 1600 645 1630 volscis
657 1624 666 1638 ,
682 1601 744 1631 An-

149 1651 208 1674 zm.

105 1688 264 1724 Apamea,
289 1682 366 1713 urbs
381 1681 525 1720 Phrygiae
541 1681 667 1720 Majoris
678 1705 686 1720 ,
712 1682 744 1712 in

147 1723 381 1755 confluentibus
408 1726 541 1761 Marsyae
565 1726 597 1754 et
625 1727 743 1753 Maean-

146 1765 206 1796 dri.

106 1805 326 1847 Aphrodisias,
344 1805 498 1845 oppidum
513 1805 612 1836 Cariae
625 1805 659 1835 in
672 1805 745 1835 Asia

147 1846 544 1884 Minoi-‹³,a1lMaeandrum,
557 1846 586 1875 h.
606 1846 742 1877 Gltez'ra.

106 1888 382 1928 Apollonidenses,
399 1887 513 1918 incolae
530 1887 744 1926 ApollonidiS,

146 1928 253 1969 oppidi
274 1928 378 1968 Lydiae
402 1929 485 1959 inter
503 1932 691 1967 Pergamum
714 1930 746 1959 et

147 1970 260 2002 Sardes
283 1970 348 2000 siti.

105 2012 230 2051 Apulia,
243 2020 314 2050 pars
326 2011 424 2041 ltaliae
434 2010 742 2050 Inferioris,Pu9l¹ia

147 2062 173 2083 s.
193 2053 337 2083 Pouille.

105 2094 257 2133 Aquileia,
276 2093 353 2124 urbs
369 2092 475 2123 Galliae
491 2092 742 2132 Transpadanae,

147 2135 187 2165 ad
219 2143 306 2165 mare
329 2136 361 2164 et
385 2135 530 2164 sontium
559 2134 742 2174 (Isonzo):

146 2175 248 2206 ruinae
264 2176 331 2214 ejus
348 2175 378 2205 h.
396 2175 514 2214 Aqlar.

106 2216 281 2256 Aquinum,
293 2216 447 2256 oppidum
462 2216 554 2254 Latii,
569 2218 699 2257 Aquino
712 2217 743 2247 in

152 2260 259 2289 Terra
274 2257 308 2288 di·
323 2259 465 2288 Lavoro.

104 2299 284 2339 Aquitania,
302 2307 372 2338 pars
384 2298 493 2329 Galliae
506 2298 587 2329 inter
602 2300 742 2337 Ligerem

147 2340 270 2377 (Loire)
283 2343 312 2369 el
329 2343 512 2379 Pyrenaeos,
524 2340 561 2371 la
575 2342 744 2380 Gascoqne

146 2383 179 2413 et
197 2381 230 2412 la
252 2382 425 2420 Guyenne.

433 131 730 160 NOMENCLATOR
753 130 1061 160 GEOGRAPHICUS.

773 207 867 243 Arar,
894 204 1011 236 fluvius
1038 204 1145 237 Galliae
1169 204 1409 245 Lugdunensis,

813 246 929 277 Saone.

773 287 931 325 Aravisci,
954 287 1092 328 populus
1113 286 1301 325 Pannoniae,
1327 286 1410 318 inter

813 328 990 359 Arabonem
1020 328 1144 367 (Raab)
1170 328 1202 358 et
1228 327 1410 358 Danubium

814 368 940 401 fluvios.

774 413 913 449 Araxes,
939 411 1056 442 fluvius
1079 410 1238 441 Armeniae
1258 409 1410 448 Majoris,

816 454 913 482 Ara&

776 491 921 532 [Arbela‚
948 492 988 523 ad
1013 493 1170 524 orientem
1196 491 1353 530 Tigridis,
1380 490 1411 521 in

817 534 1025 571 Kurdv'stcm,
1041 533 1167 573 ErbvtL]

776 575 958 613 Arduenna,
977 575 1056 605 silva
1071 574 1180 605 Galliae
1196 574 1341 615 Belgicae,
1366 576 1413 608 les

817 616 1001 647 Ardennes.

776 660 952 688 Arenaeum
964 681 972 695 ‚
991 655 1145 696 oppidum
1165 659 1356 688 Batavorum
1382 659 1413 689 in

819 698 919 769 {huia
942 698 1081 737 Belgica,
1111 706 1210 737 prope
1235 698 1309 729 hod.
1328 701 1415 730 Arn-

831 747 905 769 iem.

777 780 919 818 Argolis,
941 779 974 809 in
998 778 1164 810 occidente
1187 780 1416 819 Peloponnesi,

819 820 903 851 eirca
917 820 1021 851 sinum
1043 819 1084 851 de
1102 821 1239 860 Napoli.
1266 820 1416 853 Habitant

819 861 936 901 Argivi.

779 902 900 941 Aricia,
915 902 1069 942 oppidum
1093 902 1193 941 Latii,
1215 902 1247 933 in
1273 904 1418 943 Campa-

819 952 888 983 gma
914 943 948 974 dc·
971 946 1099 982 Roma,
1123 943 1154 973 h.
1174 945 1308 974 Ariccia
1335 953 1360 975 S.
1381 945 1417 976 la

820 986 944 1015 Riccia.

779 1025 865 1064 Arii,
896 1026 1033 1065 populus
1063 1025 1164 1063 Asiae,
1197 1025 1230 1055 in
1264 1025 1418 1057 hodierno

821 1066 1034 1097 [show-asson.

780 1108 972 1145 Ariminum,
987 1106 1140 1147 oppidum
1158 1106 1299 1137 Umbriae
1313 1107 1345 1138 in
1362 1107 1419 1138 Ita—

821 1148 874 1185 lia,
891 1148 930 1179 ad
951 1157 1037 1178 mare
1053 1147 1263 1186 Adriaticum,
1280 1150 1417 1180 Rimim'.

781 1192 903 1228 Arnus,
928 1189 1044 1219 fluvius
1062 1189 1196 1219 Etruriae
1220 1189 1418 1229 (Toscanae)‚

823 1232 923 1261 Arno.

781 1271 941 1302 Arretium
954 1294 963 1310 ,
983 1270 1136 1310 oppidum
1161 1271 1305 1310 Etruriae,
1322 1273 1418 1303 Arez-

822 1321 872 1342 zo.

782 1355 1000 1391 Arsamosata,
1040 1353 1204 1384 castellum
1239 1353 1418 1393 Armeniae,

824 1403 887 1424 non
910 1394 1001 1433 longe
1028 1403 1045 1424 a
1065 1394 1299 1425 confluentibus
1324 1398 1419 1426 Arsa-

824 1436 885 1466 niae
903 1438 935 1465 et
945 1436 1126 1475 Euphratis,
1145 1437 1282 1466 Simsat.

782 1477 942 1514 Arsanias,
961 1477 1076 1508 fluvius
1089 1477 1248 1508 Armeniae
1267 1476 1420 1515 (nlaioris)

823 1518 855 1547 in
873 1518 1065 1557 Euphratem
1088 1517 1207 1555 linem,
1236 1518 1327 1556 eujus
1354 1526 1421 1548 esse

825 1559 992 1589 brachium
1009 1559 1216 1589 meridionale
1234 1561 1375 1598 putatur.

782 1601 946 1638 Artaxata,
966 1600 1062 1639 eaput
1078 1599 1236 1630 Armeniae
1254 1598 1419 1638 (Minoris),

825 1641 935 1679 postea
951 1640 1087 1670 Neronia
1104 1640 1206 1678 diem,
1225 1640 1328 1671 ruinae
1350 1648 1421 1680 pro-

824 1690 862 1721 pe
879 1683 1026 1712 Erz'van.

784 1722 958 1760 Artemita,
985 1722 1139 1761 oppidum
1172 1722 1356 1753 Parthicum
1388 1722 1421 1752 in

825 1763 974 1802 Assyria,
1014 1764 1099 1802 quod
1141 1764 1322 1795 Klzalasar
1351 1771 1422 1795 esse

824 1803 975 1835 creclitur.

784 1845 929 1883 Arverni,
942 1846 1076 1885 populus
1087 1845 1197 1877 Galliae
1209 1845 1420 1885 Aquitanicae‚

825 1886 980 1917 hodierna
994 1889 1182 1926 Auvery-ne.

783 1927 1007 1966 Asciburgium
1020 1951 1028 1965 ,
1059 1927 1213 1968 oppidum
1246 1926 1422 1958 Germaniae

824 1969 891 1999 sive
926 1968 1032 2008 potius
1060 1969 1166 2000 Galliae
1195 1969 1345 2008 Belgica),
1381 1968 1423 1999 ad

824 2010 985 2049 Rhenum,
998 2010 1159 2049 Asbourq,
1175 2010 1244 2040 aliis
1259 2010 1349 2040 vicus
1364 2011 1422 2041 Es-

822 2051 976 2090 senberq,
997 2060 1014 2082 e
1031 2052 1158 2090 regione
1174 2050 1367 2089 Duisburgii.

783 2095 904 2130 Ateste,
924 2091 1078 2131 oppidum
1096 2095 1291 2123 Venetorum
1308 2092 1341 2122 in
1357 2090 1423 2122 Gal-

825 2133 865 2164 lia
878 2133 1117 2172 'transpadana,
1135 2133 1218 2164 inter
1232 2132 1420 2164 Medoacum

824 2176 855 2205 et
869 2174 1012 2212 Athesin,
1030 2174 1061 2204 h.
1081 2177 1171 2205 Esle.

782 2216 990 2254 Aventicum,
1009 2218 1105 2254 eaput
1122 2214 1362 2251 Helvetiorum,
1390 2214 1422 2244 in

825 2257 921 2289 Gallia
953 2256 1179 2295 Lugdunensi,
1207 2255 1365 2287 Avarzclze
1393 2263 1420 2285 s.

825 2297 983 2329 Avenche.

784 2340 963 2371 Aventinus
984 2348 1076 2370 mons
1089 2363 1097 2378 ,
1116 2347 1200 2369 unus
1219 2341 1341 2379 septem
1363 2335 1426 2368 ool-

825 2382 901 2412 lium
917 2385 1037 2413 Romae.
