1539 2668
443 160 446 162 .
492 135 529 164 A.
553 135 591 164 U.
616 135 653 164 C.
670 134 743 165 769.
767 134 805 164 A.
829 134 864 164 C.
893 133 943 163 16.
1345 135 1384 166 37

55 207 174 241 accolae
191 207 326 248 dicunt3
348 216 425 239 mox
447 207 482 239 id
506 216 635 248 quoque
654 206 851 238 vocabulum
867 205 974 238 mutat
991 206 1091 238 Mosa
1106 205 1239 238 flumine
1254 207 1387 249 ejusque

55 254 221 287 immenso'
229 264 284 287 ore
300 255 437 286 eundem
452 255 486 286 in
505 258 670 286 Oceanum
687 254 876 286 effunditur.

96 306 162 334 vu.
189 303 248 335 Sed
265 306 391 342 Caesar,
408 302 485 333 dum
508 302 682 342 adiguntur
698 310 814 341 naves,
837 300 950 334 Silium
975 300 1115 340 legatum
1140 308 1215 331 cnm
1235 302 1386 342 expedita

56 358 152 381 manu
169 349 378 390 irruptionem
399 350 433 380 in
449 349 581 381 Chattos
603 349 706 380 facere
719 348 812 387 Jubet
831 358 838 379 :
856 347 924 388 ipse
942 346 1053 378 audito
1067 347 1235 378 castellum
1254 350 1385 389 Luppiae

56 396 181 428 {lumini
196 396 377 438 appositum
400 395 406 413 ¹
427 396 585 436 obsideri,
600 405 654 427 sex
672 396 812 436 legiones
827 404 865 427 eo
882 395 985 426 duxit.
999 403 1104 434 neque
1114 394 1189 426 Silio
1203 394 1245 425 ob
1259 395 1385 428 subitos

54 442 174 475 imbres
192 443 276 475 alind
293 445 401 474 actum
418 452 514 483 quam
531 444 566 475 ut
582 442 743 475 modicam
762 442 904 483 praedam
923 444 956 474 et
974 441 1062 482 Arpi,
1083 441 1237 482 principis
1252 442 1382 474 Chatto-

55 499 139 530 rum,
157 489 326 530 conjugem
341 489 503 531 filiamque
520 493 664 531 raperet;
691 498 795 530 neque
815 489 932 522 Caesari
952 489 1078 529 copiam
1102 498 1217 529 pugnae
1239 489 1385 520 obsesso·

54 545 103 570 res
126 538 243 576 fecere,
268 537 306 568 ad
327 538 444 569 famam
468 538 625 570 adventus
641 537 712 577 ejus
735 537 858 577 dilapsi.
882 537 1048 569 tumulum
1064 540 1190 574 tamen,
1208 546 1309 577 nuper
1325 537 1385 567 Va·

53 583 152 616 rianis
180 585 357 625 legionibus
376 587 555 625 structum,
576 588 608 617 et
629 587 767 616 veterem
793 593 881 616 aram
903 589 1008 616 Druso
1026 584 1122 616 sitam
1137 582 1148 601 ²
1174 584 1380 623 disjecerant.

52 631 194 663 restituit
206 641 292 663 aram
316 632 495 673 honorique
510 634 609 673 patris
624 632 773 673 princeps
787 632 853 673 ipse
866 641 941 664 cum
961 631 1141 672 legionibus
1157 631 1341 662 decucurrit
1356 630 1384 669 ³3

51 678 215 711 tumulum
230 680 343 712 iterare
360 681 444 711 haud
459 681 576 712 visum.
593 683 624 711 et
637 683 756 711 cuncta
777 680 860 711 inter
877 680 1043 712 castellum
1058 679 1221 711 Alisonem
1242 688 1280 710 ac
1303 678 1384 710 Rbe-

53 734 129 758 num
147 728 240 758 novis
254 727 409 758 limitibus
425 728 657 768 aggeribusque
674 728 867 768 permunita.

94 777 177 805 VIII.
204 779 339 815 Jamque
355 775 463 806 classis
477 775 668 814 advenerat,
685 784 785 814 (inum
802 774 968 815 przemisso
988 776 1170 805 commeatu
1184 775 1217 805 et
1231 773 1385 805 distribu-

50 820 92 852 tis
107 820 140 852 in
155 821 296 861 legiones
313 831 350 853 ac
370 823 473 853 socios
489 823 637 862 navibus,
657 823 789 861 fossam,
801 822 853 853 cui
864 823 1053 853 Drusianoe
1066 830 1180 852 nomen
1193 845 1201 860 ‚
1222 821 1385 860 ingressus

52 871 267 908 precatusque
289 871 430 900 Drusum
458 872 598 909 patrem,
620 872 659 900 ‘ut
678 878 712 901 se
731 870 851 901 eadem
873 878 1000 900 ausum
1026 869 1133 899 libens
1154 869 1386 908 placatusque

49 916 204 956 exemplo
227 925 267 947 ac
288 919 453 948 memoria
469 918 691 948 comitiorum
706 919 810 958 atque
825 917 1137 957 operumjzwaret,
1158 916 1248 946 lucus
1267 914 1341 945 inde
1352 916 1384 946 et

51 965 215 994 Oceanum
226 973 329 1004 usque
342 964 380 995 ad
398 964 547 995 Amisiam
563 965 681 995 tlumen
697 965 838 996 secunda
851 964 1053 1003 navigatione
1065 963 1262 1003 pervehitur.
1274 961 1386 994 classis

53 1010 178 1042 Amisiae
193 1011 315 1050 relicta,
327 1012 406 1043 laevo
421 1021 515 1043 amne
529 1024 537 1051 ;
555 1016 760 1052 erratumque
776 1012 807 1043 in
824 1021 860 1043 eo
871 1036 880 1051 ‚
898 1011 985 1051 quod
1002 1020 1063 1041 non
1080 1010 1232 1041 subvexit
1248 1009 1386 1041 ¹.‘trans-

55 1058 164 1094 {osuit
184 1058 321 1089 militem
347 1059 476 1090 dextras
503 1059 534 1089 in
556 1062 657 1090 terras
680 1059 814 1091 iturum.
839 1060 883 1090 ita
903 1059 1011 1099 plures
1026 1057 1092 1089 dies
1109 1056 1286 1088 esth-iendis
1303 1065 1384 1097 pon-

50 1102 137 1136 tibus
154 1105 324 1145 absumpti.
351 1109 382 1137 et
406 1115 505 1146 eques
531 1106 662 1146 quidem
687 1116 724 1137 ac
750 1107 890 1145 legiones
916 1105 1018 1146 prima
1043 1104 1212 1144 aestuaria,
1243 1103 1386 1134 nondum

51 1155 256 1183 accrescente
275 1152 380 1190 unda,
405 1153 555 1192 intrepidi
572 1154 725 1184 transiere
748 1163 753 1183 :
777 1156 974 1193 postremum
992 1152 1185 1183 auxiliorum
1207 1159 1320 1191 agmen
1334 1154 1387 1182 Ba-

52 1198 180 1238 :avique
210 1199 240 1229 in
264 1202 354 1237 parte
379 1199 455 1238 ea',
482 1199 559 1229 dum
588 1200 745 1230 insultant
771 1200 862 1239 aquis
888 1202 1054 1239 artemque
1078 1199 1173 1229 nandi
1201 1197 1385 1235 ostentant,

49 1244 168 1276 turbati
185 1247 217 1276 et
232 1245 363 1285 quidam
382 1246 488 1276 hausti
504 1247 589 1276 sunt.
616 1246 750 1277 Metanti
767 1248 871 1277 castra
888 1246 1003 1277 Caesari
1023 1245 1034 1263 ³
1051 1245 1312 1285 Angrivariorum
1327 1245 1384 1276 de·

49 1290 145 1323 sectio
167 1301 185 1322 a
207 1293 296 1332 tergo
324 1293 502 1323 nuntiatur.
522 1293 637 1324 missus
654 1293 738 1324 illico
756 1294 927 1325 Stertinius
944 1301 1018 1323 cum
1041 1294 1148 1332 equite
1170 1296 1201 1323 et
1221 1294 1383 1323 armatura

49 1338 133 1378 levi,
148 1338 219 1379 igne
233 1341 265 1370 et
284 1339 428 1370 eaedibus
446 1340 613 1379 perfidiam
638 1340 724 1371 ultus
741 1342 800 1371 est.

90 1388 140 1417 lx.
169 1386 300 1417 Flumen
320 1386 462 1425 Visurgis
490 1390 650 1418 Romanos
668 1388 911 1426 Cheruscosque
929 1385 1143 1418 interfluebat.
1170 1385 1238 1425 ejus
1258 1385 1291 1416 in
1315 1385 1383 1425 ripa

48 1441 122 1463 (um
140 1433 256 1464 ceteris
272 1433 467 1473 primoribus
482 1433 644 1465 Arminius
660 1434 777 1473 astitit,
794 1434 995 1474 quaesitoque
1009 1442 1053 1464 an
1072 1435 1191 1464 Coesar
1207 1434 1352 1464 venisset
1367 1435 1383 1463 ‚³

47 1482 217 1520 postquam
240 1480 358 1512 adesse
376 1489 566 1519 responsum
584 1485 653 1520 est,
671 1483 711 1512 ¹ut
727 1482 845 1513 liceret
861 1480 1068 1521 cumfratre
1091 1480 1240 1520 colloqui
1262 1480 1379 1511 oravit.

47 1528 115 1557 erat
123 1526 149 1558 is
164 1527 196 1558 in
209 1527 365 1566 exercitu,
383 1531 595 1565 cognomento
614 1529 740 1560 Flavius
756 1528 923 1569 ¹‚insignis
934 1528 995 1559 fide
1011 1530 1042 1559 et
1056 1527 1174 1558 amisso
1190 1536 1245 1567 per
1262 1526 1382 1559 vulnus

46 1573 140 1605 oculo
153 1574 264 1615 paucis
275 1576 349 1606 ante
365 1574 471 1614 annis,
483 1575 566 1606 duce
577 1575 715 1606 Tiberio.
730 1577 799 1606 tum
812 1576 1004 1616 permissum
1017 1587 1025 1614 ;
1044 1583 1290 1616 progressusque
1298 1573 1381 1605 salu-

45 1620 132 1652 tatur
146 1621 187 1652 ab
205 1622 349 1652 Arminio
367 1633 373 1652 2
390 1622 459 1662 qni,
474 1622 591 1653 amotis
605 1623 828 1663 stipatoribus,
844 1625 886 1655 ut
899 1624 1071 1663 saqittarit
1091 1624 1209 1653 nostra
1225 1630 1288 1661 pro
1304 1623 1381 1661 ripa

13 1692 15 1694 -
46 1667 205 1709 dispositi
219 1669 450 1703 abscederent,
466 1670 620 1709 postulat,
638 1673 669 1700 et
681 1674 850 1710 postquam
862 1669 1007 1709 digressi,
1018 1669 1110 1701 uncle
1119 1678 1158 1700 ea
1173 1668 1381 1708 deformitas

46 1718 140 1747 oris?
154 1715 329 1756 interrogat
344 1716 485 1748 fratrem.
504 1717 558 1747 illo
572 1717 678 1748 locum
696 1720 726 1749 et
743 1717 894 1758 proelium
915 1718 1070 1748 referente
1084 1741 1092 1756 ,
1105 1716 1280 1757 quodnam
1291 1724 1380 1756 prce-

45 1764 155 1794 mium
167 1765 374 1803 recepisset?
387 1764 540 1803 exquirit.
554 1764 683 1795 Flavius
694 1766 798 1796 aucta
808 1764 994 1805 stipendia,
1007 1767 1160 1804 torquem
1171 1766 1203 1794 et
1217 1771 1380 1795 coronam

46 1809 185 1851 aliaque
207 1811 380 1842 vaticaria
400 1810 491 1842 <lona
515 1814 694 1849 memorat,
713 1811 865 1844 irridente
881 1811 1026 1843 Arminio
1039 1811 1115 1842 vilia
1131 1811 1252 1842 servitii
1265 1810 1377 1850 pretia.

87 1859 124 1888 X.
148 1856 228 1888 Exin
248 1857 367 1888 diversi
386 1857 558 1889 ordiuntur
577 1867 584 1887 z
606 1858 657 1888 liic
673 1858 949 1898 maqm'tudinem
978 1861 1184 1896 Romanam,
1213 1866 1290 1897 opes
1315 1859 1379 1889 Θω-

45 1904 138 1935 saris
152 1905 185 1935 et
199 1905 299 1935 victis
316 1912 438 1943 qraves
450 1913 582 1943 poenas,
597 1906 632 1935 in
653 1904 861 1937 deditionem
883 1907 1030 1937 venienti
1039 1907 1211 1945 paratam
1231 1905 1378 1936 clemen-

46 1950 134 1981 tiam
143 1961 157 1990 ,·
172 1958 278 1991 neque
293 1951 470 1990 conjuqem
486 1952 521 1981 et
526 1950 648 1990 filium
665 1951 738 1990 ejus
752 1951 926 1984 hostiliter
942 1951 1061 1984 haberi
1076 1963 1085 1982 :
1100 1950 1222 1990 illesas
1234 1952 1376 1992 patrioe,

9 2009 11 2011 ¹
46 1995 240 2030 libertatem
257 1999 408 2037 avitam,
420 1998 619 2038 penetrales
641 1999 838 2030 Germam'oe
861 1998 940 2030 deos
957 1998 983 2038 ¹,
1006 2001 1156 2030 matrem
1165 2006 1309 2038 precum
1329 2007 1379 2030 so-

74 2088 131 2114 vu.
150 2095 170 2114 ι.
194 2090 216 2115 Α
237 2095 313 2119 patre
327 2090 384 2120 elus
403 2091 488 2114 Druso
501 2109 507 2120 ‚
529 2090 562 2114 ad
577 2091 744 2115 confluentes
762 2089 876 2115 Alisonis
891 2090 995 2120 (Aimaei
1008 2091 1036 2114 et
1050 2091 1239 2121 1,upp{ae.-2.
1254 2091 1282 2114 In
1297 2091 1376 2117 Drusi

43 2122 174 2148 honorem
193 2126 317 2155 posnam.
332 2137 360 2142 —
377 2130 397 2148 s.
415 2125 551 2154 Ejusmodi
567 2126 741 2150 decursiones
757 2124 886 2151 funebres
905 2125 1097 2150 describuntur
1111 2126 1144 2150 ab
1160 2126 1276 2150 Homero
1294 2126 1377 2152 Iliade

45 2154 95 2192 Ψ,
109 2164 123 2183 a
136 2165 220 2190 seqq..
237 2160 346 2189 Virgilio
368 2161 471 2185 AEneid.
488 2161 538 2189 XI,
556 2167 603 2185 ias.

75 2194 141 2218 Vlll.
156 2200 176 2218 ι.
190 2196 249 2219 Non
267 2195 382 2219 adverso
398 2196 506 2220 flumine
524 2197 598 2221 vexit
609 2196 721 2221 classem
736 2197 769 2221 ad
781 2203 843 2221 eum
855 2202 942 2227 usque
958 2196 1056 2225 locum.
1068 2197 1114 2222 ubi
1127 2196 1226 2221 milites
1240 2197 1266 2221 in
1281 2197 1376 2222 dextra

45 2229 104 2259 ripa
117 2232 289 2259 exponeret:
306 2231 354 2255 sed
379 2232 558 2261 transposuit
583 2238 630 2256 eos
652 2238 700 2261 per
722 2233 828 2262 pontes.
841 2244 868 2248 ——
881 2237 905 2256 ει.
920 2232 984 2257 scil.
1008 2234 1154 2257 exercitus.
1174 2245 1202 2251 —-
1223 2238 1246 2256 s.
1261 2233 1320 2257 Jam
1340 2233 1375 2257 ad

45 2263 195 2294 Visurgim,
214 2271 268 2296 quo
282 2266 340 2290 sine
359 2266 436 2291 hoste
458 2272 616 2298 progressus
630 2273 689 2292 esse
700 2267 830 2292 videtur:
851 2273 914 2293 nam
933 2267 1086 2298 Angrivarii
1104 2268 1180 2293 locos
1191 2269 1262 2294 inter
1282 2268 1374 2292 Visur-

45 2300 100 2330 gim
113 2300 141 2324 et
151 2300 280 2325 Amisiam
295 2301 438 2327 tenebant.

76 2334 122 2374 ηε.
144 2339 166 2358 ι.
191 2336 228 2359 Ex
248 2342 301 2366 quo
323 2338 432 2362 nomine
454 2339 654 2369 intelligeretur
672 2339 786 2364 civitate
805 2340 924 2364 Romana
947 2339 1076 2365 donatum
1099 2340 1181 2363 fuisse
1195 2345 1202 2363 :
1216 2338 1263 2362 sed
1277 2343 1372 2362 manu-

44 2370 161 2430 ’egistus
163 2370 253 2431 1code?
267 2372 381 2404 Flavus,
393 2379 446 2404 quo
459 2373 492 2400 ab
505 2374 595 2400 colore
609 2375 769 2406 capillorum
780 2375 920 2401 Germanis
933 2376 1043 2406 proprio
1058 2375 1169 2400 ductum
1181 2373 1264 2399 videri
1272 2373 1372 2403 potest.

105 2422 108 2427 .
129 2410 149 2429 ι.
183 2411 233 2430 ena
248 2411 285 2432 es.
