1539 2668
499 146 545 176 <Aa
566 145 660 174 EG.
685 145 759 174 811.
781 146 819 174 Α..
843 146 879 174 C.
904 145 942 175 ⁵8
1336 142 1399 177 203

68 237 84 252 «
100 223 250 256 libertate
263 220 424 253 senatoria
437 218 599 258 crederet,
617 219 682 250 tam
698 219 782 250 levia
794 218 1055 250 consectaretur?
1068 217 1148 258 quin
1157 217 1169 236 ²
1188 218 1229 250 de
1243 218 1327 250 bello
1341 221 1400 251 aut

69 285 86 300 «
100 279 203 312 pace,
217 269 257 301 de
272 267 531 308 vectigalibuset
544 266 685 306 legibus,
713 266 893 306 quibusque
915 265 986 297 aliis
1011 269 1156 297 Romana
1177 266 1398 304 continentur,

70 331 85 347 «
103 318 241 350 suadere
257 315 504 347 dissuadereve?
525 314 634 346 Licere
660 313 808 344 Patribus
820 337 829 353 ‚
851 313 978 353 quoties
990 312 1044 352 jus
1061 311 1207 344 dicendae
1230 312 1403 344 sententiae

71 380 86 394 «
104 365 324 405 accepissent,
345 371 419 403 quae
435 361 573 400 vellent,
593 369 782 401 expromere
798 360 824 400 ³,
853 360 1107 400 relationemque
1123 359 1212 392 inea
1226 360 1400 401 postulare.

38 433 43 445 2
70 427 86 441 «
105 422 146 444 an
163 412 269 444 solum
284 409 509 442 emendatione
524 409 678 448 dignum,
696 417 736 439 ne
751 407 916 448 Syracusis
932 407 1116 448 spectacula
1135 407 1252 447 largius
1273 407 1404 438 ederen-

70 472 85 487 «
105 463 178 492 tur?
194 462 300 490 cetera
314 466 371 497 per
387 465 499 487 omnes
513 455 640 496 imperii
659 458 766 496 partes
781 455 912 496 perinde
926 454 1049 495 egregia
1065 463 1163 495 quam
1177 455 1206 486 si
1222 463 1287 485 non
1300 458 1383 486 Nero
1393 480 1403 496 ,

71 522 87 535 ,1
106 506 163 538 sed
191 506 329 536 Thrasea
356 503 500 544 regimen
534 511 645 534 eorum
676 505 819 534 teneret?
845 502 961 543 quodsi
987 511 1116 533 summa
1145 501 1406 533 dissimulatione

72 567 87 580 «
108 552 415 589 transmitterentur,
427 551 549 590 quanto
562 550 664 590 magis
679 550 829 581 inanibus
840 549 1089 581 abstinendum?
1098 562 1114 576 »
1126 549 1265 580 Thrasea
1278 550 1404 588 contra,

72 601 230 631 rationem
257 598 463 639 poscentibus
491 597 602 628 amicis
617 621 625 637 ,
646 610 662 624 11
679 606 742 628 non
762 597 970 637 praesentium
988 596 1133 636 ignarum
1151 609 1165 623 n
1193 595 1408 636 respondebat

74 659 88 672 «
108 646 264 685 ejusmodi
292 645 441 677 consulta
464 644 644 684 corrigere,
663 645 719 675 sed
743 646 873 675 Pati-nm
901 643 1014 675 honori
1027 643 1123 682 dare,
1145 645 1183 675 ut
1199 643 1408 675 manifestum

73 707 88 722 ,1
107 694 196 725 tieret
219 701 408 733 magnarum
426 700 533 723 rerum
549 700 662 722 curam
680 700 745 722 non
771 691 1049 730 dissimulaturos,
1067 691 1122 731 qui
1142 691 1289 722 animum
1309 690 1408 722 etiam

75 754 91 768 u
108 741 279 772 levissimis
292 741 506 771 adverterent.
523 752 538 766 »

116 792 149 819 L.
176 788 294 819 Eodem
312 796 396 818 anno
416 786 539 817 crebris
565 786 675 826 populi
694 784 946 825 flagitationibus
963 785 1202 815 immodestiam
1220 784 1409 824 publicano-

74 844 145 866 rum
172 836 356 875 arguentis,
385 833 550 865 dubitavit
574 837 657 864 Nero
672 842 717 864 1111
731 834 858 863 cuncta
876 832 1061 870 vecltqalta
1090 832 1224 862 onztltt¹
1245 832 1409 871 juberet,

74 881 176 922 idque
202 881 480 922 pulcherrimum
504 880 632 912 donum
660 881 774 921 (Jem’ri
796 878 1000 909 mortalium
1032 877 1146 909 daret.
1171 879 1227 909 sed
1253 879 1411 918 impetum

74 929 161 968 ejus,
196 929 336 959 multum
368 928 457 968 prius
485 927 614 959 laudata
638 926 878 967 maqnilztdine
896 927 1023 963 (zizimi,
1043 925 1200 956 attinuere
1225 930 1409 965 senatores,

73 975 334 1007 dissoluttonenz
359 977 494 1015 imperii
513 974 524 992 ²
542 974 688 1006 docendo
702 999 711 1013 ‚
731 987 746 1000 «
763 974 788 1003 si
805 974 947 1011 fructus,
971 972 1088 1012 quibus
1111 972 1288 1012 respublica
1315 976 1412 1006 susti-

77 1034 93 1048 «
110 1025 255 1061 nerctur,
275 1023 552 1053 diminuerentur:
568 1022 687 1062 quippe
699 1045 707 1061 ,
723 1020 858 1052 sublatis
879 1019 1029 1059 portoriis
1042 1019 1069 1058 ³,
1083 1028 1235 1058 sequens,
1251 1024 1286 1050 ut
1312 1022 1411 1053 tribu-

77 1083 93 1097 «
112 1071 220 1101 torum
237 1070 246 1087 s·
283 1070 415 1101 abolitio
444 1070 714 1109 expostularetur.
742 1069 909 1107 plerasque
946 1067 1153 1106 vectigalium
1172 1067 1344 1099 societates
1366 1070 1376 1086 f*
1395 1079 1414 1100 a

79 1130 96 1144 «1
113 1116 299 1147 consulibus
315 1120 346 1146 et
362 1115 502 1146 tribunis
518 1116 620 1155 plebis
640 1115 842 1152 constitutas,
861 1114 927 1145 acri
944 1114 1042 1145 etiam
1058 1114 1167 1154 populi
1193 1116 1329 1146 Romani
1343 1118 1413 1148 tum

79 1176 95 1190 «
115 1163 282 1201 libertate3
314 1163 437 1202 reliqua
460 1170 536 1192 mox
555 1162 600 1193 ita
628 1162 777 1202 prox-isa,
807 1164 842 1192 ut
868 1162 951 1191 ratio
973 1163 1160 1201 quaestuum
1182 1164 1213 1192 et
1240 1163 1414 1194 necessitas

80 1223 95 1236 «
113 1210 337 1249 erogationum
353 1210 434 1240 iuter
452 1217 486 1240 se
501 1210 724 1248 congruerent.
741 1207 964 1247 temperandas
980 1208 1074 1247 plane
1099 1208 1344 1247 publicanorum
1358 1220 1414 1240 cn-

81 1270 97 1284 «
115 1257 240 1297 pidines
254 1281 261 1295 ,
280 1266 318 1287 ne
347 1266 403 1295 per
420 1257 470 1286 tot
489 1265 591 1286 annos
616 1256 684 1287 sine
712 1255 840 1295 querela
863 1255 998 1286 tolerata
1021 1255 1115 1285 novis
1133 1255 1360 1287 acerbitatibus
1375 1257 1416 1288 ad

82 1318 97 1331 e<
115 1304 271 1335 111111113111
291 1305 465 1334 verterent.
485 1315 513 1333 υ.

122 1355 170 1382 LI.
198 1355 277 1389 Ergo
302 1349 403 1380 edixit
430 1349 600 1389 Princeps,
621 1362 634 1375 κ
651 1350 685 1379 ut
708 1349 793 1387 leges
817 1349 974 1388 cujusque
992 1347 1115 1388 publici
1136 1349 1159 1387 ¹,
1175 1350 1309 1380 occultae
1326 1350 1366 1380 ad
1383 1349 1415 1380 id

83 1412 97 1425 «
116 1401 260 1437 tempus,
280 1397 558 1437 proscriberentur
576 1395 586 1413 ²
602 1406 610 1434 ;
629 1396 764 1427 omissas
782 1396 952 1435 petitiones
965 1395 976 1411 ³³
1004 1404 1067 1426 non
1083 1396 1167 1426 ultra
1188 1406 1309 1427 annum
1327 1406 1417 1428 resu-

82 1460 96 1473 «‹
116 1447 258 1482 merent;
286 1448 396 1474 Romae
414 1447 544 1483 praetor,
572 1452 628 1483 per
657 1443 860 1483 provincias,
889 1442 944 1482 qui
972 1451 1028 1482 pro
1054 1445 1192 1483 praetore
1210 1446 1267 1474 aut
1285 1444 1418 1476 consule

83 1508 97 1519 «
117 1494 242 1530 essent,
263 1491 338 1531 jura
353 1491 508 1522 adversus
524 1491 714 1530 publicanos
734 1492 824 1521 extra
842 1490 988 1521 ordinem
1006 1489 1015 1507 ⁴
1048 1490 1238 1529 redderent;
1259 1491 1418 1522 militibus

86 1555 98 1567 «ι
119 1539 308 1570 immunitas
325 1541 522 1575 servaretur,
538 1538 601 1569 nisi
618 1538 650 1568 iu
668 1538 707 1569 iis
729 1547 802 1577 qnae
820 1546 901 1567 veno
915 1541 1101 1568 exercerent
1119 1538 1129 1555 '³
1144 1548 1152 1576 ;
1169 1550 1184 1565 »
1209 1538 1335 1578 aliaque
1360 1538 1418 1569 ad·

83 1587 215 1619 modum
236 1594 328 1625 3111113
343 1610 350 1624 ,
365 1594 436 1625 quae
450 1584 540 1617 brevi
552 1589 679 1617 servata
691 1609 699 1623 ,
710 1585 783 1616 dein
799 1586 917 1616 frustra
935 1584 1043 1615 liabita
1054 1584 1066 1601 ‘⁵
1085 1588 1172 1616 sunt.
1188 1588 1297 1617 manet
1310 1588 1418 1617 tamen

83 1633 216 1666 abolitio
233 1633 485 1672 quadragesima·
505 1632 847 1672 quinquagesimaeque
860 1632 886 1671 7,
901 1634 932 1663 ct
948 1640 1022 1671 quae
1035 1631 1096 1662 alia
1116 1633 1418 1663 exactionibusiili-

83 1681 156 1712 citis
173 1680 302 1710 uomina
320 1679 485 1720 publicani
499 1679 703 1711 invenerant.
728 1681 919 1719 Temperata
935 1678 1022 1719 apud
1042 1681 1275 1722 transn‘iarinas
1291 1680 1416 1719 provin-

84 1728 149 1759 cias
169 1727 323 1758 frumenti
339 1726 506 1758 subvectio
519 1726 530 1743 ⁸
547 1737 556 1765 ;
573 1728 605 1757 et
618 1734 660 1758 ne
673 1726 825 1758 censibus
843 1727 1097 1766 neqotiatorum
1113 1726 1124 1744 9
1150 1735 1254 1758 naves
1271 1726 1420 1758 ascribe-

86 1776 212 1806 rentur
235 1773 476 1814 tributumque
492 1782 558 1814 pro
583 1773 656 1805 illas
672 1773 883 1814 penderent,
899 1773 1125 1805 constitutum.

88 1868 166 1894 rium,
183 1866 338 1889 commissio
354 1865 414 1888 fieri
428 1865 635 1894 praecipiebatur
647 1872 652 1888 ε
664 1866 725 1893 nisi,
743 1866 815 1894 qnod
832 1866 974 1894 probabile
991 1867 1047 1895 est,
1062 1867 1157 1895 postea
1171 1866 1230 1890 aliis
1246 1867 1332 1891 modis
1351 1872 1418 1891 con-

87 1903 220 1929 stitutum.
236 1913 260 1917 —
272 1904 293 1923 0.
308 1901 362 1924 Cur
370 1906 436 1923 non.
454 1906 506 1924 —5.
521 1901 597 1930 Quod
611 1900 754 1924 dicebatur
766 1901 864 1930 effredi
879 1901 1056 1925 sententiam
1070 1909 1076 1915 ·
1091 1907 1116 1925 v.
1132 1902 1164 1930 11,
1178 1907 1217 1925 58.

118 1941 144 1963 L.
162 1943 182 1961 1.
200 1936 349 1960 Aboleri.—
361 1940 383 1959 2.
397 1936 439 1960 Sc.
452 1935 520 1960 fore.
539 1949 568 1953 —
581 1942 602 1959 5.
617 1936 756 1960 portoria
775 1942 829 1960 non
843 1936 928 1960 solnm
940 1938 1003 1960 sunt
1013 1937 1156 1966 vectigatia
1170 1943 1260 1960 rerum
1273 1939 1366 1966 portus
1378 1938 1421 1961 in-

89 1973 230 2000 trantium,
251 1971 300 1995 sed
327 1971 418 1995 omnia
435 1971 481 1995 illa
498 1977 558 2001 qnae
585 1971 665 1995 hodie
680 1971 809 1995 dicuntur
830 1972 938 2001 permees.
963 1985 990 1988 —
1003 1977 1024 1995 ⁴.
1050 1972 1199 1996 Provinciis
1219 1973 1420 2002 impositorum-

88 2014 154 2033 -e.
174 2008 217 2031 Sc.
238 2006 441 2036 exigendorum.
455 2006 619 2036 Respublica
637 2008 713 2031 certo
731 2007 820 2036 pretio
836 2007 976 2035 Equitibus
997 2007 1106 2031 locabat
1128 2008 1290 2037 vectigalia.
1312 2014 1372 2038 quae
1382 2010 1422 2034 1111

88 2044 244 2074 exigerent,
262 2041 416 2071 publicani
433 2042 514 2071 dicti,
530 2048 584 2066 non
602 2043 739 2066 absimiles
755 2043 927 2066 nostratibus
943 2043 1007 2067 otim
1015 2042 1156 2072 formiam
1169 2043 1325 2074 ye'ne'rauoe.

118 2080 160 2105 Li.
179 2084 200 2106 1,
211 2077 371 2106 Publicum,
384 2078 457 2108 quod
471 2080 512 2102 est
524 2078 688 2108 reipublicae,
697 2078 770 2108 quod
783 2078 819 2102 ad
829 2078 1027 2108 rempublicam
1043 2080 1134 2104 redire
1147 2080 1243 2108 debet;
1255 2080 1318 2105 binc
1334 2081 1420 2111 signi-

89 2116 155 2141 ficat
170 2111 270 2143 impet.
282 2118 346 2137 -2.
369 2113 480 2138 Publice
506 2114 568 2139 1000
593 2114 702 2143 scriptae
720 2116 952 2144 proponerentur.
966 2127 993 2132 -—
1005 2121 1027 2139 5-
1050 2117 1094 2140 Sc.
1116 2115 1211 2140 debiti.
1226 2128 1256 2132 -
1272 2121 1285 2139 ⁴
1310 2116 1339 2140 111
1361 2118 1420 2145 est,

90 2152 154 2175 ante
173 2149 224 2173 alia
243 2149 350 2178 negotia
362 2153 422 2178 quae
435 2149 509 2178 prius
523 2149 557 2172 ad
572 2149 692 2178 judicem
707 2149 796 2174 delata
812 2151 916 2174 essent.
929 2163 957 2167 -
967 2156 989 2174 ε.
1004 2151 1069 2180 Quae
1084 2152 1238 2175 tractarent
1252 2152 1420 2181 negotiando

91 2187 119 2210 et
131 2186 243 2214 quaestu.
258 2184 399 2209 Exercere
410 2185 510 2209 dicitur
526 2185 559 2209 de
573 2185 716 2209 tractanda
729 2192 758 2209 re
775 2191 834 2215 quae
849 2186 976 2213 producit
987 2186 1104 2216 aliquid,
1116 2189 1146 2211 ut
1158 2193 1292 2211 exercere
1306 2193 1420 2217 (tyrum.

92 2225 143 2243 -e.
159 2220 309 2248 masnata,
327 2219 470 2244 elusa.-7.
485 2220 719 2253 Quadraqesz'ma
733 2222 740 2250 ζ
745 2227 806 2250 pars
819 2222 948 2245 mercium
962 2223 1168 2252 translatarum)
1179 2224 1240 2247 erat
1253 2224 1421 2253 portorium;

92 2256 223 2283 praeterea
238 2254 357 2283 Caligula
383 2256 540 2280 instituerat
565 2257 816 2286 quadrayesimum
842 2257 939 2281 littam
955 2262 1058 2285 (rerum
1076 2258 1110 2282 de
1127 2258 1224 2288 quibus
1247 2258 1279 2281 ad
1302 2257 1422 2282 tribunal

93 2289 209 2318 ibatur);
224 2289 280 2313 haec
297 2290 474 2319 intelligenda
497 2291 615 2321 videtur,
637 2292 698 2320 quia
721 2292 872 2321 portorium
897 2293 978 2316 etiam
994 2295 1060 2323 post
1077 2295 1214 2318 Neronem
1237 2294 1419 2317 memoratur.

95 2323 339 2357 Quinquaqesz'ma
358 2332 416 2356 quae
428 2326 518 2355 tuerit,
533 2333 587 2351 11011
602 2330 721 2352 constat.
740 2328 868 2352 Ceterum
879 2334 942 2357 iquae
958 2331 1111 2358 sequuntur
1128 2330 1239 2353 dubium
1254 2329 1373 2352 reddunt
1386 2332 1424 2352 an

95 2360 128 2382 de
149 2358 282 2383 alterutra
300 2360 405 2385 illarum
420 2363 690 2392 quadragesimarum
705 2364 820 2393 cogitari
842 2365 976 2393 oporteat.
991 2376 1019 2382 »-
1032 2370 1054 2388 a.
1068 2365 1106 2388 Ex
1120 2364 1269 2393 provinciis
1284 2365 1401 2388 Romam

94 2399 126 2417 ea
140 2396 231 2419 autem
238 2401 291 2425 ,per
301 2396 464 2426 publicanos
474 2398 652 2423 incommoda
663 2401 694 2424 ct
704 2401 795 2430 gravis
811 2399 1048 2424 reddebetum-va.
1056 2400 1106 2424 isc.
1118 2400 1263 2425 frumenti.
