1539 2668
515 165 550 194 A.
575 165 612 194 U.
637 165 672 193 C.
698 164 769 194 823.
791 165 828 193 Α.
852 166 887 194 C.
912 166 963 195 70.
1339 169 1398 199 387

71 241 374 278 :eprimoAntonio
389 243 536 279 Varoque
549 237 640 268 Arrio
653 260 662 276 ‚
685 245 768 277 quos
785 239 931 270 recentes
950 238 1120 278 clarosque
1138 248 1245 271 rerum
1263 240 1346 272 fama
1359 250 1400 272 ac

82 292 219 322 militum
235 288 350 322 studiis
363 287 459 319 etiam
473 284 612 325 populus
627 284 778 323 fovebat,
800 285 875 324 quia
893 286 926 316 in
941 285 1102 317 neminem
1120 287 1203 317 ultra
1220 288 1321 318 aciem
1339 297 1399 320 sae·

81 338 213 369 vien-ant*
234 339 265 367 et
279 335 440 366 ferebatur
452 333 611 364 Antonius
625 331 872 362 Scribonianum
887 336 1035 364 Crassum
1050 357 1058 371 ,
1071 333 1205 372 egregiis
1221 335 1399 374 maioribus

80 386 111 415 et
130 382 288 415 fraterna⁴
309 381 446 420 imagine
462 380 637 419 fulgentem
650 402 658 416 ,
678 378 715 409 ad
734 380 959 417 capessendam
979 380 1211 420 rempublicam
1230 381 1375 413 hortatus
1389 406 1398 421 ‚

81 431 164 462 haud
182 431 329 462 defutura
352 427 556 458 consciorum
579 435 676 456 manu
689 449 697 463 ‚
721 425 753 455 ni
773 426 1000 458 Scribonianus
1019 427 1205 465 abnuisset,
1224 436 1264 458 ne
1282 430 1400 468 paratis

79 477 210 517 quidem
225 475 386 515 corrumpi
404 474 507 504 facilis
520 498 528 512 ,
547 473 627 504 adeo
640 472 651 490 ⁵
681 475 826 503 meluens
851 473 983 506 incerta.
1008 474 1103 513 igitur
1119 474 1287 505 Mucianus
1298 499 1307 513 ,
1322 476 1399 515 quia

80 525 241 565 propalam
258 522 395 563 opprimi
413 521 570 552 Antonius
589 519 762 559 nequibat,
781 519 892 551 multis
909 521 940 551 in
961 522 1074 552 senatu
1094 520 1239 552 laudibus
1258 523 1401 552 cumula—

79 574 147 602 tum
167 570 298 601 seeretis
322 568 468 610 promisis
485 568 613 604 onerat,
633 568 826 597 ememor-em
848 569 1055 607 Hispaniam
1068 569 1234 598 ostentans
1251 568 1401 600 discessu

81 618 192 649 Cluvii
203 617 278 657 Rufi
293 624 440 648 vacuam
447 627 459 654 ,-
472 615 565 645 simul
581 613 693 644 amicis
702 613 769 652 ejus
781 613 963 644 tribunatus
973 614 1241 654 praefecturasque
1255 615 1397 655 largitur.

77 665 151 695 dein
170 666 340 704 postquam
357 662 507 694 inanem⁶
527 661 671 692 animum
686 669 740 700 spe
757 662 789 691 et
805 661 954 700 cupidine
967 661 1174 701 impleverat,
1191 661 1277 693 vires
1293 662 1402 694 abolet

77 711 206 742 dimissa
228 711 261 741 in
284 710 416 741 hiberna
438 708 562 748 legione
585 708 721 747 septima
735 731 744 745 ‚
763 708 853 746 eujus
872 708 1140 747 flagrantissimus
1164 709 1197 739 in
1222 708 1400 740 Antonium

77 766 178 789 amor.
193 759 225 789 et
239 757 333 788 tertia
347 756 428 795 legio
439 779 447 793 ,
467 755 632 786 familiaris
649 754 739 785 Arrio
754 757 838 785 varo
854 755 964 794 miles,
980 755 1012 785 in
1028 755 1152 794 Syriam
1170 756 1311 786 remissa.
1328 764 1401 795 pars

77 805 235 836 exereitus
252 805 284 834 in
304 804 490 835 Germanias
513 801 702 832 ducebatur.
725 801 771 831 sic
796 804 904 840 egesto
927 802 1082 841 quiequid
1106 802 1297 843 turbidum,
1316 803 1400 834 redit

77 851 153 883 Urbi
169 861 228 883 sua
244 852 346 882 forma
361 851 510 889 legesque
527 850 559 879 et
576 848 688 878 munia
703 847 961 887 magistratuum.

117 901 178 929 XL.
203 902 275 938 Quo
299 897 350 928 die
367 898 516 928 senatum
534 895 692 934 ingressus
708 897 758 925 est
783 894 1009 933 Domitianus,
1034 893 1075 925 de
1101 894 1259 926 absentia
1280 897 1400 935 patris

69 944 269 986 fratrisque
293 953 334 976 ae
346 944 497 983 juventa
514 951 579 974 sua
598 950 700 981 pauca
719 943 752 972 et
770 942 899 972 modica
921 941 1091 980 disseruit,
1111 941 1247 973 decorus
1265 942 1398 981 habitu;

75 993 107 1023 et
121 991 238 1031 ignotis
255 991 362 1022 adhuc
375 990 520 1022 moribus
536 988 647 1020 crebra
659 989 723 1019 oris
739 988 904 1019 οοηΐιιείοι
924 997 982 1028 pro
996 987 1154 1018 modestia
1168 989 1398 1029 accipiebatur.

74 1039 231 1070 referente
244 1042 369 1070 Caesare
385 1038 426 1069 de
441 1035 661 1068 restituendis
680 1035 797 1067 Galhae
809 1035 993 1066 honoribus
1003 1059 1011 1073 ‚
1028 1035 1152 1066 censuit
1167 1036 1295 1067 Curtius
1310 1040 1397 1067 Mon-

74 1088 169 1116 tanus
180 1087 218 1116 at
231 1086 362 1116 Pisonis
376 1092 507 1125 quoque
521 1084 684 1114 memoria
695 1082 941 1113 celebraretur.
954 1084 1061 1112 Patres
1073 1084 1243 1121 utrumque
1255 1084 1396 1122 jussere:

75 1131 114 1162 de
126 1132 239 1162 Pisone
253 1131 378 1162 irritum
393 1130 464 1160 fuit.
480 1132 548 1160 tum
563 1131 648 1159 sorte
659 1128 749 1159 ducti
763 1137 825 1168 per
838 1137 920 1169 quos
935 1128 1163 1160 redderentur
1178 1129 1265 1160 bello
1278 1132 1395 1170 rapta,

75 1179 204 1218 quique
220 1186 295 1209 aera
314 1178 427 1217 lequm
441 1176 451 1193 ²
470 1177 639 1207 velustate
653 1175 798 1215 delapsa
816 1178 992 1206 noscerent
999 1175 1224 1215 sinerentque,
1240 1179 1272 1207 et
1278 1176 1396 1215 fastos

73 1224 277 1256 adulatione
294 1226 486 1263 temporum
495 1222 645 1262 soedatos
656 1223 667 1239 ³
684 1224 936 1260 exonerarent,
955 1222 1160 1262 rmodumque
1175 1223 1321 1261 publicis
1335 1225 1397 1253 im-

70 1273 185 1310 pensis
201 1271 372 1311 sacerent.
401 1269 545 1300 redditur
560 1269 666 1300 Tertio
681 1268 809 1300 ,Iuliano
827 1270 967 1308 praetura
980 1292 988 1306 ,
1007 1271 1177 1308 postquam
1192 1269 1336 1308 cognitus
1350 1272 1397 1300 est

73 1317 112 1347 ad
128 1318 358 1358 Vespasianum
375 1316 555 1355 confugisse
578 1325 584 1345 z
609 1315 725 1354 Gripbo
746 1315 848 1345 honor
867 1315 994 1345 mansit.
1025 1316 1125 1354 repeti
1143 1315 1216 1345 inde
1239 1316 1394 1355 coguitio-

73 1364 165 1395 nem⁴
183 1365 266 1395 inter
281 1363 463 1394 Musonium
476 1363 595 1393 Rufum
612 1364 644 1392 et
661 1366 695 1393 P.
711 1362 853 1393 Celerem
871 1362 1001 1401 placuit,
1018 1363 1250 1401 damnatusque
1266 1363 1394 1393 Publius

71 1412 104 1443 et
119 1411 230 1442 Sorani
244 1410 393 1441 mauibus
407 1409 617 1440 satisfactum.
635 1408 768 1447 insignis
782 1408 910 1448 publiea
926 1408 1094 1439 severitate
1110 1409 1178 1439 dies
1196 1418 1233 1438 ne
1245 1409 1394 1448 privatim

71 1458 201 1498 quidem
214 1457 307 1488 laude
320 1456 422 1487 caruit
440 1466 447 1485 :
462 1456 588 1494 justum
605 1455 759 1485 indicium
775 1455 785 1473 ⁵
804 1456 946 1495 explesse
963 1456 1127 1486 Musonius
1144 1455 1326 1494 videbatur,
1344 1455 1393 1486 ‹li-

70 1512 165 1535 versa
181 1504 264 1535 fama
279 1504 441 1535 Demetrio
459 1503 611 1540 Cynicam
631 1503 754 1532 sectam
772 1502 954 1541 professofl,
973 1502 1059 1542 quod
1077 1502 1284 1533 manifestum
1303 1511 1393 1533 reum

70 1550 274 1581 ambitiosius
292 1559 390 1590 quam
408 1549 575 1580 honestius
592 1549 796 1580 defendisset.
818 1548 878 1588 ipsi
894 1549 1007 1580 Publio
1025 1558 1128 1589 neque
1144 1549 1269 1579 animus
1287 1549 1316 1579 iu
1339 1558 1393 1589 pe-

72 1597 180 1628 riculis
197 1606 300 1637 neque
317 1597 421 1628 oratio
437 1596 669 1636 suppeditavit.
689 1596 782 1634 signo
799 1596 933 1626 ultionis
948 1596 979 1626 in
997 1599 1200 1627 accusatores
1219 1596 1294 1626 dato
1315 1595 1395 1635 petit

68 1647 224 1675 aCaesare
240 1644 355 1675 Iunius
370 1644 534 1675 Mauricus
547 1643 556 1660 ⁷
580 1656 593 1669 «
614 1645 651 1674 ut
673 1642 981 1674 commentariorum
1007 1642 1229 1683 principalium
1253 1644 1393 1682 potesta-

71 1701 87 1715 «
104 1691 171 1721 tem
195 1691 319 1722 senatui
339 1691 474 1728 faceret,
496 1699 551 1730 per
568 1698 650 1729 quos
667 1692 815 1720 nosceret
831 1698 927 1729 quem
946 1681 1083 1729 quisq‘ue
1103 1690 1321 1720 accusandum
1340 1699 1393 1730 po-

72 1747 88 1762 «
108 1737 264 1776 poseisset
279 1750 293 1763 »
309 1761 318 1776 ,
337 1737 586 1768 consulendum
604 1737 668 1768 tali
686 1745 790 1776 super
810 1744 846 1767 re
865 1737 1060 1776 Principem
1080 1737 1255 1777 respondit.

110 1787 187 1815 XLI.
211 1786 346 1814 Senatus
362 1783 588 1814 inchoantibus
605 1783 800 1823 primoribus
814 1783 1040 1822 jusjurandum
1064 1784 1228 1823 concepit,
1245 1792 1308 1823 quo
1324 1791 1393 1814 eer-

69 1830 162 1861 tatim
180 1838 292 1861 omnes
313 1831 521 1869 magistratus
532 1854 541 1869 ,
559 1830 656 1861 ceteri
672 1830 696 1867 ¹,
715 1831 750 1859 ut
767 1829 958 1860 sententiam
975 1829 1182 1868 rogabantur,
1200 1830 1277 1860 deos
1291 1832 1394 1861 testes

66 1877 270 1908 advocabant
293 1877 381 1908 nihil
403 1885 464 1917 ope
480 1885 546 1908 sua
559 1876 725 1915 factum,
752 1884 818 1916 quo
843 1875 1051 1915 qu'usquam
1076 1876 1172 1906 salies
1191 1876 1390 1915 loederelur,

68 1932 178 1964 neque
191 1933 226 1955 se
237 1926 424 1964 proemium
437 1925 500 1954 aut
514 1923 676 1954 honorem
693 1931 736 1953 ex
747 1922 952 1953 calamitate
965 1923 1087 1953 civium
1104 1925 1239 1961 cepisse,
1258 1921 1392 1961 trepidis

65 1974 100 2003 et
114 1971 212 2002 verba
224 1971 434 2010 jurisjurandi
450 1980 506 2011 per
521 1970 624 2001 varias
642 1973 727 2000 artes
743 1968 957 2008 mutantibus,
975 1970 1049 2008 quis
1066 1968 1176 2008 flagitii
1195 1968 1391 2000 conscientia

68 2020 179 2050 inerat.
200 2019 380 2059 probabant
398 2017 606 2057 religionem²
624 2018 735 2048 Patres
748 2041 756 2055 ,
775 2016 953 2056 perjurium
970 2015 1158 2055 arguebant.
1183 2025 1284 2056 eaque
1302 2017 1390 2048 velut

67 2075 202 2098 censura
217 2067 251 2097 in
266 2066 463 2098 Sariolenum
478 2065 633 2096 Voculam
650 2066 682 2095 et
697 2064 836 2095 Nonium
850 2063 1019 2094 Actianum
1033 2065 1064 2095 et
1077 2064 1217 2095 Cestium
1234 2067 1389 2095 Severum

68 2192 92 2210 e.
106 2187 215 2210 &Confi
229 2187 339 2210 sueton.
355 2192 378 2210 c.
395 2191 450 2209 i.—
460 2191 480 2210 4.
500 2186 602 2210 Pisonis
613 2185 750 2214 Liciniam,
763 2191 777 2209 a
790 2184 873 2209 Galba
886 2185 913 2209 ln
926 2185 1067 2215 imperium
1081 2185 1210 2215 adoptati,
1222 2186 1241 2214 1,
1256 2190 1291 2214 u,
1309 2190 1346 2210 υς.
1357 2197 1386 2204 -

67 2228 90 2245 5.
105 2222 347 2251 Multo.magi5.—t;.
363 2222 442 2245 Vanis
456 2221 605 2245 honoribus
616 2221 773 2244 inhiantem.

96 2258 150 2281 XL.
169 2262 187 2280 i.
197 2257 276 2280 ⁴(limi.
293 2257 387 2286 Aqric.
402 2262 427 2280 c.
440 2262 478 2280 45.
491 2270 518 2273 —
529 2262 549 2279 2.
564 2257 662 2281 AEneas
676 2256 780 2279 tabulas
794 2255 894 2285 legum.
912 2256 950 2280 De
965 2256 1062 2286 qulbus
1081 2255 1156 2285 plura
1175 2257 1284 2280 sueton.
1300 2255 1385 2284 Vesp,

68 2299 93 2315 c.
106 2297 189 2316 s.—.’›.
203 2292 350 2316 Praesertuu
366 2292 434 2315 ludis
444 2293 581 2321 sacrisque
595 2292 622 2315 in
636 2292 812 2320 pessimorum
833 2291 970 2315 hominum
988 2292 1118 2315 honorem
1132 2292 1255 2316 decretis.
1267 2303 1295 2307 -—
1307 2296 1328 2314 4.
1346 2291 1384 2313 De

67 2333 118 2356 qua
132 2332 154 2350 c.
171 2331 258 2350 io.—5.
269 2327 364 2350 Partes
375 2327 439 2355 justi
452 2327 582 2357 probique
596 2326 752 2350 indicis-e.
768 2327 805 2350 De
816 2332 870 2357 quo
881 2327 984 2351 Annal.
998 2327 1065 2355 XVI,
1079 2332 1171 2351 ,ῆι-7.
1189 2326 1261 2350 Plinii
1272 2326 1385 2350 amicus.

67 2361 112 2390 uui
125 2360 159 2384 de
175 2366 208 2384 oo
221 2361 306 2389 Epst,
321 2367 348 2388 s;
362 2362 404 2390 lv,
419 2366 456 2385 22.

98 2396 160 2419 ΧΗ.
178 2402 195 2419 ι.
206 2396 417 2420 susurratores.
429 2409 457 2414 —
468 2401 491 2420 2.
507 2398 549 2421 Sc.
564 2396 738 2426 jurisjiirandi
752 2397 895 2421 sci-vatam.
