1539 2668
125 178 181 209 114
518 176 648 204 TAClTI
671 174 879 204 ANNALIUM
902 176 976 204 LIB.
1001 176 1048 206 lv.

121 260 226 292 neque
240 251 378 282 multum
396 249 549 281 distantia
560 250 645 280 inter
660 258 694 280 se
707 250 944 289 memorabant,
962 249 1004 281 de
1020 251 1192 281 vetustate
1207 252 1357 290 qeneris,
1371 253 1443 284 stu-

120 299 177 330 dio
191 301 226 330 in
238 298 410 339 populum
436 300 628 328 Romanum
639 305 707 336 per
722 296 814 328 bella
830 299 927 328 Persi
941 296 953 314 ²
978 299 1011 328 et
1031 297 1211 328 Aristonici
1225 298 1443 339 aliorumque

123 354 254 387 requm.
284 353 396 376 verum
423 342 595 383 Hypaepeni
622 343 839 383 Trallianique
856 343 1044 375 Laodicenis
1070 353 1106 375 ac
1131 344 1331 384 Magnetibus
1348 344 1446 377 simul

121 392 263 427 tramissi
283 392 319 422 ut
347 400 459 431 parum
483 389 590 421 validi.
621 398 662 421 ne
687 389 816 421 Ilienses
842 391 991 430 quidem,
1020 400 1119 431 quum
1143 393 1327 431 parentem
1348 390 1444 423 urbis

122 444 237 473 Romae
254 439 392 478 Trojam
408 438 584 476 referrent,
612 436 676 468 nisi
692 436 892 476 antiquitatis
910 438 1009 478 gloria
1024 437 1198 477 pollebant.
1225 438 1372 478 paullum
1393 437 1447 469 ad-

121 487 305 520 dubitatum
316 509 323 523 ,
340 485 426 524 quod
440 483 667 515 Halicarnassii
684 484 781 515 mille
802 486 834 515 et
850 484 1013 516 ducentos
1028 494 1091 525 per
1106 493 1212 516 annos
1230 485 1329 516 nullo
1349 486 1446 516 motu

121 536 228 566 terr-ce
242 534 414 564 nutavisse
426 531 519 562 sedes
532 539 615 562 suas
627 555 637 569 ,
661 532 801 571 vivoque
817 531 828 549 ³
855 533 890 562 in
906 540 1000 568 saxo¹
1003 531 1238 567 fundamenta
1258 532 1377 572 templi
1401 540 1448 563 as-

121 580 360 612 severaverant.
378 582 589 618 Pergamenos
605 578 653 615 (eo
669 577 738 617 ipso
752 577 762 596 ⁴
783 578 982 617 nitebantur)
999 579 1067 609 aede
1081 581 1221 618 Augusto
1235 578 1278 610 ibi
1292 579 1352 610 sita
1372 578 1449 610 satis

119 628 254 668 adeptos
269 626 438 658 creditum.
458 625 586 665 Ephesii
599 624 794 665 Milesiique,
810 625 842 656 hi
860 625 1041 665 Apollinis⁵‚
1060 625 1103 656 illi
1121 625 1231 656 Dianae
1254 626 1448 658 caeremonia

120 674 329 714 occupavisse
352 673 500 704 civitates
515 671 590 703 visi.
611 671 658 703 ita
670 672 839 703 Sardianos
856 673 939 703 inter
952 676 1202 712 Smyrnaeosque
1221 672 1446 704 deliberatum.

120 721 265 755 Sardiani
279 721 443 751 decretum
460 720 595 751 Etruriae
612 719 788 751 recitavere
804 721 840 750 ut
862 719 1103 758 consanguinei.
1121 728 1196 750 nam
1217 731 1232 745 u
1245 719 1449 758 Tyrrhenum

122 782 139 796 ε(
158 768 364 808 Lydumque,
387 770 468 807 Atye
485 775 557 806 rege
571 767 715 805 genitos,
736 766 778 796 ob
797 766 1037 797 multitudinem
1061 766 1206 796 divisisse
1228 768 1372 805 gente1n3
1390 769 1451 806 Ly·

123 828 141 843 ει
157 816 235 846 dum
246 814 357 855 patriis
371 814 402 845 in
412 814 507 845 terris
519 814 675 845 resedisse
684 838 693 853 ,
704 813 869 853 Tyrrheno
884 813 994 844 datum
1012 822 1114 844 novas
1126 815 1161 843 ut
1171 812 1324 844 conderet
1337 812 1448 853 sedes;

123 876 141 891 α
157 865 189 894 et
205 862 324 893 ducum
339 869 355 891 e
370 860 555 892 nominibus
572 860 673 892 indita
689 860 844 891 vocabula
857 884 865 899 ,
883 861 945 891 illis
963 869 1018 900 per
1034 861 1140 891 Asiam
1152 884 1160 898 ,
1185 858 1235 890 his
1258 859 1291 889 in
1306 859 1399 890 Italia
1415 859 1449 898 6;

122 923 140 938 α
158 910 349 948 auctamque
365 908 471 939 adhuc
488 907 648 947 Lydorum
667 907 862 947 opulentiam
879 908 986 938 missis
1003 907 1035 937 in
1052 907 1206 938 Graeciam
1219 906 1347 946 populis
1360 930 1369 946 ‚
1395 907 1450 938 cui

123 970 140 985 <c
156 965 233 988 mox
249 965 267 986 a
286 956 401 995 Pelope
414 963 542 986 nomen.
558 953 568 971 7
590 967 606 981 »
633 954 729 985 simul
747 954 882 985 litteras
909 956 1160 994 imperatorum
1190 955 1224 984 et
1248 954 1320 984 icta
1337 952 1450 984 nobis-

121 1011 202 1036 cum
206 1002 349 1042 foedera
363 1002 449 1033 bello
461 1000 699 1041 Macedonum,
707 1001 966 1041 ubertatemque
974 1000 1168 1040 fluminum
1183 999 1357 1039 suorum&
1369 1001 1453 1031 tem·

116 1052 252 1091 pericm
273 1049 351 1080 coelz'
370 1057 410 1080 ac
427 1048 515 1080 dites
532 1047 663 1080 circum
688 1050 800 1079 terras
818 1047 1055 1079 memorabant.

165 1100 242 1129 LVI.
266 1099 308 1127 At
323 1096 479 1135 Smyrnaei
490 1119 499 1134 ,
516 1095 653 1135 repetita
669 1096 829 1126 vetustate
842 1118 849 1132 ,
872 1103 933 1125 seu
952 1094 1124 1125 Tantalus
1141 1095 1224 1125 Jove
1238 1095 1335 1125 ortus
1349 1094 1451 1133 illos,

121 1145 192 1176 sive
209 1143 353 1175 Theseus
367 1143 485 1173 divina
498 1143 531 1173 et
550 1144 621 1181 ipse
633 1143 741 1181 stirpe
759 1141 782 1179 ¹,
809 1143 879 1172 sive
891 1149 962 1171 una
976 1143 1187 1171 Amazonum
1199 1139 1210 1157 ²
1225 1139 1428 1171 condidisset
1438 1161 1450 1176 ,

121 1189 347 1224 transcendere
362 1189 402 1219 ad
419 1198 455 1219 ea
467 1213 476 1228 ‚
502 1190 574 1228 quis
588 1188 727 1218 maxime
742 1187 884 1219 fidebant
901 1187 932 1217 in
950 1187 1105 1227 populum
1128 1191 1309 1217 Romanum
1323 1186 1451 1226 officiis,

123 1238 221 1269 missa
237 1236 342 1268 navali
360 1236 453 1275 copia
470 1244 535 1266 non
555 1234 651 1265 modo
667 1236 802 1266 externa
824 1234 864 1265 ad
887 1234 1007 1274 bella³‚
1033 1234 1089 1265 sed
1106 1242 1179 1274 quae
1202 1234 1235 1264 in
1260 1233 1352 1265 ltalia
1371 1233 1452 1265 tole-

123 1285 297 1323 rabantur;
325 1296 341 1310 ιι
358 1291 457 1323 seque
481 1282 601 1322 primos
624 1282 780 1322 templum
806 1282 895 1313 urbis
916 1286 1027 1313 Romae
1049 1281 1220 1319 statuisse,
1246 1284 1287 1311 M.
1312 1281 1424 1312 Porcio
1438 1280 1450 1299 ⁴

123 1332 274 1369 consule,
293 1330 421 1370 magnis
449 1329 580 1369 quidem
595 1329 661 1368 jam
686 1328 796 1369 populi
818 1329 955 1360 Romani
977 1328 1090 1367 rebus,
1114 1327 1258 1359 nondum
1278 1328 1387 1358 tamen
1411 1326 1454 1358 ad

123 1387 290 1411 summum
307 1378 415 1416 elatis,
433 1378 539 1407 stante
552 1376 659 1407 adhuc
677 1376 799 1407 Punica
816 1375 895 1406 urbe
912 1375 943 1406 et
961 1374 1077 1405 validis
1092 1383 1147 1414 per
1161 1374 1267 1405 Asiam
1284 1374 1421 1413 regibus.
1436 1387 1451 1402 υ

121 1426 223 1458 simul
244 1438 260 1452 «
273 1429 307 1456 L.
326 1424 446 1456 Sullam
465 1424 581 1454 testem
600 1436 615 1450 »
641 1422 836 1462 asserebant,
859 1435 874 1449 «
892 1421 1080 1461 gravissimo
1104 1421 1138 1452 in
1165 1420 1349 1452 discrimine
1366 1429 1455 1452 exer-

127 1488 144 1504 «
159 1476 242 1506 citus
259 1472 300 1503 ob
317 1470 524 1511 asperitatem
547 1469 662 1501 hiemis
682 1471 714 1501 et
737 1469 904 1509 penuriam
928 1468 1044 1506 vestis,
1069 1477 1170 1508 quum
1187 1468 1219 1499 id
1235 1472 1404 1508 Smyr-nam
1419 1467 1454 1498 in

127 1519 347 1552 «concionem
375 1517 559 1548 nuntiatum
584 1517 684 1556 soret,
711 1525 823 1547 omnes
851 1515 907 1556 qui
932 1515 1099 1553 astabant,
1121 1514 1301 1546 detraxisse
1327 1513 1455 1554 corpori

128 1566 303 1607 «tegmina
326 1565 512 1603 nostrisque
528 1563 709 1603 legionibus
732 1563 871 1594 misisse.
891 1575 907 1589 n
931 1565 976 1593 lta
999 1562 1100 1601 rogati
1128 1562 1320 1593 sententiam
1342 1562 1453 1593 Patres

123 1618 309 1654 smyrnaeos
328 1611 508 1652 praetulere.
535 1611 725 1650 censuitque
737 1610 849 1640 Vibius
867 1613 991 1640 Marsus
1004 1632 1013 1646 ,
1035 1611 1075 1639 ut
1094 1610 1134 1639 M
1135 1609 1155 1638 .'
1175 1608 1317 1648 Lepido,
1340 1610 1394 1639 cut
1411 1616 1454 1639 ea

118 1662 299 1704 provincia
320 1659 522 1696 obvenerat,
547 1666 650 1697 super
674 1656 880 1689 numerum⁵
908 1656 1087 1695 levaretur
1106 1655 1302 1695 qui-templi
1330 1663 1454 1686 curam

122 1708 324 1748 susciperet.
334 1707 366 1736 et
382 1704 603 1744 quiaLepidus
614 1705 682 1744 ipse
693 1704 829 1743 deligere
843 1712 898 1743 per
915 1702 1107 1734 modestiam
1124 1701 1454 1738 abnuebat‚valerius

126 1759 212 1787 Naso
227 1762 244 1785 e
258 1753 418 1794 praetoriis
434 1754 518 1783 sorte
535 1751 655 1782 missus
669 1753 728 1782 est.

171 1804 263 1833 LVII.
292 1802 378 1830 Inter
405 1807 494 1837 quae,
522 1797 578 1828 diu
607 1797 761 1828 meditato
788 1797 976 1838 prolatoque
1002 1795 1119 1836 saepius
1143 1794 1297 1834 consilio,
1322 1793 1454 1826 tandem

126 1852 234 1880 Caesar
251 1847 281 1877 in
297 1846 505 1886 Campaniam
520 1844 544 1884 ¹,
563 1844 668 1884 specie
683 1844 852 1875 dedicandi
867 1843 987 1882 templa
1003 1842 1088 1882 apud
1103 1846 1244 1882 Capuam
1263 1842 1351 1880 Jovi,
1367 1841 1455 1881 apud

127 1895 240 1927 Nolam
256 1897 397 1933 Augusto
408 1917 417 1933 ,
431 1892 488 1924 sed
506 1895 611 1923 certus
626 1891 737 1931 procul
759 1891 845 1922 Urbe
858 1891 982 1930 degere.
1001 1894 1136 1921 Causam
1154 1889 1320 1920 abscessus
1341 1896 1454 1929 quam·

128 1981 190 2000 —2.
205 1977 257 2000 Pro
272 1975 376 2002 Persei,
391 1974 473 2003 vulgo
489 1973 592 1998 Persis.
612 1974 718 2001 Perses,
733 1972 844 1996 ultimus
856 1978 903 1996 rex
920 1972 1112 1999 Macedonum,
1126 1971 1221 2000 eaptus
1240 1975 1265 1993 a.
1277 1970 1308 1994 U.
1324 1974 1376 1993 sae.
1400 1969 1458 1994 Art-

126 2012 255 2040 stonicus,
273 2011 317 2039 qui
336 2011 424 2043 Asiam
438 2010 605 2038 provinciam
623 2009 817 2038 occupaverat,
833 2008 866 2031 ab
884 2007 974 2031 Attalo
994 2007 1118 2030 Romanis
1136 2005 1267 2035 legatam,
1285 2005 1372 2028 victus
1384 2010 1407 2028 a.
1425 2005 1455 2028 U.

126 2051 178 2070 624.
190 2059 220 2064 -
233 2052 256 2070 5.
277 2046 385 2070 Nutivo.
403 2044 506 2069 Deinde
521 2044 630 2074 supple,
645 2043 756 2074 futura
774 2049 841 2067 esse.
858 2056 886 2059 —
903 2048 925 2066 4.
944 2043 982 2066 Ad
1002 2042 1143 2071 sequentia
1155 2040 1227 2064 refer
1241 2046 1247 2063 z
1261 2046 1292 2063 eo
1312 2040 1371 2068 ipso
1381 2040 1456 2068 quod

125 2082 182 2111 jam
195 2081 265 2104 aedes
280 2080 392 2109 Augusti
407 2080 476 2109 apud
490 2085 519 2103 se
533 2080 620 2109 posita
640 2080 717 2102 esset.
736 2079 794 2108 Quo
812 2079 971 2107 argumento
985 2078 1011 2100 in
1028 2077 1162 2100 diversum
1180 2075 1291 2099 utuntur
1305 2076 1454 2098 senatores.

126 2121 190 2140 -ις,
213 2116 263 2144 Qui
282 2115 367 2139 Mileti
389 2115 510 2144 inprimis
529 2114 680 2138 colebatur.
701 2114 767 2137 Inde
789 2113 874 2137 acciri
892 2112 971 2137 Clarii
985 2112 1114 2141 Apollinis
1133 2109 1291 2134 sacerdotes
1314 2110 1455 2132 narratum

129 2157 213 2181 supra
233 2150 271 2178 11,
285 2155 322 2173 5⁴.
338 2155 397 2173 —6.
419 2151 493 2173 Vana
513 2150 648 2178 narratio,
667 2150 726 2173 orta
750 2155 782 2172 ex
804 2148 976 2177 Pelasgorum
997 2147 1064 2171 Asiae
1083 2151 1157 2170 oram
1176 2145 1328 2169 tenentium
1348 2149 1454 2173 cogno-

130 2187 202 2210 mIne
229 2185 385 2214 Tyrrheni,
408 2185 481 2214 quod
506 2190 622 2213 graecum
643 2189 743 2208 nomen
762 2184 936 2208 Etruscorum
956 2183 1007 2205 est.
1022 2194 1051 2198 -ν
1066 2186 1089 2205 ⁷.
1109 2180 1324 2209 Peloponnesus.
1346 2179 1454 2207 Pelops,

126 2220 236 2246 Tantali
248 2220 326 2248 filius,
341 2219 374 2243 ab
388 2220 446 2243 aliis
457 2219 559 2249 Phryx,
573 2220 606 2244 ab
617 2220 675 2243 aliis
688 2219 776 2249 Lydus
789 2219 894 2243 dicitur.
903 2223 954 2240 -s.
966 2217 1056 2241 Hermi
1069 2217 1096 2240 et
1109 2215 1210 2240 Pactoli
1223 2221 1318 2238 aurum
1332 2214 1360 2237 in
1371 2218 1455 2237 arena

129 2255 273 2281 volventis.

161 2291 220 2316 LVI.
237 2296 256 2314 ι.
271 2290 396 2319 Neptuno
407 2291 497 2313 ortum
510 2290 633 2313 nonnulli
647 2291 770 2314 narrant.
782 2302 809 2306 —
819 2294 841 2313 2.
855 2289 969 2317 smyrna
982 2287 1121 2310 dictaae—s.
1136 2285 1273 2309 Adversus
1291 2282 1455 2308 Antiochum

130 2327 214 2356 Syriae
230 2331 330 2355 regem.
340 2338 367 2342 —
378 2330 402 2348 ⁴.
419 2326 520 2348 Catone
534 2325 681 2349 Censorino
691 2343 697 2353 ,
711 2331 735 2349 a.
754 2325 783 2349 U.
797 2329 849 2348 559.
861 2336 888 2340 -—
902 2329 924 2346 ις.
941 2324 986 2346 Sc.
1004 2321 1156 2350 legatorum
1174 2320 1219 2349 qui
1240 2319 1377 2349 adjutores
1396 2317 1455 2342 dari

129 2360 257 2385 solebant
270 2360 478 2390 proconsulibus
499 2361 527 2383 et
551 2360 775 2389 propraetoribus.
796 2360 962 2389 leqaretur,
980 2357 1085 2386 legatus
1103 2355 1285 2379 destinaretur
1301 2360 1317 2378 a
1333 2352 1449 2382 Lepido:

130 2400 193 2420 nam
207 2396 247 2419 sic
260 2395 528 2426 capiendusdativus
540 2395 655 2424 Lepido.

165 2431 239 2455 LVll.
256 2437 278 2455 i.
293 2431 368 2460 Abit,
381 2430 526 2461 profectus
540 2431 594 2460 est,
605 2430 648 2455 vel
659 2430 712 2454 tale
725 2429 788 2459 quid
802 2428 970 2457 addendum,
984 2427 1056 2457 quod
1066 2426 1179 2451 tortasse
1191 2424 1302 2450 excidit.
1313 2422 1457 2447 —s-Con-
