1539 2668
497 148 534 177 A.
557 148 596 177 U.
619 147 654 176 C.
678 147 750 176 770.
774 146 810 175 Α.
835 146 869 175 C.
896 145 945 175 17.
1339 145 1380 176 49

67 214 197 248 mulatis
209 213 265 244 filii
282 209 529 247 offensionibus,
549 208 751 240 clementiam
767 206 943 244 offerebat,
967 206 994 237 si
1011 205 1051 236 ad
1072 205 1271 245 precandum
1286 208 1378 238 veni-

68 263 128 294 ret.
156 260 207 292 ille
232 260 359 299 ignarus
384 257 470 296 doli,
496 255 566 294 vel,
588 255 616 286 si
643 253 818 292 intelligere
844 253 1037 292 crederetur,
1066 252 1134 283 vim
1160 254 1326 292 metuens,
1346 253 1381 284 in

66 307 186 342 Urbem
201 307 367 347 properat3
385 305 600 343 exceptusque
616 299 736 332 immiti
750 309 768 331 a
783 300 949 340 Principe⁶
971 300 1003 331 et
1012 307 1089 330 mox
1102 301 1269 329 accusatus
1283 299 1316 329 in
1330 307 1382 330 se·

67 357 145 386 natu
157 377 164 391 ‚
186 362 250 384 non
266 352 308 383 ob
323 350 458 382 crimina
476 357 549 389 quae
574 347 787 388 fingebantur,
805 346 861 378 sed
881 355 1014 387 angore,
1034 345 1130 376 simul
1153 345 1254 376 sessus
1273 345 1381 384 senio,

69 401 102 433 et
118 401 194 440 quia
207 399 333 440 regibus
350 405 443 437 aequa
457 395 481 434 ⁷,
496 395 614 426 nedum
638 393 765 432 infima,
791 393 918 425 insolita
942 395 1034 432 sunt,
1052 392 1147 423 finem
1164 392 1254 426 vitre,
1271 394 1384 431 sponte

68 454 110 478 an
127 446 210 485 sato,
236 444 394 484 implevit.
424 451 559 482 regnum
584 441 618 472 in
646 440 844 481 provinciam
865 441 1029 472 redactum
1054 440 1124 477 est,
1146 437 1385 478 fructibusque

67 493 141 533 ejics
165 493 273 524 levari
286 499 383 531 posse
399 491 590 521 centesimae
608 487 749 526 rectiqal
764 486 775 504 ⁸
792 487 953 527 professus
967 490 1071 518 Caesar
1083 484 1339 516 ducentesimam
1353 484 1387 514 in

68 541 232 580 posterum
249 538 372 569 statuit.
386 541 444 568 Per
457 536 542 567 idem
558 539 686 575 tempus
703 533 861 565 Antiocho
877 531 1386 573 Commagenorum,Philopatore

69 586 202 618 Cilicum
218 584 346 624 regibus
361 583 540 622 defunctis,
561 581 777 614 turbabantur
796 582 946 612 nationes
961 605 969 619 ,
996 580 1158 621 plerisque
1182 582 1363 609 Romanum
1375 598 1384 612 ,

68 631 139 663 aliis
155 632 278 671 regium
292 630 461 671 imperium
475 628 696 669 cupientibus,
713 628 745 659 et
758 627 935 667 provinciae
949 628 1039 668 Syria
1052 628 1147 666 atque
1160 624 1281 662 Judaea,
1294 624 1387 654 fessae

68 679 220 710 oneribus
233 702 242 718 ,
265 677 517 709 deminutionem
537 675 649 707 tributi
665 674 811 706 orabant.

109 727 217 756 XLIII.
236 724 335 764 Igitur
349 724 435 763 haec,
453 726 485 755 et
500 723 539 754 de
556 722 702 754 Armenia
723 730 795 761 quae
817 730 914 762 supra
930 722 938 740 ¹
964 720 1160 758 memoravi,
1177 718 1260 758 apud
1280 718 1388 749 Patres

69 771 217 803 disseruit
232 783 240 811 ;
256 780 314 803 nec
326 779 425 811 posse
442 772 573 801 motum
597 771 766 801 orientem
791 770 856 800 nisi
888 769 1082 800 Germanici
1107 767 1278 806 sapientia
1304 773 1388 796 com-

13 857 20 867 .
66 821 147 858 poni
169 831 179 850 .·
200 828 281 850 mim
299 826 401 849 suam
425 818 742 856 ιείαίθιηζυθνῃενε,
769 817 876 847 Drusi
904 815 1055 847 nondum
1080 816 1165 845 satis
1191 812 1385 843 adolet-isse.

68 868 147 896 tunc
162 865 288 896 decreto
304 866 436 895 Patrum
456 863 621 904 permissae
644 862 831 894 Germanico
856 862 1030 902 provinciae
1051 869 1122 900 quae
1139 858 1221 890 mari
1238 858 1388 889 dividun-

69 911 161 951 tur-2,
187 912 354 951 majusque
380 910 570 950 imperium,
594 918 724 950 quoquo
753 909 896 949 adisset,
924 917 1021 949 quam
1044 907 1093 937 his
1121 907 1177 945 qui
1200 904 1309 936 sorte0'
1334 905 1389 934 aut

70 958 172 990 missu
193 957 350 993 Princjnis
365 957 560 988 obtinerent.
591 956 648 989 Sed
666 956 812 987 Tiberius
830 955 1016 987 demoverat
1031 953 1119 993 Syria
1133 951 1294 984 Creticum
1314 951 1390 982 Sila-

69 1014 148 1037 num
162 1013 216 1044 per
231 1004 418 1035 affinitatem
433 1012 615 1035 connexum
632 1003 820 1034 Germanico
830 1027 838 1041 ,
856 1003 931 1042 qnia
944 1001 1041 1033 Silani
1053 1000 1117 1030 tilia
1130 998 1267 1037 Neroni,
1282 1001 1388 1028 vetus-

70 1051 196 1083 tissimo
210 1051 388 1082 liberorum
407 1052 477 1091 ejus
490 1074 498 1089 ‚
518 1051 612 1091 pacta
629 1051 697 1081 erat
708 1059 718 1088 3
733 1050 982 1089 praefeceratque
1004 1052 1060 1079 Cn.
1078 1046 1222 1078 Pisonem
1235 1069 1243 1084 ‚
1262 1045 1389 1084 ingenio

69 1098 248 1129 violentum
272 1101 303 1129 et
316 1097 468 1137 lobsequii
487 1098 651 1137 ignarum,
675 1096 773 1127 insita
790 1095 908 1127 ferocia
926 1104 944 1126 a
967 1099 1056 1135 patre
1077 1093 1211 1131 Pisone,
1233 1092 1288 1132 qui
1303 1091 1391 1123 civili

70 1143 155 1175 bello
181 1146 378 1183 resurgentes
403 1144 437 1174 in
451 1143 558 1175 Africa
576 1145 683 1183 partes
698 1143 853 1174 acerrimo
868 1141 1044 1172 ministerio
1059 1140 1212 1171 adversus
1228 1143 1389 1170 Caesarem

69 1190 153 1230 juvit
167 1214 176 1229 ,
194 1199 269 1221 mox
285 1193 420 1221 Brutum
437 1190 470 1221 et
483 1189 628 1221 Cassium
644 1192 793 1228 secutus,
815 1197 967 1220 concesso
984 1187 1107 1226 reditu,
1120 1186 1273 1227 petitione
1289 1185 1390 1216 hono-

70 1247 143 1269 rum
165 1237 321 1268 abstinuit
332 1261 341 1275 ,
360 1236 462 1267 donec
478 1237 561 1267 ultro
578 1236 753 1267 ambiretur
777 1236 917 1267 delatum
933 1235 972 1265 ab
989 1236 1132 1272 Augusto
1158 1232 1362 1263 consulatum
1375 1231 1387 1248 ⁴

70 1284 225 1324 accipere.
238 1283 294 1314 sed
310 1285 427 1322 praeter
440 1284 590 1322 paternos
603 1283 737 1322 spiritus
752 1283 862 1313 uxoris
873 1290 1003 1321 quoque
1015 1280 1175 1311 Plancinae
1192 1279 1202 1296 ⁵
1221 1278 1391 1311 nobilitate

71 1334 103 1363 et
116 1331 231 1371 opibus
247 1329 492 1360 accendebatur.
517 1329 573 1359 vix
598 1329 724 1359 Tiberio
746 1329 936 1366 concedere3
962 1328 1079 1358 liberos
1102 1326 1171 1365 ejus
1194 1329 1229 1355 ut
1254 1326 1393 1356 multum

71 1377 154 1409 infra
170 1377 181 1395 ⁸
207 1376 391 1416 despectare
406 1386 413 1406 z
429 1384 489 1406 nec
502 1375 638 1407 dubium
652 1375 789 1406 habebat
807 1383 842 1405 se
859 1374 1020 1405 delectum
1031 1397 1039 1412 ,
1058 1373 1114 1413 qui
1128 1372 1227 1412 Syriae
1251 1371 1391 1411 impone-

74 1426 161 1456 retur
175 1423 216 1455 ad
237 1432 309 1463 spes
326 1423 506 1454 Germanici
522 1423 726 1453 coercendas.
750 1421 916 1452 credidere
936 1420 1067 1460 quidam
1092 1420 1166 1450 data
1182 1421 1213 1449 ct
1230 1427 1248 1449 a
1263 1418 1391 1449 Tiberio

72 1471 198 1504 occulta
224 1470 396 1501 mandata:
423 1471 455 1500 et
483 1470 668 1500 Plancinam
688 1469 774 1500 haud
798 1468 896 1499 dubie
919 1469 1060 1507 Augusta
1088 1466 1214 1496 monuit
1242 1466 1390 1497 muliebri

71 1517 278 1551 aemulatione
296 1516 503 1556 Agrippinam
530 1516 705 1551 insectandi
721 1516 746 1546 ⁷.
765 1516 869 1546 divisa
888 1523 1027 1554 namque
1043 1515 1075 1544 et
1092 1513 1212 1544 discors
1234 1513 1305 1544 aula
1324 1513 1393 1543 erat

72 1565 180 1598 tacitis
197 1565 230 1595 in
247 1568 386 1595 Drusum
413 1565 469 1594 aut
484 1564 707 1595 Germanicum
734 1562 859 1593 studiis.
885 1561 1035 1593 Tiberius
1052 1563 1087 1591 ut
1103 1560 1269 1600 proprium
1292 1563 1322 1590 ct
1339 1559 1390 1590 sui

74 1611 240 1652 sanguinis
265 1615 405 1641 Drusum
431 1610 588 1641 fovebat:
616 1610 804 1641 Germanico
830 1608 979 1640 alienatio
1010 1608 1116 1648 patrui
1140 1616 1281 1638 amorem
1307 1607 1393 1647 apud

75 1661 198 1690 ceteros
215 1660 367 1696 auxerat,
385 1660 416 1688 et
435 1657 512 1697 quia
528 1657 720 1688 claritudine
737 1656 874 1687 materni
902 1655 1026 1695 generis
1047 1655 1205 1694 anteibat,
1226 1663 1323 1685 avum
1348 1658 1390 1685 M.

73 1707 269 1742 Antonium,
289 1703 510 1735 avunculumS
534 1706 710 1744 Augustum
735 1703 849 1734 ferens.
876 1704 986 1733 contra
1008 1706 1109 1732 Druso
1131 1710 1271 1741 proavus
1293 1709 1392 1741 eques

72 1754 237 1783 Romanus
253 1751 448 1790 Pomponius
464 1751 586 1781 Atticus
604 1751 757 1781 dedecere
774 1749 978 1781 Claudiorum
996 1749 1149 1788 imagines
1163 1748 1342 1779 videbatur.
1362 1750 1395 1780 et

73 1798 193 1837 conjux
209 1798 385 1830 Germanici
402 1798 573 1838 Agrippina
587 1797 781 1828 secundItate
797 1805 834 1827 ac
857 1796 942 1827 sama
961 1796 1083 1826 Liviam
1094 1819 1104 1834 ,
1129 1804 1261 1826 uxorem
1276 1795 1392 1834 Drusi,

74 1844 287 1884 praecellebat.
317 1844 373 1875 sed
392 1844 506 1875 fratres
528 1843 651 1883 egregie
667 1843 843 1874 concordes
866 1845 898 1874 et
918 1843 1141 1884 proximorum
1166 1842 1394 1873 certaminibus

74 1899 271 1922 inconcussi.
1036 1916 1043 1923 Ι

116 1940 220 1968 XLIV.
239 1941 304 1968 Nec
317 1936 420 1968 multo
434 1937 506 1976 post
521 1940 644 1967 Drusus
660 1936 694 1966 in
710 1936 876 1976 Illyricum
893 1935 1010 1966 missus
1027 1937 1093 1973 est,
1112 1935 1149 1965 ut
1165 1936 1323 1966 suesceret
1337 1935 1394 1965 mi-

75 1983 154 2015 litiae
166 1983 334 2023 studiaque
347 1984 508 2014 exercitus
519 1984 645 2023 pararet
657 1995 666 2022 ;
679 1983 773 2014 simul
786 1981 937 2021 juvenem
949 1981 1071 2012 urbano
1085 1981 1163 2012 luxu
1177 1981 1394 2013 lascivientem

76 2030 191 2061 melius
207 2030 242 2061 in
258 2031 372 2062 castris
385 2030 497 2061 haberi
516 2030 663 2061 Tiberius
679 2038 777 2069 seque
797 2029 947 2060 tutiorem
967 2029 1097 2059 rebatur
1115 2030 1253 2068 utroque
1273 2029 1337 2060 silio
1353 2029 1394 2060 le-

75 2077 184 2116 giones
199 2077 375 2109 obtinente.
394 2077 451 2109 sed
464 2076 560 2108 Suevi
573 2076 853 2117 praetendebantur
869 2075 1026 2107 auxilium
1046 2075 1199 2107 adversus
1216 2076 1394 2108 Cheruscos

76 2181 190 2206 sublata.
201 2194 231 2199 —
240 2188 264 2206 c.
281 2184 352 2207 Dure
371 2184 500 2213 exceptus
512 2189 528 2207 a
544 2183 677 2212 Principe.
690 2188 750 2207 -⁷.
765 2183 852 2213 AEqua
865 2187 925 2206 cum
942 2181 1039 2206 ceteris
1053 2179 1173 2205 condItio
1183 2197 1189 2209 ‚
1203 2180 1288 2204 status
1300 2181 1392 2205 civilis.

78 2228 106 2233 -
119 2222 141 2239 a.
157 2218 194 2241 De
207 2224 259 2248 quo
273 2219 298 2246 I,
314 2223 351 2242 78.

108 2251 197 2275 XLIII.
221 2258 241 2276 ι.
261 2254 325 2283 Cap.
341 2259 354 2277 5
366 2254 393 2277 et
404 2258 427 2277 ⁴.
439 2264 464 2272 -
487 2258 511 2277 ε.
525 2254 595 2279 Asia.
615 2255 760 2284 AEgyptus,
783 2253 882 2278 AtrIca.
896 2267 924 2270 —
940 2259 961 2277 5.
978 2251 1155 2277 Proconsules
1169 2252 1196 2275 et
1214 2253 1395 2280 propraetores

79 2288 201 2324 alsenatu
221 2287 342 2311 mittendi
364 2289 516 2317 provincias
528 2289 720 2313 sortiebantur.
736 2301 764 2306 -
776 2294 797 2312 ⁴.
813 2289 882 2313 Anni
895 2289 923 2312 U.
947 2293 1000 2312 ⁷51.
1021 2301 1049 2304 —
1068 2293 1090 2311 5.
1104 2286 1170 2310 Filia
1183 2288 1229 2310 aut
1247 2288 1349 2316 neptis,
1364 2288 1395 2310 ut

79 2320 202 2350 videtur,
216 2325 274 2346 erat
285 2323 397 2347 Munatii
412 2324 512 2351 Planci,
529 2325 698 2354 proconsulis
710 2324 812 2353 Gauiae,
827 2325 871 2353 qui
885 2324 1042 2353 Lugdunum
1057 2322 1250 2346 condictu—6.
1261 2323 1303 2346 Sc.
1317 2327 1354 2345 se.
1366 2335 1388 2338 -

80 2358 103 2376 7.
118 2355 193 2394 Hunc
206 2358 352 2386 genitivum
364 2359 447 2388 junge
461 2364 521 2382 cum
534 2361 658 2389 monuit,
673 2359 745 2389 quod
766 2365 973 2388 nonnunquam,
988 2359 1018 2381 ut
1031 2358 1182 2386 admoneo,
1200 2363 1261 2380 cum
1273 2357 1393 2385 genitIv'o

80 2390 254 2416 simitum-a.
267 2393 331 2418 Erat
343 2393 503 2418 avunculus
516 2393 623 2424 major,
637 2395 719 2420 trater
733 2395 798 2420 aviae
817 2394 975 2423 Germanici,
984 2393 1109 2422 OctavIae,
1121 2392 1209 2417 uxoriS
1223 2392 1260 2416 M.
1274 2391 1393 2416 Antonii.

1234 2435 1256 2467 3
