1539 2668
417 160 453 189 A.
476 159 515 199 n.
540 159 575 187 c.
600 158 675 187 789.
701 158 737 186 A.
762 159 796 186 c.
821 158 873 187 36.
1275 158 1330 189 141

5 229 227 270 nequemulto
241 230 315 268 post
332 228 480 260 Sinnaces
503 227 599 266 auget
623 226 731 265 copias
744 250 753 265 ,
773 229 806 257 et
822 226 971 258 columen
995 225 1135 266 partium
1156 225 1334 266 Abdageses

5 285 114 319 gazam
132 279 164 307 et
181 277 314 315 paratus
328 275 433 315 regios
450 274 572 314 adjicit.
591 273 757 311 vitellius,
774 275 953 304 ostentasse
969 277 1113 304 Romana
1128 273 1205 304 satis
1232 277 1333 313 ratus,

4 324 115 357 monet
132 323 297 354 Tiridaten
313 323 533 363 primoresque
546 345 555 360 ,
572 320 660 351 hunc
672 344 680 359 ,
697 320 890 352 Plu-allatis
906 321 962 352 avi
977 322 1010 352 ct
1027 320 1151 352 altoris
1173 322 1333 361 Ccesaris‚

3 379 82 413 quae
95 369 277 411 utrobique
292 369 461 410 pulchra,
480 369 676 399 meminerit
689 391 697 406 ,
712 367 785 398 illos
797 391 805 405 ‚
834 367 1029 408 obsequium
1047 369 1082 398 in
1096 376 1227 407 reyem,
1246 376 1335 399 reve-

3 419 153 450 rentiam
166 419 201 448 in
215 425 294 455 nos,
312 416 415 448 decus
429 417 573 456 quisque
590 422 693 445 suum
706 416 738 445 et
747 414 858 454 fldem
878 415 1078 446 retinerent.
1106 414 1180 445 exin
1197 422 1271 446 cum
1288 415 1334 446 le-

1 464 150 505 gionibus
164 465 195 495 in
212 464 335 504 Syriam
353 462 518 493 remeavit.

44 515 212 543 XXXVIII.
241 515 321 549 Quae
349 509 474 541 duabus
499 508 667 540 aestatibus
696 510 784 548 gesta
813 508 989 548 conjunxi,
1023 517 1090 549 quo
1118 509 1336 549 requiesceret

2 558 129 589 animus
145 567 163 589 a
185 557 373 589 domesticis
392 556 496 587 malis.
517 565 581 587 non
600 556 687 587 enim
704 556 887 595 Tiberium,
902 564 1098 596 quamquam
1112 556 1250 588 triennio
1264 557 1336 597 post

1 604 123 636 caedem
150 605 277 645 sejani,
298 614 371 645 quac
387 605 511 635 ceteros
534 603 678 634 molliore
698 604 802 634 solent
815 627 823 642 ,
847 604 974 643 tempus
987 627 996 642 ,
1014 612 1140 643 preces,
1159 604 1256 635 satias
1275 605 1335 636 mi-

0 650 161 691 tigabant,
186 652 263 692 quin
289 652 409 682 incerta
425 650 476 681 vel
499 650 620 682 abolita
636 659 695 690 pro
713 651 911 690 gravissimis
928 653 960 681 et
983 650 1167 681 recentibus
1192 651 1333 691 puniret.

2 700 45 728 Eo
63 701 150 730 metu
169 698 337 730 Fulcinius
353 699 428 729 Trio
440 723 448 737 ,
470 698 656 738 ingruentes
678 700 881 729 accusatores
907 697 992 728 haud
1015 707 1184 737 perpessus
1197 722 1205 737 ‚
1223 707 1336 738 supre-

0 745 62 776 mis
79 746 198 777 tabulis
214 746 220 763 ¹
242 747 343 777 multa
360 747 391 777 et
408 745 529 776 atrocia
546 745 578 775 in
605 749 790 775 Macronem
807 754 844 775 ac
862 745 1043 784 praepruos
1061 745 1250 776 libertorum
1266 749 1334 776 Cae·

0 792 80 823 saris
97 793 302 834 composuit,
323 793 383 833 ipsi
395 792 542 833 fluxam
558 793 650 823 senio
664 795 811 823 mentem
836 794 869 823 el
886 794 1045 823 continuo
1070 792 1225 823 abscessu
1241 792 1334 824 velut

0 840 160 872 exsilium
177 840 381 880 objectando.
400 849 473 880 quae
492 839 532 871 ab
549 839 721 870 heredibus
737 839 899 871 occultata
917 839 1043 869 recitari
1061 839 1333 879 Tiberiusjussit,

0 887 188 926 patientiam
214 888 372 919 libertatis
400 888 513 919 alienae
536 887 702 918 ostentans
729 890 761 918 et
783 889 986 926 contemptor
1015 894 1082 916 suae
1107 885 1266 924 infamiae,
1294 896 1334 918 an

0 934 156 966 scelerum
182 936 285 974 sejani
309 936 364 966 diu
387 935 533 973 nescius,
550 943 627 965 mox
650 944 782 975 quoquo
799 934 896 965 modo
921 933 1007 963 dicta
1025 933 1149 972 vulgari
1174 933 1334 974 malebat,

0 980 228 1022 veritatisque,
248 982 300 1013 cui
315 983 457 1013 adulatio
473 982 593 1020 officit,
620 990 676 1021 per
702 981 819 1022 probra
837 981 951 1012 saltem
973 989 1089 1020 gnarus
1107 980 1185 1011 fieri.
1217 980 1333 1011 Iisdem

0 1026 112 1059 diebus
125 1029 262 1061 Granius
279 1030 453 1061 Martianus
471 1030 600 1060 senator
617 1038 635 1059 a
652 1033 686 1060 C.
706 1029 847 1060 Graccho
866 1028 1041 1067 majestatis
1064 1028 1254 1067 postulatus,
1267 1027 1334 1058 vim

0 1072 75 1104 vitae
92 1083 158 1107 suae
175 1077 307 1116 attulit;
325 1077 502 1116 Tatiusque
517 1076 687 1108 Gratianus
701 1100 709 1115 ‚
734 1078 876 1116 praetu1·a
893 1075 1043 1114 functus,
1070 1074 1137 1114 lege
1159 1074 1269 1106 eadem
1283 1083 1336 1106 ex-

0 1120 140 1153 tremum
163 1123 204 1154 ad
220 1125 416 1164 supplicium
435 1124 621 1154 damnatus.

42 1172 176 1201 XXXIX.
206 1175 272 1201 Nec
300 1171 443 1210 dispares
469 1170 658 1201 Trebellieni
688 1170 783 1202 Rufi¹
806 1171 838 1202 et
864 1169 965 1202 Sextii
994 1169 1165 1201 Paconiani
1182 1168 1192 1186 ²
1216 1168 1332 1203 exitus.

0 1222 75 1246 nam
92 1217 309 1248 Trebellienus
322 1227 378 1247 sua
393 1227 489 1248 manu
504 1217 634 1256 cecidit,
646 1218 846 1248 Paconianus
865 1217 896 1247 in
911 1225 1039 1247 carcere
1052 1216 1094 1247 ob
1108 1216 1250 1247 carmina
1268 1216 1332 1247 illic

0 1261 32 1292 in
54 1263 233 1304 principem
256 1265 400 1295 (actitata
414 1265 633 1303 strangulatus
648 1268 705 1295 est.
734 1269 807 1296 Haec
823 1264 971 1294 Tiberius
987 1272 1049 1293 non
1070 1263 1166 1302 mari,
1184 1265 1220 1294 ut
1234 1262 1312 1293 olim
1323 1286 1331 1301 ,

0 1307 141 1346 divisus,
168 1320 272 1352 neque
290 1321 344 1351 per
362 1312 555 1350 longinquos
575 1312 707 1342 nuntios
735 1311 938 1351 accipiebat,
966 1310 1022 1341 sed
1045 1310 1163 1341 Urbem
1189 1309 1283 1349 juxta
1298 1310 1309 1327 ³
1323 1333 1332 1347 ,

0 1356 110 1387 eodem
135 1358 172 1389 ut
198 1358 250 1389 die
274 1359 323 1389 vel
344 1359 448 1389 noctis
471 1358 640 1396 interjectu
672 1358 786 1389 litteris
812 1358 983 1388 consulum
1013 1357 1219 1396 rescriberet,
1240 1357 1332 1397 quasi

0 1404 153 1441 aspiciens
179 1405 358 1436 undantem
382 1414 435 1445 per
462 1405 575 1435 domos
602 1406 791 1444 sanguinem
815 1407 871 1436 aut
894 1413 1009 1435 manus
1030 1404 1229 1435 carnificum.
1258 1404 1333 1435 Fine

0 1450 72 1480 anni
86 1452 242 1490 Poppaeus
258 1453 392 1483 Sabinus
410 1452 570 1483 concessit
590 1452 679 1491 vita,
708 1452 853 1483 modicus
881 1451 1013 1491 originis
1026 1475 1035 1490 ,
1057 1451 1236 1491 principum
1254 1453 1332 1482 ami-

0 1496 74 1527 citia
87 1498 288 1528 consulatum
307 1507 344 1528 ac
363 1500 558 1538 triumphale
579 1499 675 1529 decus
699 1499 833 1539 adeptus
849 1523 856 1536 ‚
885 1499 1101 1538 maximisque
1126 1497 1304 1538 provinciis
1320 1498 1329 1514 ⁴

0 1551 54 1583 per
74 1546 227 1583 quattuor
246 1548 277 1575 ct
296 1546 410 1585 viginti
428 1555 529 1577 annos
545 1546 737 1586 impositus,
758 1546 878 1577 nullam
905 1546 948 1577 ob
974 1546 1127 1577 eximiam
1148 1546 1262 1585 artem,
1277 1545 1331 1577 sed

0 1591 90 1632 quod
98 1600 172 1631 par
186 1594 328 1632 neqoliis
343 1601 450 1633 neque
465 1602 575 1633 supra
589 1596 675 1624 erut.

38 1641 98 1669 XL.
119 1643 155 1678 Q.
175 1640 331 1678 Plautius,
343 1644 413 1672 Sex.
432 1640 582 1680 Papinius
598 1644 685 1672 Coss.
702 1642 894 1681 sequuntur.
915 1649 953 1671 eo
964 1649 1049 1671 anno
1065 1640 1112 1658 Ἠ
1124 1649 1229 1680 neque
1244 1639 1331 1679 quod

0 1686 31 1714 L.
56 1686 209 1718 Aruseius
232 1690 334 1718 morte
356 1688 460 1718 affecti
477 1688 583 1719 forent
595 1712 603 1725 ,
622 1688 831 1719 assuetudine
845 1688 1005 1718 malorum
1022 1689 1057 1719 ut
1071 1689 1162 1718 atrox
1185 1687 1332 1718 adverte-

0 1729 90 1762 batur
110 1743 116 1763 :
141 1733 197 1764 sed
214 1734 389 1773 exterruit,
413 1734 498 1774 quod
529 1734 703 1765 Vibulenus
720 1735 880 1775 Agrippa,
906 1744 1005 1774 eques
1030 1739 1207 1773 Romanus,
1230 1741 1331 1773 quum

0 1784 194 1825 perorassent
213 1784 417 1812 accusatores
429 1804 438 1818 ‚
460 1781 493 1811 in
509 1781 577 1821 ipsa
592 1782 681 1812 curia
699 1782 926 1822 depromptum
943 1782 1014 1813 sinu
1034 1790 1193 1812 venenum
1212 1780 1330 1819 hausit,

0 1826 233 1867 prolapsusque
265 1837 302 1859 ac
322 1828 537 1859 moribundus
564 1830 724 1860 festinatis
750 1830 901 1859 lictorum
929 1829 1083 1859 manibus
1110 1829 1142 1858 in
1170 1835 1330 1858 carcerem

0 1876 106 1913 raptus
121 1876 181 1913 est,
196 1874 443 1915 saucesquejam
461 1875 620 1906 exanimis
635 1876 748 1914 laqueo
770 1876 908 1905 vexatae.
930 1879 976 1906 Ne
989 1876 1140 1915 Tigranes
1156 1874 1167 1892 ²
1186 1874 1328 1914 quidem,

0 1922 146 1952 Armenia
173 1922 337 1961 quondam
364 1922 484 1962 potitus
501 1930 538 1952 ac
554 1924 632 1952 tunc
655 1930 749 1958 reus,
770 1921 901 1952 nomine
926 1922 1012 1960 regio
1031 1921 1187 1961 supplicia
1209 1920 1329 1951 civium

0 1967 120 2008 effugit.
147 1971 185 2000 At
200 1972 234 2000 C.
251 1969 348 2000 Galba
362 1969 542 2000 consularis
558 1968 569 1986 ³
592 1969 624 1999 et
650 1969 714 1999 duo
736 1968 827 1999 Blaesi
842 1968 1026 1999 voluntario
1048 1969 1138 1999 exitu
1163 1967 1328 2006 cecidere,

0 2015 94 2046 Galba
110 2016 259 2047 tristibus
274 2017 407 2047 Caesaris
429 2015 548 2047 litteris
565 2015 768 2056 provinciam
785 2015 894 2046 sortiri
920 2015 1101 2055 prohibitus
1119 2024 1126 2045 :
1148 2014 1257 2046 Blaesis
1280 2021 1328 2044 sa-

0 2062 156 2102 cerdotia,
177 2063 304 2103 integra
326 2073 439 2095 eorum
465 2062 563 2094 domo
585 2063 766 2102 destinata,
793 2062 950 2093 convulsa
975 2062 1167 2101 distulerat,
1193 2064 1270 2091 tunc
1292 2063 1328 2091 ut

0 2117 99 2141 vacua
114 2112 250 2143 contulit
268 2112 302 2143 in
318 2111 409 2142 alios.
429 2110 518 2150 quod
535 2110 662 2149 signum
678 2110 793 2141 mortis
815 2109 1013 2147 intellexere,
1027 2112 1056 2140 et
1076 2108 1220 2140 exsecuti
1237 2107 1322 2138 sunt.

0 2157 34 2188 Et
46 2157 165 2188 AEmilia
178 2159 314 2198 Lepida,
338 2167 437 2199 quam
451 2157 562 2198 juveni
578 2161 683 2188 Druso
701 2159 835 2197 nuptam
852 2156 949 2188 retuli
964 2158 991 2196 ⁴,
1002 2155 1122 2187 crebris
1136 2154 1325 2187 criminibus

23 2242 172 2268 XXXVIII.
189 2250 208 2268 ι.
228 2245 257 2269 ln
271 2246 445 2270 testamento.

24 2279 148 2303 XXXIX.
164 2285 185 2304 i.
199 2281 239 2304 De
253 2287 305 2310 quo
318 2281 356 2309 II,
371 2286 416 2310 6⁷;
431 2281 482 2311 111,
497 2287 534 2306 sn.
548 2287 606 2306 -Ξ,
621 2282 651 2305 V.
665 2287 747 2311 supra
757 2287 780 2305 c.
792 2286 868 2311 sseq.
879 2286 941 2305 -s.
954 2281 1101 2306 Habitabat
1113 2280 1194 2305 modo
1205 2279 1324 2315 Tusculi,

0 2314 77 2338 modo
90 2314 175 2339 Albae.
186 2327 215 2332 —-
224 2320 246 2339 ⁴.
258 2316 356 2340 Moesiae
365 2335 371 2345 ‚
391 2317 556 2341 Macedoniae
571 2318 599 2341 ct
611 2317 728 2341 Achaiae.

0 2374 7 2380 ⁶
23 2349 78 2374 XI..
93 2356 113 2374 ι.
125 2350 154 2374 U.
166 2355 218 2379 789,
229 2357 252 2380 p.
264 2351 326 2375 Chr.
344 2356 381 2375 se.
395 2353 498 2376 Deinde
513 2359 594 2376 unum
609 2353 652 2376 vel
665 2353 743 2382 plura
754 2352 862 2376 nomtna
873 2353 901 2376 et
914 2352 1030 2376 fortasse
1041 2352 1162 2376 criminis
1172 2350 1324 2380 designatio

0 2385 164 2409 exciderunt.
185 2398 215 2403 —
228 2392 250 2409 ε.
265 2387 377 2410 Ilerodis
388 2393 480 2416 nepos.
495 2393 552 2412 -³.
564 2389 658 2412 Frater
672 2389 856 2418 Imperatoris.
866 2399 896 2404 —
907 2392 931 2411 ⁴.
946 2387 1017 2412 Libri
1038 2388 1058 2411 V
1072 2388 1149 2418 parte
1172 2386 1322 2417 deperdita.

0 2417 98 2445 Deinde
109 2421 278 2446 intestabilis
292 2428 339 2451 pro
354 2423 530 2452 detestabilis,
546 2425 626 2448 etiam
641 2423 705 2448 alibi
717 2430 759 2454 ap.
772 2424 907 2449 Tacitum.
