<?xml version="1.0" encoding="UTF-8"?>
<!DOCTYPE html PUBLIC "-//W3C//DTD XHTML 1.0 Transitional//EN"
    "http://www.w3.org/TR/xhtml1/DTD/xhtml1-transitional.dtd">
<html xmlns="http://www.w3.org/1999/xhtml" xml:lang="en" lang="en">
 <head>
  <title>
</title>
<meta http-equiv="Content-Type" content="text/html;charset=utf-8" />
  <meta name='ocr-system' content='tesseract 3.04.00' />
  <meta name='ocr-capabilities' content='ocr_page ocr_carea ocr_par ocr_line ocrx_word'/>
</head>
<body>
  <div class='ocr_page' id='page_1' title='image "./operaquaesupersu00taciuoft/operaquaesupersu00taciuoft_0024.png"; bbox 0 0 1539 2668; ppageno 0'>
   <div class='ocr_carea' id='block_1_1' title="bbox 140 131 917 163">
    <p class='ocr_par' dir='ltr' id='par_1_1' title="bbox 140 131 917 163">
     <span class='ocr_line' id='line_1_1' title="bbox 140 131 917 163; baseline -0.005 0"><span class='ocrx_word' id='word_1_1' title='bbox 140 142 191 163; x_wconf 61' lang='lat' dir='ltr'>MV</span> <span class='ocrx_word' id='word_1_2' title='bbox 675 131 917 160; x_wconf 84' lang='lat' dir='ltr'><strong>PROPRIETAS</strong></span> 
     </span>
    </p>
   </div>
   <div class='ocr_carea' id='block_1_2' title="bbox 133 205 1458 413">
    <p class='ocr_par' dir='ltr' id='par_1_2' title="bbox 133 205 1458 413">
     <span class='ocr_line' id='line_1_2' title="bbox 134 205 1458 256; baseline 0.002 -11"><span class='ocrx_word' id='word_1_3' title='bbox 134 211 190 246; x_wconf 75' lang='lat' dir='ltr'>De</span> <span class='ocrx_word' id='word_1_4' title='bbox 211 208 381 256; x_wconf 79' lang='lat' dir='ltr'>peculiari</span> <span class='ocrx_word' id='word_1_5' title='bbox 401 218 472 243; x_wconf 90' lang='lat' dir='ltr'>usu</span> <span class='ocrx_word' id='word_1_6' title='bbox 494 208 646 254; x_wconf 67' lang='lat' dir='ltr'>qerzz‘tivi</span> <span class='ocrx_word' id='word_1_7' title='bbox 670 205 752 241; x_wconf 85' lang='lat' dir='ltr'>vide</span> <span class='ocrx_word' id='word_1_8' title='bbox 779 216 886 252; x_wconf 84' lang='lat' dir='ltr'>supra</span> <span class='ocrx_word' id='word_1_9' title='bbox 909 206 947 242; x_wconf 88' lang='lat' dir='ltr'>in</span> <span class='ocrx_word' id='word_1_10' title='bbox 980 208 1165 243; x_wconf 75' lang='lat' dir='ltr'>Genitivo.</span> <span class='ocrx_word' id='word_1_11' title='bbox 1197 206 1321 243; x_wconf 83' lang='lat' dir='ltr'>Alium</span> <span class='ocrx_word' id='word_1_12' title='bbox 1347 219 1458 247; x_wconf 87' lang='lat' dir='ltr'>usum</span> 
     </span>
     <span class='ocr_line' id='line_1_3' title="bbox 133 259 1457 308; baseline 0.002 -11"><span class='ocrx_word' id='word_1_13' title='bbox 133 262 356 308; x_wconf 66' lang='lat' dir='ltr'>singuiarem</span> <span class='ocrx_word' id='word_1_14' title='bbox 380 261 535 307; x_wconf 80' lang='lat' dir='ltr'>explicui</span> <span class='ocrx_word' id='word_1_15' title='bbox 558 259 603 295; x_wconf 83' lang='lat' dir='ltr'>ad</span> <span class='ocrx_word' id='word_1_16' title='bbox 632 259 774 295; x_wconf 75' lang='lat' dir='ltr'>Amzccl.</span> <span class='ocrx_word' id='word_1_17' title='bbox 803 261 886 302; x_wconf 89' lang='lat' dir='ltr'>XV,</span> <span class='ocrx_word' id='word_1_18' title='bbox 921 265 955 302; x_wconf 87' lang='grc'>5,</span> <span class='ocrx_word' id='word_1_19' title='bbox 985 265 1021 295; x_wconf 87' lang='lat' dir='ltr'>et</span> <span class='ocrx_word' id='word_1_20' title='bbox 1043 261 1150 297; x_wconf 82' lang='lat' dir='ltr'>XIII.</span> <span class='ocrx_word' id='word_1_21' title='bbox 1169 263 1228 296; x_wconf 80' lang='lat'>26.</span> <span class='ocrx_word' id='word_1_22' title='bbox 1250 281 1292 285; x_wconf 97' lang='lat'><strong>—</strong></span> <span class='ocrx_word' id='word_1_23' title='bbox 1310 263 1457 300; x_wconf 82' lang='lat' dir='ltr'>Passiva</span> 
     </span>
     <span class='ocr_line' id='line_1_4' title="bbox 135 312 1455 362; baseline 0.002 -13"><span class='ocrx_word' id='word_1_24' title='bbox 135 315 181 359; x_wconf 81' lang='lat' dir='ltr'>vi,</span> <span class='ocrx_word' id='word_1_25' title='bbox 201 314 301 361; x_wconf 89' lang='lat' dir='ltr'>quod</span> <span class='ocrx_word' id='word_1_26' title='bbox 315 325 451 358; x_wconf 80' lang='lat' dir='ltr'>rarum,</span> <span class='ocrx_word' id='word_1_27' title='bbox 472 313 627 349; x_wconf 70' lang='lat' dir='ltr'>habetur</span> <span class='ocrx_word' id='word_1_28' title='bbox 645 312 741 358; x_wconf 81' lang='lat' dir='ltr'>apud</span> <span class='ocrx_word' id='word_1_29' title='bbox 762 312 927 347; x_wconf 77' lang='lat' dir='ltr'>Tacitum</span> <span class='ocrx_word' id='word_1_30' title='bbox 946 324 954 347; x_wconf 92' lang='lat'>:</span> <span class='ocrx_word' id='word_1_31' title='bbox 969 315 1151 359; x_wconf 75' lang='lat' dir='ltr'>precario</span> <span class='ocrx_word' id='word_1_32' title='bbox 1156 314 1180 359; x_wconf 80' lang='lat' dir='ltr'><strong><em>j</em></strong></span> <span class='ocrx_word' id='word_1_33' title='bbox 1185 324 1250 348; x_wconf 78' lang='lat' dir='ltr'>ure</span> <span class='ocrx_word' id='word_1_34' title='bbox 1262 316 1432 360; x_wconf 68' lang='lat' dir='ltr'>parendi</span> <span class='ocrx_word' id='word_1_35' title='bbox 1442 333 1455 362; x_wconf 92' lang='lat'><em>;</em></span> 
     </span>
     <span class='ocr_line' id='line_1_5' title="bbox 133 368 1336 413; baseline -0.002 -7"><span class='ocrx_word' id='word_1_36' title='bbox 133 376 169 406; x_wconf 88' lang='lat' dir='ltr'>et</span> <span class='ocrx_word' id='word_1_37' title='bbox 188 370 414 406; x_wconf 83' lang='lat' dir='ltr'>accusativus</span> <span class='ocrx_word' id='word_1_38' title='bbox 432 381 441 403; x_wconf 93' lang='lat'><strong>:</strong></span> <span class='ocrx_word' id='word_1_39' title='bbox 461 379 537 403; x_wconf 75' lang='lat' dir='ltr'>non</span> <span class='ocrx_word' id='word_1_40' title='bbox 550 370 700 403; x_wconf 73' lang='lat' dir='ltr'>senatui</span> <span class='ocrx_word' id='word_1_41' title='bbox 714 368 871 403; x_wconf 75' lang='lat' dir='ltr'>libertas</span> <span class='ocrx_word' id='word_1_42' title='bbox 888 368 943 403; x_wconf 78' lang='lat' dir='ltr'>acl</span> <span class='ocrx_word' id='word_1_43' title='bbox 955 368 1218 413; x_wconf 65' lang='lat' dir='ltr'>poenitendum</span> <span class='ocrx_word' id='word_1_44' title='bbox 1238 372 1336 405; x_wconf 78' lang='lat' dir='ltr'>erat.</span> 
     </span>
    </p>
   </div>
   <div class='ocr_carea' id='block_1_3' title="bbox 132 442 1459 648">
    <p class='ocr_par' dir='ltr' id='par_1_3' title="bbox 132 442 1459 648">
     <span class='ocr_line' id='line_1_6' title="bbox 181 442 1459 491; baseline 0.001 -10"><span class='ocrx_word' id='word_1_45' title='bbox 181 448 208 481; x_wconf 83' lang='lat' dir='ltr'><em>S</em></span> <span class='ocrx_word' id='word_1_46' title='bbox 212 448 328 491; x_wconf 67' lang='lat' dir='ltr'>apina</span> <span class='ocrx_word' id='word_1_47' title='bbox 345 445 432 480; x_wconf 82' lang='lat' dir='ltr'>item</span> <span class='ocrx_word' id='word_1_48' title='bbox 453 449 540 479; x_wconf 86' lang='lat' dir='ltr'>sunt</span> <span class='ocrx_word' id='word_1_49' title='bbox 565 443 665 489; x_wconf 81' lang='lat' dir='ltr'>quasi</span> <span class='ocrx_word' id='word_1_50' title='bbox 687 443 914 478; x_wconf 74' lang='lat' dir='ltr'>aecusativus</span> <span class='ocrx_word' id='word_1_51' title='bbox 933 447 969 477; x_wconf 91' lang='lat' dir='ltr'>et</span> <span class='ocrx_word' id='word_1_52' title='bbox 985 442 1162 478; x_wconf 81' lang='lat' dir='ltr'>ablativus</span> <span class='ocrx_word' id='word_1_53' title='bbox 1186 442 1355 480; x_wconf 82' lang='lat' dir='ltr'>infinitivi</span> <span class='ocrx_word' id='word_1_54' title='bbox 1374 446 1459 482; x_wconf 88' lang='lat' dir='ltr'>sub-</span> 
     </span>
     <span class='ocr_line' id='line_1_7' title="bbox 132 495 1456 543; baseline 0 -9"><span class='ocrx_word' id='word_1_55' title='bbox 132 498 287 534; x_wconf 82' lang='lat' dir='ltr'>stantive</span> <span class='ocrx_word' id='word_1_56' title='bbox 307 497 393 533; x_wconf 80' lang='lat' dir='ltr'>dicti</span> <span class='ocrx_word' id='word_1_57' title='bbox 410 510 417 531; x_wconf 80' lang='lat' dir='ltr'>z</span> <span class='ocrx_word' id='word_1_58' title='bbox 438 507 551 543; x_wconf 83' lang='lat' dir='ltr'>quare</span> <span class='ocrx_word' id='word_1_59' title='bbox 570 506 833 541; x_wconf 84' lang='lat' dir='ltr'>nonnunquam</span> <span class='ocrx_word' id='word_1_60' title='bbox 857 506 940 530; x_wconf 84' lang='lat' dir='ltr'>cum</span> <span class='ocrx_word' id='word_1_61' title='bbox 966 495 1135 541; x_wconf 83' lang='lat' dir='ltr'>genitivis</span> <span class='ocrx_word' id='word_1_62' title='bbox 1154 505 1251 531; x_wconf 88' lang='lat' dir='ltr'>mera</span> <span class='ocrx_word' id='word_1_63' title='bbox 1271 503 1359 533; x_wconf 89' lang='lat' dir='ltr'>sunt</span> <span class='ocrx_word' id='word_1_64' title='bbox 1374 498 1456 534; x_wconf 90' lang='lat' dir='ltr'>sub-</span> 
     </span>
     <span class='ocr_line' id='line_1_8' title="bbox 132 548 1455 596; baseline 0.002 -11"><span class='ocrx_word' id='word_1_65' title='bbox 132 551 288 586; x_wconf 77' lang='lat' dir='ltr'>stantiva</span> <span class='ocrx_word' id='word_1_66' title='bbox 306 563 313 585; x_wconf 93' lang='lat'>:</span> <span class='ocrx_word' id='word_1_67' title='bbox 334 551 514 586; x_wconf 74' lang='lat' dir='ltr'>distinctu</span> <span class='ocrx_word' id='word_1_68' title='bbox 522 552 757 596; x_wconf 66' lang='lat' dir='ltr'>pinum-imi,-</span> <span class='ocrx_word' id='word_1_69' title='bbox 772 548 958 594; x_wconf 61' lang='lat' dir='ltr'>dispositu</span> <span class='ocrx_word' id='word_1_70' title='bbox 967 550 1198 594; x_wconf 77' lang='lat' dir='ltr'>provisuque</span> <span class='ocrx_word' id='word_1_71' title='bbox 1217 549 1385 585; x_wconf 77' lang='lat' dir='ltr'>civilium</span> <span class='ocrx_word' id='word_1_72' title='bbox 1400 561 1455 587; x_wconf 82' lang='lat' dir='ltr'>re-</span> 
     </span>
     <span class='ocr_line' id='line_1_9' title="bbox 132 609 321 648; baseline 0 -11"><span class='ocrx_word' id='word_1_73' title='bbox 132 613 231 648; x_wconf 68' lang='lat' dir='ltr'>rum,</span> <span class='ocrx_word' id='word_1_74' title='bbox 252 609 321 639; x_wconf 87' lang='lat' dir='ltr'>etc.</span> 
     </span>
    </p>
   </div>
   <div class='ocr_carea' id='block_1_4' title="bbox 667 687 919 714">
    <p class='ocr_par' dir='ltr' id='par_1_4' title="bbox 667 687 919 714">
     <span class='ocr_line' id='line_1_10' title="bbox 667 687 919 714; baseline -0.008 0"><span class='ocrx_word' id='word_1_75' title='bbox 667 687 919 714; x_wconf 68' lang='lat' dir='ltr'><strong>PARTICIPIA.</strong></span> 
     </span>
    </p>
   </div>
   <div class='ocr_carea' id='block_1_5' title="bbox 128 772 1454 926">
    <p class='ocr_par' dir='ltr' id='par_1_5' title="bbox 128 772 1454 926">
     <span class='ocr_line' id='line_1_11' title="bbox 177 772 1454 822; baseline -0.001 -10"><span class='ocrx_word' id='word_1_76' title='bbox 177 778 391 822; x_wconf 74' lang='lat' dir='ltr'>Participz‘a</span> <span class='ocrx_word' id='word_1_77' title='bbox 415 774 578 822; x_wconf 77' lang='lat' dir='ltr'>perfecti</span> <span class='ocrx_word' id='word_1_78' title='bbox 595 776 746 820; x_wconf 68' lang='lat' dir='ltr'>passivi</span> <span class='ocrx_word' id='word_1_79' title='bbox 775 772 945 819; x_wconf 83' lang='lat' dir='ltr'>quaedam</span> <span class='ocrx_word' id='word_1_80' title='bbox 972 777 1160 819; x_wconf 89' lang='lat' dir='ltr'>ponuntur</span> <span class='ocrx_word' id='word_1_81' title='bbox 1190 774 1454 820; x_wconf 79' lang='lat' dir='ltr'>significatione</span> 
     </span>
     <span class='ocr_line' id='line_1_12' title="bbox 128 825 1453 875; baseline -0.002 -11"><span class='ocrx_word' id='word_1_82' title='bbox 128 828 388 875; x_wconf 74' lang='lat' dir='ltr'>adjectivorum</span> <span class='ocrx_word' id='word_1_83' title='bbox 405 828 442 862; x_wconf 90' lang='lat' dir='ltr'>in</span> <span class='ocrx_word' id='word_1_84' title='bbox 460 826 601 870; x_wconf 75' lang='lat' dir='ltr'>——bilz‘s,</span> <span class='ocrx_word' id='word_1_85' title='bbox 619 830 660 862; x_wconf 87' lang='lat' dir='ltr'>ut</span> <span class='ocrx_word' id='word_1_86' title='bbox 677 828 861 869; x_wconf 63' lang='lat' dir='ltr'>invictus,</span> <span class='ocrx_word' id='word_1_87' title='bbox 884 825 944 872; x_wconf 90' lang='lat' dir='ltr'>qui</span> <span class='ocrx_word' id='word_1_88' title='bbox 966 826 1060 861; x_wconf 88' lang='lat' dir='ltr'>vinci</span> <span class='ocrx_word' id='word_1_89' title='bbox 1080 836 1156 861; x_wconf 86' lang='lat' dir='ltr'>nou</span> <span class='ocrx_word' id='word_1_90' title='bbox 1181 831 1302 873; x_wconf 82' lang='lat' dir='ltr'>potest</span> <span class='ocrx_word' id='word_1_91' title='bbox 1325 826 1453 875; x_wconf 83' lang='lat' dir='ltr'>(quasi</span> 
     </span>
     <span class='ocr_line' id='line_1_13' title="bbox 130 879 1379 926; baseline 0.001 -11"><span class='ocrx_word' id='word_1_92' title='bbox 130 881 387 925; x_wconf 58' lang='lat' dir='ltr'>invincibilis),</span> <span class='ocrx_word' id='word_1_93' title='bbox 412 883 644 926; x_wconf 75' lang='lat' dir='ltr'>inaccessus,</span> <span class='ocrx_word' id='word_1_94' title='bbox 668 885 751 922; x_wconf 85' lang='lat' dir='ltr'>etc.;</span> <span class='ocrx_word' id='word_1_95' title='bbox 772 881 971 925; x_wconf 66' lang='lat' dir='ltr'>coercitus,</span> <span class='ocrx_word' id='word_1_96' title='bbox 992 879 1053 925; x_wconf 91' lang='lat' dir='ltr'>qui</span> <span class='ocrx_word' id='word_1_97' title='bbox 1074 885 1193 925; x_wconf 85' lang='lat' dir='ltr'>potest</span> <span class='ocrx_word' id='word_1_98' title='bbox 1209 882 1379 916; x_wconf 75' lang='lat' dir='ltr'>coerceri.</span> 
     </span>
    </p>
   </div>
   <div class='ocr_carea' id='block_1_6' title="bbox 123 959 1453 1588">
    <p class='ocr_par' dir='ltr' id='par_1_6' title="bbox 123 959 1453 1588">
     <span class='ocr_line' id='line_1_14' title="bbox 176 959 1453 1008; baseline 0 -11"><span class='ocrx_word' id='word_1_99' title='bbox 176 964 388 1007; x_wconf 66' lang='lat' dir='ltr'>partieipia</span> <span class='ocrx_word' id='word_1_100' title='bbox 399 960 564 1008; x_wconf 75' lang='lat' dir='ltr'>perfecti</span> <span class='ocrx_word' id='word_1_101' title='bbox 581 961 846 1007; x_wconf 75' lang='lat' dir='ltr'>deponentium</span> <span class='ocrx_word' id='word_1_102' title='bbox 864 959 1056 995; x_wconf 84' lang='lat' dir='ltr'>verborum</span> <span class='ocrx_word' id='word_1_103' title='bbox 1074 970 1170 1006; x_wconf 79' lang='lat' dir='ltr'>saepe</span> <span class='ocrx_word' id='word_1_104' title='bbox 1199 960 1375 997; x_wconf 84' lang='lat' dir='ltr'>amittunt</span> <span class='ocrx_word' id='word_1_105' title='bbox 1403 962 1453 997; x_wconf 89' lang='lat' dir='ltr'>si-</span> 
     </span>
     <span class='ocr_line' id='line_1_15' title="bbox 129 1012 1453 1063; baseline 0 -13"><span class='ocrx_word' id='word_1_106' title='bbox 129 1015 397 1063; x_wconf 77' lang='lat' dir='ltr'>gnificationem</span> <span class='ocrx_word' id='word_1_107' title='bbox 419 1014 589 1060; x_wconf 78' lang='lat' dir='ltr'>praeteriti</span> <span class='ocrx_word' id='word_1_108' title='bbox 615 1019 652 1049; x_wconf 89' lang='lat' dir='ltr'>et</span> <span class='ocrx_word' id='word_1_109' title='bbox 671 1019 856 1059; x_wconf 80' lang='lat' dir='ltr'>ponuntur</span> <span class='ocrx_word' id='word_1_110' title='bbox 883 1019 924 1048; x_wconf 88' lang='lat' dir='ltr'>ut</span> <span class='ocrx_word' id='word_1_111' title='bbox 950 1012 1138 1058; x_wconf 59' lang='lat' dir='ltr'>praesentis</span> <span class='ocrx_word' id='word_1_112' title='bbox 1161 1012 1351 1060; x_wconf 82' lang='lat' dir='ltr'>participia</span> <span class='ocrx_word' id='word_1_113' title='bbox 1378 1013 1453 1050; x_wconf 89' lang='lat' dir='ltr'>sive</span> 
     </span>
     <span class='ocr_line' id='line_1_16' title="bbox 127 1065 1449 1111; baseline -0.001 -8"><span class='ocrx_word' id='word_1_114' title='bbox 127 1069 289 1110; x_wconf 73' lang='grc' dir='ltr'>ἀορίστως,</span> <span class='ocrx_word' id='word_1_115' title='bbox 312 1068 334 1102; x_wconf 88' lang='lat' dir='ltr'>i.</span> <span class='ocrx_word' id='word_1_116' title='bbox 355 1078 386 1102; x_wconf 91' lang='lat' dir='ltr'>e.</span> <span class='ocrx_word' id='word_1_117' title='bbox 409 1068 487 1102; x_wconf 86' lang='lat' dir='ltr'>sine</span> <span class='ocrx_word' id='word_1_118' title='bbox 506 1067 656 1102; x_wconf 82' lang='lat' dir='ltr'>notione</span> <span class='ocrx_word' id='word_1_119' title='bbox 672 1067 857 1111; x_wconf 86' lang='lat' dir='ltr'>temporis.</span> <span class='ocrx_word' id='word_1_120' title='bbox 880 1065 1146 1101; x_wconf 79' lang='lat' dir='ltr'>Annotavimus</span> <span class='ocrx_word' id='word_1_121' title='bbox 1162 1066 1308 1101; x_wconf 77' lang='lat' dir='ltr'><em>Annal.</em></span> <span class='ocrx_word' id='word_1_122' title='bbox 1323 1068 1371 1109; x_wconf 86' lang='lat' dir='ltr'>II,</span> <span class='ocrx_word' id='word_1_123' title='bbox 1392 1069 1449 1110; x_wconf 80' lang='lat'>143</span> 
     </span>
     <span class='ocr_line' id='line_1_17' title="bbox 129 1117 1451 1165; baseline -0.002 -9"><span class='ocrx_word' id='word_1_124' title='bbox 129 1122 202 1163; x_wconf 79' lang='grc' dir='ltr'>ΠΙ,</span> <span class='ocrx_word' id='word_1_125' title='bbox 221 1125 279 1160; x_wconf 75' lang='lat'>43,</span> <span class='ocrx_word' id='word_1_126' title='bbox 296 1119 341 1155; x_wconf 88' lang='lat' dir='ltr'>de</span> <span class='ocrx_word' id='word_1_127' title='bbox 360 1122 564 1165; x_wconf 70' lang='lat' dir='ltr'>operatu87·</span> <span class='ocrx_word' id='word_1_128' title='bbox 579 1124 615 1154; x_wconf 89' lang='lat' dir='ltr'>et</span> <span class='ocrx_word' id='word_1_129' title='bbox 633 1129 753 1153; x_wconf 85' lang='lat' dir='ltr'>rerum</span> <span class='ocrx_word' id='word_1_130' title='bbox 770 1128 851 1163; x_wconf 75' lang='lat' dir='ltr'>quae</span> <span class='ocrx_word' id='word_1_131' title='bbox 866 1122 1062 1152; x_wconf 77' lang='lat' dir='ltr'>narrantur</span> <span class='ocrx_word' id='word_1_132' title='bbox 1091 1117 1221 1152; x_wconf 84' lang='lat' dir='ltr'>seriem</span> <span class='ocrx_word' id='word_1_133' title='bbox 1250 1118 1451 1154; x_wconf 79' lang='lat' dir='ltr'>naturalem</span> 
     </span>
     <span class='ocr_line' id='line_1_18' title="bbox 126 1168 1451 1219; baseline -0.003 -10"><span class='ocrx_word' id='word_1_134' title='bbox 126 1172 352 1219; x_wconf 85' lang='lat' dir='ltr'>perpendens</span> <span class='ocrx_word' id='word_1_135' title='bbox 371 1172 468 1207; x_wconf 87' lang='lat' dir='ltr'>hunc</span> <span class='ocrx_word' id='word_1_136' title='bbox 493 1181 601 1207; x_wconf 87' lang='lat' dir='ltr'>usum</span> <span class='ocrx_word' id='word_1_137' title='bbox 622 1171 659 1205; x_wconf 90' lang='lat' dir='ltr'>in</span> <span class='ocrx_word' id='word_1_138' title='bbox 677 1180 820 1215; x_wconf 85' lang='lat' dir='ltr'>quoque</span> <span class='ocrx_word' id='word_1_139' title='bbox 836 1169 918 1204; x_wconf 84' lang='lat' dir='ltr'>loco</span> <span class='ocrx_word' id='word_1_140' title='bbox 936 1168 1043 1203; x_wconf 82' lang='lat' dir='ltr'>facile</span> <span class='ocrx_word' id='word_1_141' title='bbox 1063 1179 1249 1213; x_wconf 71' lang='lat' dir='ltr'>agnosces.</span> <span class='ocrx_word' id='word_1_142' title='bbox 1272 1171 1391 1205; x_wconf 77' lang='lat' dir='ltr'>Etiam</span> <span class='ocrx_word' id='word_1_143' title='bbox 1413 1170 1451 1206; x_wconf 91' lang='lat' dir='ltr'>in</span> 
     </span>
     <span class='ocr_line' id='line_1_19' title="bbox 126 1221 1452 1272; baseline -0.002 -11"><span class='ocrx_word' id='word_1_144' title='bbox 126 1228 344 1272; x_wconf 63' lang='lat' dir='ltr'>participiis</span> <span class='ocrx_word' id='word_1_145' title='bbox 360 1226 527 1270; x_wconf 69' lang='lat' dir='ltr'>passivis</span> <span class='ocrx_word' id='word_1_146' title='bbox 546 1232 702 1268; x_wconf 63' lang='lat' dir='ltr'>praesens</span> <span class='ocrx_word' id='word_1_147' title='bbox 723 1222 914 1267; x_wconf 73' lang='lat' dir='ltr'>aliquoties</span> <span class='ocrx_word' id='word_1_148' title='bbox 935 1221 1065 1256; x_wconf 85' lang='lat' dir='ltr'>melius</span> <span class='ocrx_word' id='word_1_149' title='bbox 1090 1221 1307 1267; x_wconf 85' lang='lat' dir='ltr'>respondere</span> <span class='ocrx_word' id='word_1_150' title='bbox 1333 1222 1452 1259; x_wconf 88' lang='lat' dir='ltr'>videa-</span> 
     </span>
     <span class='ocr_line' id='line_1_20' title="bbox 126 1272 1451 1323; baseline -0.003 -9"><span class='ocrx_word' id='word_1_151' title='bbox 126 1285 185 1314; x_wconf 85' lang='lat' dir='ltr'>tur</span> <span class='ocrx_word' id='word_1_152' title='bbox 206 1279 331 1323; x_wconf 72' lang='lat' dir='ltr'>logicae</span> <span class='ocrx_word' id='word_1_153' title='bbox 347 1277 479 1312; x_wconf 77' lang='lat' dir='ltr'>rationi</span> <span class='ocrx_word' id='word_1_154' title='bbox 498 1287 506 1310; x_wconf 89' lang='lat'>:</span> <span class='ocrx_word' id='word_1_155' title='bbox 533 1277 632 1322; x_wconf 68' lang='lat' dir='ltr'>iqui-5</span> <span class='ocrx_word' id='word_1_156' title='bbox 653 1275 834 1310; x_wconf 73' lang='lat' dir='ltr'>violentia</span> <span class='ocrx_word' id='word_1_157' title='bbox 862 1274 995 1309; x_wconf 79' lang='lat' dir='ltr'>Urbem</span> <span class='ocrx_word' id='word_1_158' title='bbox 1020 1272 1156 1319; x_wconf 74' lang='lat' dir='ltr'>affecit</span> <span class='ocrx_word' id='word_1_159' title='bbox 1178 1275 1309 1310; x_wconf 75' lang='lat' dir='ltr'>deusto</span> <span class='ocrx_word' id='word_1_160' title='bbox 1327 1278 1451 1311; x_wconf 78' lang='lat' dir='ltr'>monte</span> 
     </span>
     <span class='ocr_line' id='line_1_21' title="bbox 127 1327 1452 1377; baseline -0.004 -10"><span class='ocrx_word' id='word_1_161' title='bbox 127 1331 254 1377; x_wconf 65' lang='lat' dir='ltr'>Coelio,</span> <span class='ocrx_word' id='word_1_162' title='bbox 273 1329 458 1366; x_wconf 84' lang='lat' dir='ltr'>deurendo</span> <span class='ocrx_word' id='word_1_163' title='bbox 479 1331 640 1363; x_wconf 82' lang='lat' dir='ltr'>montem</span> <span class='ocrx_word' id='word_1_164' title='bbox 656 1327 829 1364; x_wconf 64' lang='lat' dir='ltr'>Coelium.</span> <span class='ocrx_word' id='word_1_165' title='bbox 851 1329 950 1362; x_wconf 77' lang='lat' dir='ltr'>Nero</span> <span class='ocrx_word' id='word_1_166' title='bbox 966 1328 1285 1372; x_wconf 69' lang='lat' dir='ltr'>virtzctemz‘psam</span> <span class='ocrx_word' id='word_1_167' title='bbox 1305 1329 1452 1362; x_wconf 71' lang='lat' dir='ltr'>exscin-</span> 
     </span>
     <span class='ocr_line' id='line_1_22' title="bbox 126 1378 1451 1428; baseline -0.002 -9"><span class='ocrx_word' id='word_1_168' title='bbox 126 1385 217 1420; x_wconf 76' lang='lat' dir='ltr'>dere</span> <span class='ocrx_word' id='word_1_169' title='bbox 238 1384 451 1428; x_wconf 61' lang='lat' dir='ltr'>covicwpz&#39;vz&#39;t</span> <span class='ocrx_word' id='word_1_170' title='bbox 464 1380 662 1427; x_wconf 73' lang='lat' dir='ltr'>‘interfecto</span> <span class='ocrx_word' id='word_1_171' title='bbox 681 1380 862 1425; x_wconf 69' lang='lat' dir='ltr'>Thrasea,</span> <span class='ocrx_word' id='word_1_172' title='bbox 878 1379 1073 1414; x_wconf 78' lang='lat' dir='ltr'>Thraseam</span> <span class='ocrx_word' id='word_1_173' title='bbox 1096 1378 1358 1415; x_wconf 75' lang='lat' dir='ltr'>interficIendo.</span> <span class='ocrx_word' id='word_1_174' title='bbox 1379 1379 1451 1416; x_wconf 87' lang='lat' dir='ltr'>Sed</span> 
     </span>
     <span class='ocr_line' id='line_1_23' title="bbox 127 1432 1451 1482; baseline -0.004 -10"><span class='ocrx_word' id='word_1_175' title='bbox 127 1439 164 1473; x_wconf 86' lang='lat' dir='ltr'>in</span> <span class='ocrx_word' id='word_1_176' title='bbox 184 1437 251 1472; x_wconf 84' lang='lat' dir='ltr'>hoc</span> <span class='ocrx_word' id='word_1_177' title='bbox 269 1436 363 1479; x_wconf 81' lang='lat' dir='ltr'>loco,</span> <span class='ocrx_word' id='word_1_178' title='bbox 381 1435 491 1482; x_wconf 76' lang='lat' dir='ltr'>Quod</span> <span class='ocrx_word' id='word_1_179' title='bbox 503 1434 611 1470; x_wconf 73' lang='lat' dir='ltr'>editis</span> <span class='ocrx_word' id='word_1_180' title='bbox 625 1433 827 1469; x_wconf 77' lang='lat' dir='ltr'>annalibus</span> <span class='ocrx_word' id='word_1_181' title='bbox 842 1432 1074 1478; x_wconf 75' lang='lat' dir='ltr'>laudatoque</span> <span class='ocrx_word' id='word_1_182' title='bbox 1094 1434 1206 1467; x_wconf 74' lang='lat' dir='ltr'>Bruto</span> <span class='ocrx_word' id='word_1_183' title='bbox 1217 1436 1257 1469; x_wconf 90' lang='lat' dir='ltr'>C.</span> <span class='ocrx_word' id='word_1_184' title='bbox 1277 1434 1451 1469; x_wconf 78' lang='lat' dir='ltr'>Cassium</span> 
     </span>
     <span class='ocr_line' id='line_1_24' title="bbox 126 1484 1450 1531; baseline -0.002 -7"><span class='ocrx_word' id='word_1_185' title='bbox 126 1494 384 1525; x_wconf 34' lang='lat' dir='ltr'>Romanor-&#39;mn</span> <span class='ocrx_word' id='word_1_186' title='bbox 400 1489 574 1523; x_wconf 73' lang='lat' dir='ltr'>ultimum</span> <span class='ocrx_word' id='word_1_187' title='bbox 593 1488 770 1530; x_wconf 71' lang='lat' dir='ltr'>dioec&#39;sset,</span> <span class='ocrx_word' id='word_1_188' title='bbox 793 1485 973 1521; x_wconf 84' lang='lat' dir='ltr'>sententia</span> <span class='ocrx_word' id='word_1_189' title='bbox 991 1490 1057 1529; x_wconf 83' lang='lat' dir='ltr'>est,</span> <span class='ocrx_word' id='word_1_190' title='bbox 1085 1484 1184 1531; x_wconf 85' lang='lat' dir='ltr'>quod</span> <span class='ocrx_word' id='word_1_191' title='bbox 1203 1485 1361 1522; x_wconf 84' lang='lat' dir='ltr'>ediderit</span> <span class='ocrx_word' id='word_1_192' title='bbox 1384 1487 1450 1521; x_wconf 70' lang='lat' dir='ltr'>a&#39;n-</span> 
     </span>
     <span class='ocr_line' id='line_1_25' title="bbox 123 1537 1351 1588; baseline -0.003 -10"><span class='ocrx_word' id='word_1_193' title='bbox 123 1542 240 1584; x_wconf 76' lang='lat' dir='ltr'>nales,</span> <span class='ocrx_word' id='word_1_194' title='bbox 261 1543 298 1577; x_wconf 91' lang='lat' dir='ltr'>in</span> <span class='ocrx_word' id='word_1_195' title='bbox 318 1541 450 1588; x_wconf 85' lang='lat' dir='ltr'>quibus</span> <span class='ocrx_word' id='word_1_196' title='bbox 463 1540 683 1577; x_wconf 81' lang='lat' dir='ltr'>laudavisset</span> <span class='ocrx_word' id='word_1_197' title='bbox 700 1542 856 1575; x_wconf 85' lang='lat' dir='ltr'>Brutum</span> <span class='ocrx_word' id='word_1_198' title='bbox 876 1543 912 1574; x_wconf 89' lang='lat' dir='ltr'>et</span> <span class='ocrx_word' id='word_1_199' title='bbox 929 1538 1114 1574; x_wconf 85' lang='lat' dir='ltr'>Cassium.</span> <span class='ocrx_word' id='word_1_200' title='bbox 1129 1563 1137 1571; x_wconf 95' lang='lat'>.</span> <span class='ocrx_word' id='word_1_201' title='bbox 1154 1564 1161 1571; x_wconf 91' lang='lat'>.</span> <span class='ocrx_word' id='word_1_202' title='bbox 1187 1537 1351 1575; x_wconf 83' lang='lat' dir='ltr'>dixisset.</span> 
     </span>
    </p>
   </div>
   <div class='ocr_carea' id='block_1_7' title="bbox 125 1619 1448 1881">
    <p class='ocr_par' dir='ltr' id='par_1_7' title="bbox 125 1619 1448 1881">
     <span class='ocr_line' id='line_1_26' title="bbox 172 1619 1444 1671; baseline -0.002 -11"><span class='ocrx_word' id='word_1_203' title='bbox 172 1625 384 1671; x_wconf 74' lang='lat' dir='ltr'>Participia</span> <span class='ocrx_word' id='word_1_204' title='bbox 395 1625 553 1669; x_wconf 78' lang='lat' dir='ltr'>passiva</span> <span class='ocrx_word' id='word_1_205' title='bbox 576 1632 662 1658; x_wconf 84' lang='lat' dir='ltr'>cum</span> <span class='ocrx_word' id='word_1_206' title='bbox 682 1621 916 1657; x_wconf 72' lang='lat' dir='ltr'>substantivo</span> <span class='ocrx_word' id='word_1_207' title='bbox 935 1619 1031 1666; x_wconf 78' lang='lat' dir='ltr'>apud</span> <span class='ocrx_word' id='word_1_208' title='bbox 1046 1619 1214 1655; x_wconf 82' lang='lat' dir='ltr'>Tacitum</span> <span class='ocrx_word' id='word_1_209' title='bbox 1235 1620 1356 1665; x_wconf 82' lang='lat' dir='ltr'>paullo</span> <span class='ocrx_word' id='word_1_210' title='bbox 1375 1631 1444 1658; x_wconf 86' lang='lat' dir='ltr'>sae-</span> 
     </span>
     <span class='ocr_line' id='line_1_27' title="bbox 126 1672 1448 1725; baseline -0.002 -12"><span class='ocrx_word' id='word_1_211' title='bbox 126 1678 206 1725; x_wconf 86' lang='lat' dir='ltr'>pius</span> <span class='ocrx_word' id='word_1_212' title='bbox 234 1687 342 1723; x_wconf 80' lang='lat' dir='ltr'>quam</span> <span class='ocrx_word' id='word_1_213' title='bbox 363 1675 459 1722; x_wconf 78' lang='lat' dir='ltr'>apud</span> <span class='ocrx_word' id='word_1_214' title='bbox 478 1676 567 1712; x_wconf 80' lang='lat' dir='ltr'>alios</span> <span class='ocrx_word' id='word_1_215' title='bbox 587 1680 775 1722; x_wconf 87' lang='lat' dir='ltr'>ponuntur</span> <span class='ocrx_word' id='word_1_216' title='bbox 796 1684 859 1720; x_wconf 88' lang='lat' dir='ltr'>pro</span> <span class='ocrx_word' id='word_1_217' title='bbox 880 1672 1112 1709; x_wconf 69' lang='lat' dir='ltr'>substantivo</span> <span class='ocrx_word' id='word_1_218' title='bbox 1130 1672 1322 1709; x_wconf 69' lang='lat' dir='ltr'>abstracto</span> <span class='ocrx_word' id='word_1_219' title='bbox 1347 1675 1448 1721; x_wconf 85' lang='lat' dir='ltr'>geni-</span> 
     </span>
     <span class='ocr_line' id='line_1_28' title="bbox 125 1725 1443 1772; baseline -0.002 -7"><span class='ocrx_word' id='word_1_220' title='bbox 125 1731 239 1766; x_wconf 89' lang='lat' dir='ltr'>tivum</span> <span class='ocrx_word' id='word_1_221' title='bbox 260 1729 412 1765; x_wconf 80' lang='lat' dir='ltr'>habente</span> <span class='ocrx_word' id='word_1_222' title='bbox 432 1741 439 1763; x_wconf 94' lang='lat'>:</span> <span class='ocrx_word' id='word_1_223' title='bbox 463 1730 605 1764; x_wconf 70' lang='lat' dir='ltr'>occisus</span> <span class='ocrx_word' id='word_1_224' title='bbox 624 1730 758 1764; x_wconf 74' lang='lat' dir='ltr'>Caesar</span> <span class='ocrx_word' id='word_1_225' title='bbox 777 1727 867 1762; x_wconf 70' lang='lat' dir='ltr'>aliis</span> <span class='ocrx_word' id='word_1_226' title='bbox 874 1728 1080 1772; x_wconf 79' lang='lat' dir='ltr'>pessimum</span> <span class='ocrx_word' id='word_1_227' title='bbox 1088 1752 1099 1771; x_wconf 86' lang='lat'>,</span> <span class='ocrx_word' id='word_1_228' title='bbox 1121 1725 1209 1761; x_wconf 69' lang='lat' dir='ltr'>aliis</span> <span class='ocrx_word' id='word_1_229' title='bbox 1226 1726 1443 1772; x_wconf 75' lang='lat' dir='ltr'>pulcherri-</span> 
     </span>
     <span class='ocr_line' id='line_1_29' title="bbox 125 1778 1446 1828; baseline -0.002 -10"><span class='ocrx_word' id='word_1_230' title='bbox 125 1794 224 1818; x_wconf 77' lang='lat' dir='ltr'>mum</span> <span class='ocrx_word' id='word_1_231' title='bbox 233 1783 395 1828; x_wconf 75' lang='lat' dir='ltr'>facinus</span> <span class='ocrx_word' id='word_1_232' title='bbox 409 1781 621 1827; x_wconf 72' lang='lat' dir='ltr'>videbatur,</span> <span class='ocrx_word' id='word_1_233' title='bbox 644 1780 779 1816; x_wconf 80' lang='lat' dir='ltr'>occisio</span> <span class='ocrx_word' id='word_1_234' title='bbox 795 1779 868 1815; x_wconf 85' lang='lat' dir='ltr'>sive</span> <span class='ocrx_word' id='word_1_235' title='bbox 883 1778 1000 1815; x_wconf 86' lang='lat' dir='ltr'>caedes</span> <span class='ocrx_word' id='word_1_236' title='bbox 1015 1778 1180 1815; x_wconf 84' lang='lat' dir='ltr'>Caesaris.</span> <span class='ocrx_word' id='word_1_237' title='bbox 1198 1781 1326 1824; x_wconf 80' lang='lat' dir='ltr'><em>Rapta</em></span> <span class='ocrx_word' id='word_1_238' title='bbox 1339 1789 1446 1816; x_wconf 70' lang='lat' dir='ltr'>umor</span> 
     </span>
     <span class='ocr_line' id='line_1_30' title="bbox 191 1830 1445 1881; baseline -0.001 -12.047"><span class='ocrx_word' id='word_1_239' title='bbox 191 1835 389 1871; x_wconf 75' lang='lat' dir='ltr'>vecordem</span> <span class='ocrx_word' id='word_1_240' title='bbox 406 1834 544 1881; x_wconf 73' lang='lat' dir='ltr'>aqebat</span> <span class='ocrx_word' id='word_1_241' title='bbox 558 1835 778 1870; x_wconf 74' lang='lat' dir='ltr'>Arminium</span> <span class='ocrx_word' id='word_1_242' title='bbox 792 1860 801 1876; x_wconf 84' lang='lat'>,</span> <span class='ocrx_word' id='word_1_243' title='bbox 822 1837 947 1878; x_wconf 81' lang='lat' dir='ltr'>raptus</span> <span class='ocrx_word' id='word_1_244' title='bbox 967 1831 1100 1868; x_wconf 85' lang='lat' dir='ltr'>uxoris.</span> <span class='ocrx_word' id='word_1_245' title='bbox 1132 1830 1203 1867; x_wconf 87' lang='lat' dir='ltr'>Sed</span> <span class='ocrx_word' id='word_1_246' title='bbox 1222 1830 1268 1867; x_wconf 90' lang='lat' dir='ltr'>de</span> <span class='ocrx_word' id='word_1_247' title='bbox 1286 1831 1358 1868; x_wconf 89' lang='lat' dir='ltr'>hoc</span> <span class='ocrx_word' id='word_1_248' title='bbox 1372 1841 1445 1868; x_wconf 92' lang='lat' dir='ltr'>usu</span> 
     </span>
    </p>
   </div>
   <div class='ocr_carea' id='block_1_8' title="bbox 125 1886 597 1924">
    <p class='ocr_par' dir='ltr' id='par_1_8' title="bbox 125 1886 597 1924">
     <span class='ocr_line' id='line_1_31' title="bbox 125 1886 597 1924; baseline -0.004 0"><span class='ocrx_word' id='word_1_249' title='bbox 125 1888 232 1924; x_wconf 84' lang='lat' dir='ltr'>verbo</span> <span class='ocrx_word' id='word_1_250' title='bbox 249 1888 432 1924; x_wconf 85' lang='lat' dir='ltr'>monuisse</span> <span class='ocrx_word' id='word_1_251' title='bbox 452 1886 597 1923; x_wconf 87' lang='lat' dir='ltr'>sufficit.</span> 
     </span>
    </p>
   </div>
   <div class='ocr_carea' id='block_1_9' title="bbox 125 1964 1444 2121">
    <p class='ocr_par' dir='ltr' id='par_1_9' title="bbox 125 1964 1444 2121">
     <span class='ocr_line' id='line_1_32' title="bbox 172 1964 1444 2016; baseline -0.005 -10"><span class='ocrx_word' id='word_1_252' title='bbox 172 1972 384 2016; x_wconf 71' lang='lat' dir='ltr'>participia</span> <span class='ocrx_word' id='word_1_253' title='bbox 399 1980 481 2005; x_wconf 81' lang='lat' dir='ltr'>cum</span> <span class='ocrx_word' id='word_1_254' title='bbox 497 1970 682 2016; x_wconf 68' lang='lat' dir='ltr'>qenz‘tivz‘s,</span> <span class='ocrx_word' id='word_1_255' title='bbox 704 1970 740 2002; x_wconf 78' lang='lat' dir='ltr'>et</span> <span class='ocrx_word' id='word_1_256' title='bbox 756 1977 840 2002; x_wconf 79' lang='lat' dir='ltr'>cum</span> <span class='ocrx_word' id='word_1_257' title='bbox 855 1965 1066 2012; x_wconf 54' lang='lat' dir='ltr'>infinitivis·</span> <span class='ocrx_word' id='word_1_258' title='bbox 1090 1967 1144 2000; x_wconf 86' lang='lat' dir='ltr'>De</span> <span class='ocrx_word' id='word_1_259' title='bbox 1159 1964 1217 2000; x_wconf 90' lang='lat' dir='ltr'>his</span> <span class='ocrx_word' id='word_1_260' title='bbox 1230 1964 1329 2001; x_wconf 91' lang='lat' dir='ltr'>idem</span> <span class='ocrx_word' id='word_1_261' title='bbox 1348 1965 1444 2001; x_wconf 83' lang='lat' dir='ltr'>valet</span> 
     </span>
     <span class='ocr_line' id='line_1_33' title="bbox 125 2017 1443 2069; baseline -0.005 -10"><span class='ocrx_word' id='word_1_262' title='bbox 125 2023 224 2069; x_wconf 85' lang='lat' dir='ltr'>quod</span> <span class='ocrx_word' id='word_1_263' title='bbox 245 2023 402 2058; x_wconf 84' lang='lat' dir='ltr'>diximus</span> <span class='ocrx_word' id='word_1_264' title='bbox 418 2022 464 2058; x_wconf 87' lang='lat' dir='ltr'>de</span> <span class='ocrx_word' id='word_1_265' title='bbox 484 2021 683 2068; x_wconf 78' lang='lat' dir='ltr'>Adjectivis</span> <span class='ocrx_word' id='word_1_266' title='bbox 700 2020 752 2056; x_wconf 84' lang='lat' dir='ltr'>sio</span> <span class='ocrx_word' id='word_1_267' title='bbox 766 2019 926 2055; x_wconf 82' lang='lat' dir='ltr'>structis.</span> <span class='ocrx_word' id='word_1_268' title='bbox 944 2021 1037 2055; x_wconf 90' lang='lat' dir='ltr'>Item</span> <span class='ocrx_word' id='word_1_269' title='bbox 1054 2017 1099 2053; x_wconf 88' lang='lat' dir='ltr'>de</span> <span class='ocrx_word' id='word_1_270' title='bbox 1106 2019 1328 2064; x_wconf 74' lang='lat' dir='ltr'>participiis</span> <span class='ocrx_word' id='word_1_271' title='bbox 1350 2028 1443 2054; x_wconf 80' lang='lat' dir='ltr'>neu-</span> 
     </span>
     <span class='ocr_line' id='line_1_34' title="bbox 125 2071 1203 2121; baseline -0.006 -10"><span class='ocrx_word' id='word_1_272' title='bbox 125 2079 196 2111; x_wconf 70' lang='lat' dir='ltr'>tris</span> <span class='ocrx_word' id='word_1_273' title='bbox 215 2075 436 2111; x_wconf 77' lang='lat' dir='ltr'>substantive</span> <span class='ocrx_word' id='word_1_274' title='bbox 452 2075 594 2121; x_wconf 84' lang='lat' dir='ltr'>positis,</span> <span class='ocrx_word' id='word_1_275' title='bbox 610 2079 652 2110; x_wconf 85' lang='lat' dir='ltr'>ut</span> <span class='ocrx_word' id='word_1_276' title='bbox 665 2079 851 2120; x_wconf 84' lang='lat' dir='ltr'>ponuntur</span> <span class='ocrx_word' id='word_1_277' title='bbox 863 2071 1051 2118; x_wconf 80' lang='lat' dir='ltr'>Adjesstiva</span> <span class='ocrx_word' id='word_1_278' title='bbox 1063 2074 1203 2106; x_wconf 81' lang='lat' dir='ltr'>neutra.</span> 
     </span>
    </p>
   </div>
   <div class='ocr_carea' id='block_1_10' title="bbox 124 2150 1442 2257">
    <p class='ocr_par' dir='ltr' id='par_1_10' title="bbox 124 2150 1442 2248">
     <span class='ocr_line' id='line_1_35' title="bbox 171 2150 1442 2201; baseline -0.006 -7.93"><span class='ocrx_word' id='word_1_279' title='bbox 171 2158 341 2194; x_wconf 73' lang='grc' dir='ltr'><em>4ὸίαῑίυῐ</em></span> <span class='ocrx_word' id='word_1_280' title='bbox 354 2156 529 2191; x_wconf 77' lang='lat' dir='ltr'>absoluti.</span> <span class='ocrx_word' id='word_1_281' title='bbox 547 2155 666 2201; x_wconf 88' lang='lat' dir='ltr'>Hujus</span> <span class='ocrx_word' id='word_1_282' title='bbox 681 2152 974 2196; x_wconf 83' lang='lat' dir='ltr'>constructionis,</span> <span class='ocrx_word' id='word_1_283' title='bbox 994 2161 1074 2198; x_wconf 85' lang='lat' dir='ltr'>quae</span> <span class='ocrx_word' id='word_1_284' title='bbox 1088 2150 1233 2198; x_wconf 79' lang='lat' dir='ltr'>propria</span> <span class='ocrx_word' id='word_1_285' title='bbox 1247 2155 1304 2186; x_wconf 82' lang='lat' dir='ltr'>est</span> <span class='ocrx_word' id='word_1_286' title='bbox 1316 2150 1442 2187; x_wconf 84' lang='lat' dir='ltr'>latinae</span> 
     </span>
     <span class='ocr_line' id='line_1_36' title="bbox 124 2203 1437 2257; baseline -0.007 -10"><span class='ocrx_word' id='word_1_287' title='bbox 124 2213 259 2257; x_wconf 80' lang='lat' dir='ltr'>linguae</span> <span class='ocrx_word' id='word_1_288' title='bbox 278 2210 313 2245; x_wconf 82' lang='lat' dir='ltr'>et</span> <span class='ocrx_word' id='word_1_289' title='bbox 329 2204 518 2255; x_wconf 82' lang='lat' dir='ltr'>diligenter</span> <span class='ocrx_word' id='word_1_290' title='bbox 535 2207 783 2248; x_wconf 81' lang='lat' dir='ltr'>observanda</span> <span class='ocrx_word' id='word_1_291' title='bbox 815 2205 969 2242; x_wconf 69' lang='lat' dir='ltr'>rariores</span> <span class='ocrx_word' id='word_1_292' title='bbox 998 2203 1125 2239; x_wconf 85' lang='lat' dir='ltr'>modos</span> <span class='ocrx_word' id='word_1_293' title='bbox 1152 2203 1437 2247; x_wconf 84' lang='lat' dir='ltr'>recensebimus,</span> 
     </span>
    </p>
   </div>
   <div class='ocr_carea' id='block_1_11' title="bbox 122 2255 1440 2413">
    <p class='ocr_par' dir='ltr' id='par_1_11' title="bbox 122 2255 1440 2411">
     <span class='ocr_line' id='line_1_37' title="bbox 123 2255 1440 2307; baseline -0.007 -8"><span class='ocrx_word' id='word_1_294' title='bbox 123 2263 249 2300; x_wconf 80' lang='lat' dir='ltr'>Tacito</span> <span class='ocrx_word' id='word_1_295' title='bbox 268 2268 387 2298; x_wconf 81' lang='lat' dir='ltr'>autem</span> <span class='ocrx_word' id='word_1_296' title='bbox 407 2262 444 2296; x_wconf 89' lang='lat' dir='ltr'>in</span> <span class='ocrx_word' id='word_1_297' title='bbox 466 2260 703 2307; x_wconf 81' lang='lat' dir='ltr'>frequentiori</span> <span class='ocrx_word' id='word_1_298' title='bbox 720 2270 828 2306; x_wconf 79' lang='lat' dir='ltr'>quam</span> <span class='ocrx_word' id='word_1_299' title='bbox 856 2258 984 2294; x_wconf 88' lang='lat' dir='ltr'>ceteris</span> <span class='ocrx_word' id='word_1_300' title='bbox 1013 2256 1253 2303; x_wconf 82' lang='lat' dir='ltr'>scriptoribus</span> <span class='ocrx_word' id='word_1_301' title='bbox 1279 2266 1351 2292; x_wconf 89' lang='lat' dir='ltr'>usu</span> <span class='ocrx_word' id='word_1_302' title='bbox 1379 2255 1440 2291; x_wconf 86' lang='lat' dir='ltr'>ha-</span> 
     </span>
     <span class='ocr_line' id='line_1_38' title="bbox 122 2308 1440 2360; baseline -0.007 -8"><span class='ocrx_word' id='word_1_303' title='bbox 122 2316 232 2353; x_wconf 85' lang='lat' dir='ltr'>bitos.</span> <span class='ocrx_word' id='word_1_304' title='bbox 252 2316 412 2351; x_wconf 85' lang='lat' dir='ltr'>Primum</span> <span class='ocrx_word' id='word_1_305' title='bbox 431 2313 488 2357; x_wconf 90' lang='lat' dir='ltr'>(de</span> <span class='ocrx_word' id='word_1_306' title='bbox 510 2324 581 2359; x_wconf 89' lang='lat' dir='ltr'>quo</span> <span class='ocrx_word' id='word_1_307' title='bbox 597 2313 672 2360; x_wconf 81' lang='lat' dir='ltr'>jam</span> <span class='ocrx_word' id='word_1_308' title='bbox 694 2313 889 2355; x_wconf 85' lang='lat' dir='ltr'>monitum)</span> <span class='ocrx_word' id='word_1_309' title='bbox 907 2320 1020 2358; x_wconf 89' lang='lat' dir='ltr'>quum</span> <span class='ocrx_word' id='word_1_310' title='bbox 1040 2309 1229 2355; x_wconf 83' lang='lat' dir='ltr'>participio</span> <span class='ocrx_word' id='word_1_311' title='bbox 1246 2308 1343 2344; x_wconf 83' lang='lat' dir='ltr'>verbi</span> <span class='ocrx_word' id='word_1_312' title='bbox 1356 2308 1440 2344; x_wconf 91' lang='lat' dir='ltr'>sub</span> 
     </span>
     <span class='ocr_line' id='line_1_39' title="bbox 125 2357 1437 2413; baseline -0.006 -8"><span class='ocrx_word' id='word_1_313' title='bbox 125 2368 270 2407; x_wconf 76' lang='lat' dir='ltr'>stantivi</span> <span class='ocrx_word' id='word_1_314' title='bbox 292 2368 454 2411; x_wconf 70' lang='lat' dir='ltr'>ens,‹1›v,</span> <span class='ocrx_word' id='word_1_315' title='bbox 476 2371 596 2403; x_wconf 84' lang='lat' dir='ltr'>careat</span> <span class='ocrx_word' id='word_1_316' title='bbox 616 2367 728 2402; x_wconf 85' lang='lat' dir='ltr'>latina</span> <span class='ocrx_word' id='word_1_317' title='bbox 746 2366 891 2413; x_wconf 85' lang='lat' dir='ltr'>lingua,</span> <span class='ocrx_word' id='word_1_318' title='bbox 915 2363 977 2400; x_wconf 88' lang='lat' dir='ltr'>ubi</span> <span class='ocrx_word' id='word_1_319' title='bbox 996 2361 1061 2399; x_wconf 80' lang='lat' dir='ltr'>tali</span> <span class='ocrx_word' id='word_1_320' title='bbox 1077 2373 1166 2409; x_wconf 88' lang='lat' dir='ltr'>opus</span> <span class='ocrx_word' id='word_1_321' title='bbox 1186 2366 1262 2408; x_wconf 82' lang='lat' dir='ltr'>est,</span> <span class='ocrx_word' id='word_1_322' title='bbox 1288 2357 1437 2399; x_wconf 78' lang='lat' dir='ltr'>ablativi</span> 
     </span>
    </p>
   </div>
  </div>
 </body>
</html>
