1539 2668
512 171 550 201 A.
572 171 611 200 U.
635 170 670 200 C.
696 170 768 199 822.
792 170 828 199 A.
852 171 887 200 C.
912 171 964 201 69.
1344 173 1404 204 305

79 246 171 277 regina
184 247 322 271 Berenice.
337 259 367 263 —
377 250 412 270 82.
427 245 491 270 belli
511 245 632 270 consilia.
646 245 723 268 Titus
737 245 820 269 instat
840 245 948 270 Judaeae.
963 245 1143 275 Vespasianus
1158 245 1276 271 claustra
1295 248 1406 278 AEgypti

78 281 323 306 obtinet.-as—84.
344 282 483 305 Mucianus
505 287 566 305 cum
581 281 703 304 exercitu
724 281 879 309 praemissus
901 286 1014 305 nervum
1037 280 1099 305 belli
1122 282 1400 311 conquirit.—8s-se.

80 316 196 341 Moesicae
206 318 420 346 Pannonicaeque
437 317 567 347 legiones,
591 317 619 339 in
639 317 733 345 partes
752 317 938 346 transgressae,
955 317 1133 340 Dalmaticum
1154 316 1267 340 militem
1284 318 1405 346 trahunt.

78 351 142 376 belli
159 352 232 376 taces
258 352 388 376 Antonius
414 353 525 381 Primus,
541 350 683 375 Cornelius
704 352 813 375 Fuscus.
831 365 860 368 —
875 356 914 375 87.
939 351 1070 380 Vitellius,
1088 352 1272 382 contemptior
1289 354 1315 377 in
1339 354 1402 384 dies,

77 388 154 417 gravi
169 387 266 412 Urbem
293 389 400 417 agmine
424 387 509 417 petit,
528 391 772 415 eainque—88—89.
795 388 902 416 patrata
928 387 1011 410 multa
1037 388 1150 411 militum
1183 394 1404 418 paganorumque

79 423 161 450 caede,
179 425 208 447 ut
220 425 335 452 captam,
355 424 491 453 ingressus
499 427 559 446 -ao-
575 422 746 451 magnificam
761 422 794 445 dc
811 424 898 446 semet
911 423 968 452 ipso
988 424 1141 447 orationem
1163 424 1341 452 promit—ai.
1358 424 1404 448 hu-

79 458 151 481 mani
173 458 311 488 divinique
325 458 394 487 „iuris
408 463 512 487 expers,
527 457 657 481 nonnulla
684 459 776 481 tamen
804 458 948 487 popularia
965 460 1084 488 usurpat.
1098 472 1128 476 —-
1140 464 1176 482 92.
1195 461 1285 483 munia
1299 459 1405 489 imperii

78 492 182 517 Caecina
198 499 230 517 ac
248 493 342 516 Valens
357 493 467 517 obeunt.
484 493 592 516 Vitellio
605 494 777 516 auctoritatis
792 493 866 517 nihil.
881 507 907 509 —
923 498 961 517 aa.
974 494 1065 518 militis
1080 500 1106 517 in
1120 495 1190 518 Urbe
1205 495 1299 522 otium,
1314 494 1406 518 libidi-

77 533 134 557 nes,
151 528 246 556 morbi,
261 529 442 553 mortes—si.
459 528 611 555 insolentia,
627 529 760 558 paucitas.
774 528 876 552 Vitellii
888 528 994 558 inopia,
1009 530 1192 559 prodigentia.
1210 530 1293 554 duces
1307 529 1405 554 Gallia-

77 569 137 587 rum
151 563 278 592 postulati
292 564 325 587 ad
344 563 515 593 supplicium.
536 564 637 587 niiiitiae
655 564 723 589 ordo
741 564 946 588 confusus—as.
963 565 1060 588 natalis
1075 565 1172 588 Vitellii
1188 565 1292 595 ingenti
1308 566 1405 595 paratu

78 596 239 622 celebratus.
256 598 358 622 inserite
370 599 473 623 Neroni
485 598 570 622 factat.
584 599 662 623 Urbis
677 599 863 623 miseria—as.
879 599 1042 623 defectionis
1054 600 1187 624 Flavianae
1197 607 1321 625 rumores
1335 600 1406 625 malt>

78 635 189 657 coercet
205 634 402 662 Vitellius—97,
417 640 452 658 aa.
469 635 556 658 excita
572 635 664 658 tamen
679 635 787 663 auxilia,
801 634 849 659 sed
868 636 1018 659 necessitas
1032 636 1291 660 dissimulata—99.
1312 637 1407 661 irrum-

76 669 204 697 pentibus
217 669 339 693 hostibus
353 671 457 693 (laecina
473 670 505 693 ad
521 670 620 693 bellum
646 671 835 700 praemittitur3
854 671 901 695 sed
925 672 1037 699 is—ioo‚
1054 677 1106 695 ¹0¹.
1126 677 1186 695 cum
1205 672 1306 696 Lucilio
1323 672 1404 696 Basso

77 702 262 764 glassibusque
279 706 436 729 Ravennate
460 705 658 735 Misenensique
678 706 863 735 proditionem
879 707 1028 737 componit,
1041 708 1068 731 et
1087 707 1119 731 ad
1133 708 1225 736 partes
1246 707 1406 737 Vespasiani

90 740 186 764 ransit.

106 774 187 799 Gesta
201 775 258 800 haec
272 776 364 806 paucis
377 775 515 800 mensibus
530 781 601 800 anno
622 776 730 801 eodem.

666 855 830 868 κοσσ-

117 919 141 947 Ι.
160 915 309 949 Struebat
325 916 388 955 jam
405 915 533 946 fortuna
553 915 585 946 in
602 914 729 946 diversa
752 915 843 954 parte
866 915 1026 947 terrarum
1046 918 1137 948 initia
1154 926 1331 958 cau-sasque
1346 919 1406 951 im·

74 963 182 1005 perio,
210 963 298 1004 quod
320 963 408 993 varia
433 964 518 993 sorte
541 962 652 993 lat-tum
677 961 864 1002 reipublicae
886 966 940 994 aut
964 966 1056 994 atrox
1072 987 1080 1002 ,
1102 964 1178 1004 ipsis
1203 966 1406 1005 Principibus

75 1019 266 1051 prosperum
280 1034 288 1049 ‚
306 1011 363 1041 aut
379 1009 478 1041 exitio
497 1009 556 1040 tuit
578 1009 600 1040 ¹.
622 1009 713 1040 'ritus
730 1010 943 1050 Vespasianus
961 1019 978 1042 e
995 1011 1106 1042 Judaea
1127 1012 1281 1044 incolumi
1301 1013 1408 1045 adhuc

75 1056 173 1090 Galba
191 1057 309 1088 missus
326 1066 343 1087 a
368 1059 457 1097 patre
475 1066 605 1087 causam
628 1056 838 1096 profectionis
863 1056 1018 1097 officium
1041 1066 1123 1098 crya
1147 1062 1347 1100 Principem
1373 1062 1408 1093 et

75 1106 257 1136 maturam
283 1104 438 1145 petendis
463 1103 648 1135 honoribus
665 1104 854 1143 juventam
880 1104 1016 1137 serebat.
1044 1106 1099 1136 sed
1126 1108 1242 1146 vulgus
1268 1108 1407 1147 fingendi

76 1150 208 1182 avidum
226 1151 419 1191 disperserat
436 1152 588 1182 accitum
607 1152 642 1182 in
657 1150 887 1190 adoptionem.
902 1152 1035 1183 materia
1052 1149 1256 1185 sermonibus
1281 1155 1406 1186 senium

76 1201 108 1230 et
124 1198 244 1229 orbitas
260 1198 416 1238 Principis
432 1201 463 1229 et
478 1198 727 1238 intemperantia
741 1199 892 1237 civitatis,
912 1199 1013 1230 donec
1029 1209 1112 1231 unus
1126 1201 1272 1240 eligatur,
1287 1202 1408 1233 multos

77 1244 276 1277 destinandi.
299 1245 438 1285 augebat
458 1245 577 1276 famam
597 1244 697 1285 ipsius
712 1245 776 1276 Titi
792 1246 970 1285 ingenium,
990 1251 1251 1288 quantaecunque
1268 1250 1408 1281 i'ortunae

77 1301 176 1334 capax
190 1317 199 1333 ‚
215 1293 311 1324 decor
328 1293 393 1323 oris
407 1301 482 1323 cum
498 1291 638 1331 quadam
656 1293 821 1332 majestate
837 1316 845 1331 ,
859 1302 1018 1333 prosperae
1033 1298 1048 1324 Χ
1061 1295 1218 1333 espasiani
1235 1304 1284 1326 res
1296 1320 1304 1335 ‚
1326 1305 1406 1336 prae·

76 1339 173 1380 sagia,
193 1349 346 1380 responsa
359 1339 385 1378 2,
403 1342 433 1370 et
455 1338 616 1370 inclinatis
633 1339 672 1370 ad
693 1339 888 1370 credendum
911 1341 1028 1371 animis
1047 1341 1116 1371 loco
1138 1343 1285 1373 «numum
1309 1344 1406 1374 etiam

76 1386 221 1418 fortuita.
248 1386 307 1418 Ubi
334 1386 478 1418 Corinthi
504 1386 633 1418 Achaiae
663 1386 741 1417 urbe
769 1391 873 1418 certos
899 1388 1030 1419 nuntios
1055 1389 1177 1428 accepit
1206 1389 1244 1419 dc
1272 1389 1407 1422 interitu

75 1433 195 1474 Galbae,
211 1435 243 1465 et
257 1433 390 1465 aderant
408 1433 464 1473 qui
479 1443 568 1465 arma
583 1434 702 1466 Vitellii
720 1434 912 1474 bellumque
925 1435 1135 1473 affirmarent,
1156 1436 1270 1467 anxius
1284 1436 1404 1477 animo,

76 1480 188 1522 paucis
205 1481 383 1513 amicorum
399 1482 570 1521 adhibitis,
590 1485 708 1513 cuncta
730 1483 895 1522 utrimque.
919 1483 1094 1523 perlustrat
1111 1493 1117 1513 2
1140 1497 1154 1510 u
1172 1485 1197 1513 si
1214 1486 1358 1523 pergeret
1372 1485 1407 1517 in

79 1541 95 1555 «
119 1528 256 1569 Urbem,
284 1529 407 1560 nullam
432 1530 531 1561 officii
559 1530 696 1569 gratiam
726 1530 759 1560 in
787 1530 923 1562 alterius
951 1531 1108 1561 honorem
1134 1531 1291 1570 suscepti3
1313 1540 1351 1562 ac
1373 1539 1408 1564 se

80 1588 94 1603 α
119 1576 248 1608 Vitellio
267 1576 335 1608 sive
353 1577 471 1608 Othoni
489 1578 633 1609 obsidem
659 1578 736 1609 sore.
762 1578 812 1609 sin
832 1578 969 1618 rediret,
988 1580 1144 1610 ostensam
1168 1578 1251 1609 haud
1274 1578 1407 1610 dubiam

80 1636 95 1651 «ι
119 1623 254 1655 victoris
267 1649 275 1663 ‚
291 1624 345 1655 sed
366 1626 487 1656 incerta
504 1625 611 1656 adhuc
625 1625 759 1656 victoria
773 1627 804 1656 et
819 1625 1018 1657 concedente
1032 1626 1064 1656 in
1082 1628 1189 1665 partes
1203 1627 1292 1665 patre
1307 1625 1408 1657 filium

81 1684 96 1699 «
121 1674 324 1704 excusatum.
356 1673 405 1703 sin
428 1674 644 1714 Vespasianus
671 1672 906 1713 rempublicam
929 1666 1125 1714 susciperet,
1150 1673 1408 1705 obliviscendum

81 1731 98 1747 «
122 1718 319 1750 offensarum
338 1718 349 1736 ³
367 1719 406 1750 de
419 1720 502 1751 bello
518 1721 728 1761 agitantibus.
746 1733 762 1747 υ

121 1769 160 1796 11.
180 1766 235 1796 His
253 1774 290 1796 ac
309 1766 427 1797 talibus
447 1767 529 1798 inter
546 1777 636 1808 spem
659 1769 850 1808 metumque
870 1768 1028 1808 jactatum
1050 1777 1121 1808 spes
1138 1768 1228 1799 vicit.
1248 1769 1335 1799 fuere
1352 1767 1409 1808 qui

80 1820 262 1845 accensum
286 1812 452 1844 desiderio
476 1816 656 1845 Berenices
677 1815 684 1831 ¹
707 1817 838 1854 reye'noe
857 1817 1000 1846 vert-isse
1025 1816 1093 1846 iter
1108 1816 1285 1846 crederent.
1304 1822 1409 1854 neque

80 1859 275 1892 abhorrebat
293 1868 310 1891 a
327 1860 475 1891 Berenice
489 1861 641 1900 Juvenilis
660 1861 788 1892 animus
804 1871 810 1890 :
826 1861 881 1892 sed
895 1861 1042 1901 gerendis
1063 1862 1158 1892 rebus
1176 1863 1299 1893 nullum
1315 1871 1355 1892 ex
1370 1869 1409 1892 eo

80 1905 358 1947 impedimentum.
385 1907 491 1938 laetam
507 1907 727 1948 voluptatibus
742 1907 992 1938 adolescentiam
1008 1908 1072 1948 egit
1085 1932 1093 1948 ,
1117 1917 1177 1939 suo
1194 1917 1291 1948 quam
1308 1906 1409 1948 patris

80 1953 216 1993 imperio
241 1954 429 1986 modestior.
452 1955 546 1994 igitur
564 1964 654 1986 oram
676 1955 806 1986 Achaiae
822 1956 854 1986 et
871 1955 954 1986 Asiae
971 1963 1010 1986 ac
1030 1955 1110 1986 laeva
1133 1955 1228 1986 maris
1247 1954 1258 1972 ²
1286 1964 1409 1995 praeve·

81 2002 154 2032 etus
167 2025 176 2041 ‚
196 2001 349 2033 Rhodum
362 2004 390 2033 el
417 2007 557 2042 Cyprum
583 2002 705 2033 insulas
720 2026 729 2041 ‚
753 2001 830 2033 inde
854 2002 981 2043 syriam
999 2002 1244 2034 audentioribus
1265 2003 1376 2042 spatiis
1393 2002 1404 2021 ³

80 2047 221 2089 petebat.
241 2051 338 2090 atque
356 2050 446 2081 illum
460 2050 578 2090 cupido
593 2050 725 2081 incessit
741 2049 881 2081 adeundi
897 2049 1086 2090 visendique
1102 2050 1260 2090 templum
1279 2050 1410 2090 Paphiae

81 2096 214 2127 Veneris
226 2120 235 2137 ,
252 2097 400 2129 inclitum
419 2106 474 2138 per
491 2096 657 2137 indigenas
674 2097 891 2137 advenasque.
920 2097 1008 2128 haud
1033 2097 1130 2129 suerit
1157 2097 1290 2137 longum
1318 2097 1410 2128 initia

113 2208 134 2233 1.
147 2214 167 2233 ι.
181 2209 360 2239 Vespasianus
380 2211 408 2234 et
426 2211 502 2235 Titus
525 2211 589 2236 boni
614 2212 798 2241 Imperatores
817 2211 844 2235 et
860 2211 969 2241 telices;
990 2211 1160 2236 Domitianus
1171 2217 1203 2235 ex
1218 2211 1312 2235 eadem
1327 2212 1409 2236 domo

84 2243 202 2268 crudelis
215 2246 243 2268 et
253 2245 323 2269 malo
335 2246 419 2270 exitio
433 2246 614 2271 affectus—2.
635 2247 668 2271 Ut
680 2248 781 2276 vatum,
793 2247 976 2272 oraculorum.
992 2247 1068 2272 conf.
1083 2253 1105 2271 e.
1121 2252 1197 2271 4.—-5.
1209 2247 1270 2271 Non
1284 2248 1410 2277 cogitan-

84 2279 149 2303 dum
165 2284 224 2303 esse
237 2280 270 2304 de
286 2280 406 2310 ortensis,
419 2287 465 2305 eas
476 2282 654 2312 negligendas
667 2288 736 2306 esse.

114 2314 148 2339 11.
160 2320 180 2338 ι,
194 2314 266 2339 Filiae
279 2316 392 2340 Herodis
407 2318 538 2347 Agrippae,
552 2317 707 2342 Judaeorum
720 2319 800 2348 τεθεὶς,
812 2319 902 2348 nuptae
915 2319 1029 2348 primum
1045 2319 1145 2343 Herodi
1159 2319 1264 2348 patruo,
1275 2317 1410 2342 Chalcidis

84 2349 158 2379 regi:
171 2349 268 2374 deinde
286 2351 433 2381 Polemoni,
447 2353 524 2376 Ponti
541 2353 606 2383 regi.
617 2354 715 2378 Postea
727 2354 817 2377 Titum
840 2354 866 2378 in
880 2354 979 2378 Urbem
1002 2356 1133 2379 comitata
1147 2355 1197 2382 est,
1212 2354 1257 2384 qui
1269 2353 1303 2377 ob
1318 2353 1410 2383 populi

85 2384 297 2415 indignationem
309 2386 410 2410 dimisit
434 2388 546 2412 invitam
558 2389 723 2412 invitus.—2.
739 2389 809 2413 Loca
821 2389 925 2419 syriam
937 2390 1005 2414 mari
1021 2391 1178 2420 petentibus
1194 2390 1227 2414 ad
1242 2389 1335 2413 laevam
1346 2389 1408 2413 sita.

84 2431 114 2436 —
124 2425 146 2444 s.
160 2420 290 2445 Nimirum
313 2421 341 2445 in
362 2422 431 2446 mari
445 2424 540 2453 aperto
556 2424 700 2454 navigans,
715 2429 775 2454 quae
788 2424 901 2450 audacia
923 2431 982 2450 esse
998 2425 1141 2450 videbatur
1155 2424 1308 2454 veteribus,
1332 2429 1408 2448 oram
