1539 2668
533 129 569 158 A.
593 130 620 157 U
653 125 690 156 C.
716 128 788 157 822.
814 126 850 156 Α.
873 127 908 157 C.
933 124 984 156 69.
1361 128 1418 161 3¹1

97 209 213 244 cohors
231 205 317 248 apud
333 209 542 243 Cremonam,
561 202 729 243 intercepti
742 204 873 234 centum
894 200 1020 242 equites
1039 209 1077 232 ac
1093 200 1180 232 mille
1197 202 1320 234 classici
1337 204 1422 237 inter

93 254 290 289 Placentiam
307 252 530 292 Ticinumque.
547 260 613 290 quo
634 258 787 281 successu
802 248 996 281 Vitellianus
1016 248 1108 280 miles
1125 257 1189 279 non
1205 250 1271 289 jam
1287 249 1422 285 flumine

96 305 152 335 aut
176 301 256 342 ripis
280 300 460 331 arcebatur.
488 298 637 330 irritabat
664 296 741 338 quin
766 297 863 328 etiam
890 297 1030 328 Batavos
1055 296 1381 338 Transrhenanosque
1406 298 1418 318 ³

95 350 199 382 Padus
217 350 283 389 ipse
298 357 306 378 z
321 355 417 388 quem
433 348 561 386 repente
575 349 687 377 contra
700 344 898 376 Placentiam
914 343 1103 383 transgressi
1115 344 1214 383 raptis
1228 344 1421 384 quibusdam

95 394 354 438 exploratoribus
369 395 414 426 ita
429 397 552 425 ceteros
569 396 726 433 terruere,
742 395 778 422 ut
793 391 911 424 adesse
925 399 1057 423 omnem
1073 392 1217 423 Caecz'noe
1232 394 1422 425 exercitum

94 444 212 485 trepidi
229 452 266 475 ac
283 442 354 474 falsi
371 442 570 473 nuntiarent.

136 494 248 523 XVIII.
269 491 399 522 Certum
421 491 492 520 erat
514 487 685 529 Spurinnae
708 487 748 527 (is
769 486 856 519 enim
878 486 1074 518 Placentiam
1087 484 1266 527 obtinebat)
1283 487 1422 519 necdum

95 539 219 570 venisse
235 537 406 575 Caecinam,
422 537 454 567 et
469 535 497 567 si
511 534 775 576 propinquaret,¹
795 542 941 566 coercere
957 533 1042 564 intra
1057 532 1257 565 munimenta
1274 534 1422 575 militem,

95 594 154 618 nec
167 587 232 617 tres
249 583 416 624 praetorias
434 583 584 615 cobortes
598 584 631 615 et
647 582 736 614 mille
750 582 936 614 vexillarios
950 589 1023 612 cum
1039 580 1148 621 paucis
1162 581 1324 620 equitibus
1338 582 1423 613 vete—

95 641 173 664 rano
190 631 347 663 exercitui
372 631 522 671 objicere.
546 631 601 662 sed
628 629 810 661 indomitus
833 629 927 660 miles
953 630 985 660 et
1012 628 1086 659 belli
1114 628 1244 668 ignarus
1269 630 1424 669 correptis

95 679 195 719 signis
208 678 398 718 vexillisque
416 687 526 716 ruere,
543 679 575 709 et
591 677 746 710 retinenti
763 676 839 708 duci
852 676 915 708 tela
932 676 1094 707 intentare
1106 700 1115 715 ,
1134 675 1249 715 spretis
1266 676 1425 708 centurio·

94 725 191 758 nibus
204 725 408 765 tribunisque
426 725 664 765 providentiam
685 725 776 756 ducis
791 724 1003 756 laudantibus
1020 733 1027 754 :
1045 723 1123 764 quin
1136 722 1241 763 prodi
1260 723 1426 756 Othonem

94 773 127 803 ec
141 775 292 804 accitum
307 775 478 804 che'nam
496 772 719 803 clamitabant.
740 772 776 803 fit
789 771 979 803 temeritatis
993 770 1107 802 alienae
1123 779 1231 801 comes
1247 770 1407 810 Spurinna
1417 795 1425 810 ‚
1455 808 1457 811 Ι

94 819 200 860 primo
215 822 358 858 coactus,
380 828 452 850 mox
470 820 550 851 velle
564 819 733 859 simulans,
751 828 816 859 quo
831 819 904 859 plus
918 818 1120 850 auctoritatis
1133 817 1252 849 inesset
1268 818 1424 858 consiliiS,
1454 824 1460 861 ζ

93 865 121 897 si
140 865 258 897 seditio
276 866 470 897 mitesceret.
1455 866 1459 879 '‘

133 916 213 944 XIX.
237 914 411 953 Postquam
437 913 469 943 in
495 914 669 953 conspectu
696 911 803 943 Padus
826 914 858 943 et
882 920 948 943 nox
973 910 1164 951 appetebat,
1183 911 1296 942 vallari
1320 913 1426 945 castra
1456 932 1459 944 1

94 959 225 1000 placuit.
242 959 268 991 is
286 960 375 992 labor
390 960 513 991 urbano
532 959 626 991 militi
649 959 799 991 insolitus
813 958 985 990 contundit
1001 958 1136 989 animos.
1155 959 1226 989 tum
1241 959 1423 991 vetustissi-

94 1015 166 1039 mus
179 1007 316 1047 quisque
336 1008 492 1047 castigare
509 1007 757 1039 credulitatem
769 1015 871 1038 suam
882 1031 889 1045 ‚
908 1007 1039 1037 metum
1059 1014 1101 1037 ac
1121 1005 1307 1037 discrimen
1323 1010 1427 1038 osten-

93 1053 169 1086 dere
181 1079 190 1094 ,
203 1057 230 1085 si
245 1063 322 1086 cum
337 1057 494 1087 exercitet
511 1057 648 1087 ccccma
658 1054 863 1094 patentibus
877 1055 1009 1094 campis
1031 1055 1103 1085 tam
1116 1061 1256 1095 paucas
1272 1053 1426 1087 cohortes

94 1101 388 1140 circumflectis-sec.
406 1102 537 1142 jamque
553 1102 631 1132 totis
647 1101 761 1133 castris
777 1101 913 1133 modesti
927 1109 1090 1132 sermones
1111 1104 1143 1132 et
1159 1100 1375 1133 inserentibus
1391 1110 1426 1135 se

93 1147 339 1179 centurionibus
367 1149 573 1188 tribunisque
600 1148 723 1179 laudari
743 1147 963 1189 providentia
988 1147 1106 1187 ducis,
1134 1148 1227 1188 quod
1255 1149 1426 1182 coloniam

94 1195 222 1226 virtum
243 1198 276 1227 et
290 1204 393 1236 opum
410 1196 572 1228 validam
586 1196 691 1227 robur
710 1204 750 1227 ac
769 1196 883 1227 sedem
904 1195 991 1227 bello
1012 1195 1155 1236 lecisset.
1176 1195 1245 1235 ipse
1259 1198 1426 1236 postremo

95 1241 255 1282 Spurinna
277 1252 343 1274 non
369 1245 434 1274 tam
462 1243 589 1283 culpam
607 1243 807 1284 exprobrans
822 1251 920 1283 quam
949 1242 1073 1274 ratione
1095 1242 1289 1281 ostendens,
1306 1245 1425 1276 relictis

95 1289 372 1330 exploratoribus,
402 1292 526 1322 ceteros
551 1290 747 1322 Placentiam
772 1289 903 1321 reduxit
928 1298 1036 1321 minus
1058 1289 1207 1320 turbidos
1229 1292 1260 1321 et
1289 1291 1424 1332 imperia

96 1335 301 1376 accipientes.
329 1337 458 1369 solidati
484 1338 592 1376 muri,
618 1337 860 1378 propugnacula
887 1337 1016 1375 addita,
1035 1340 1139 1367 auctae
1156 1338 1277 1375 turres,
1296 1340 1423 1378 provisa

97 1385 272 1424 parataque
287 1393 351 1415 non
367 1394 456 1416 arma
472 1384 586 1424 modo,
602 1385 660 1416 sed
676 1384 869 1424 obsequium
886 1386 918 1415 et
936 1384 1070 1424 parendi
1088 1393 1177 1415 amor
1196 1395 1202 1415 :
1218 1385 1302 1424 qumi
1319 1385 1423 1417 solum

95 1429 160 1462 illis
175 1431 320 1470 partibus
337 1432 461 1471 defuit,
479 1441 582 1473 quum
600 1432 732 1464 virtutis
750 1432 834 1463 haud
853 1431 1033 1472 poeniteret.

140 1481 203 1509 XX.
228 1480 269 1510 At
291 1479 437 1519 Caecina,
454 1480 544 1511 velut
570 1479 681 1511 relicta
704 1481 776 1520 post
794 1479 891 1520 Alpes
907 1478 1033 1510 saevitia
1050 1487 1086 1510 ac
1104 1478 1232 1510 licentia
1244 1502 1253 1515 ‚
1277 1480 1424 1513 modesto

97 1525 223 1564 agmine
238 1534 294 1565 per
312 1527 435 1558 Italiam
451 1527 593 1559 incessit.
608 1530 758 1558 ornatum
773 1526 874 1567 ipsius
890 1526 1063 1566 municipia
1077 1527 1108 1557 et
1123 1526 1259 1558 coloniae
1272 1527 1304 1558 in
1318 1536 1426 1568 super-

96 1568 184 1603 biam
202 1573 395 1614 trahebant,
417 1575 503 1615 quod
528 1574 716 1606 versicolori
744 1574 855 1614 sagulo
868 1598 876 1614 ‚
894 1573 1044 1613 braccas,
1067 1573 1241 1605 barbarum
1262 1575 1422 1617 tegimen,

95 1618 233 1652 indutus
249 1623 371 1661 togatos
384 1622 614 1663 alloqueretur.
630 1631 764 1654 uxorem
780 1630 910 1662 quoque
925 1622 994 1662 ejus
1008 1620 1187 1652 Saloninam
1201 1646 1208 1659 ,
1227 1631 1422 1664 quamquam

97 1665 132 1698 in
149 1668 270 1700 nullius
293 1669 440 1709 injuriam
458 1670 593 1710 insignis
611 1679 694 1711 equo
713 1671 866 1709 ostroque
882 1668 1069 1708 veheretur5
1084 1670 1249 1709 tamquam
1268 1669 1422 1711 laesi'gra-

99 1713 270 1754 vahantur,
292 1716 389 1748 insita
407 1717 600 1748 mortalibus
620 1719 735 1749 natura
756 1719 918 1748 recentem
935 1716 1071 1748 aliorum
1089 1717 1273 1748 felicitatem
1296 1719 1425 1755 acribus

98 1760 202 1792 oculis
217 1761 429 1803 introspicere
444 1765 643 1805 modumque
663 1765 803 1796 fortunae
821 1773 838 1795 a
853 1763 952 1795 nullis
967 1764 1070 1804 magis
1085 1764 1213 1804 exigere
1231 1774 1327 1805 quam
1345 1776 1426 1807 quos

98 1806 133 1838 in
149 1815 246 1848 aequo
265 1810 386 1841 videre.
409 1811 537 1842 Caecina
553 1812 674 1842 Padum
695 1813 910 1851 transgressus
933 1811 1057 1842 tentata
1084 1811 1340 1843 Othonianorum
1362 1814 1424 1848 fide

98 1862 156 1895 per
173 1856 373 1897 colloquium
388 1857 422 1889 et
442 1858 618 1899 promissa,
635 1858 751 1890 iisdem
767 1858 903 1898 petituS‚
924 1859 1098 1897 postquam
1122 1867 1184 1898 pax
1204 1859 1236 1890 et
1253 1861 1426 1894 concordia

99 1903 251 1943 speciosis
266 1906 298 1936 et
314 1904 416 1937 irritis
430 1906 618 1938 nominibus
632 1906 754 1947 jactata
771 1906 864 1944 sunt,
879 1904 1014 1936 consilia
1030 1914 1188 1945 curasque
1203 1907 1237 1937 in
1256 1915 1424 1948 oppugua-

99 1950 223 1982 tionem
242 1952 414 1985 Placentiae
436 1962 552 1994 magno
575 1956 698 1986 terrore
712 1952 830 1993 vertit,
852 1961 990 1993 gnarus,
1007 1954 1043 1985 ut
1060 1952 1151 1985 initia
1166 1952 1242 1985 belli
1259 1956 1424 1994 provenis—

98 1999 193 2038 sent,
214 1999 219 2017 ¹
242 1999 359 2031 famam
376 2001 408 2032 in
427 2004 533 2033 cetera
551 2002 629 2033 fore.

141 2049 219 2078 XXI.
245 2047 304 2079 Sed
323 2048 448 2088 primus
465 2049 533 2081 dies
557 2048 681 2090 impetu
706 2049 807 2089 magis
831 2057 928 2090 quam
951 2047 1094 2081 veterani
1115 2048 1276 2081 exercitus
1301 2049 1426 2083 artibus

100 2094 281 2127 transactus
297 2105 305 2125 :
323 2097 426 2136 apert-i
444 2097 632 2138 incautique
649 2106 759 2128 muros
775 2096 916 2137 subiere,
930 2094 1004 2127 cibo
1020 2096 1163 2137 vinoque
1181 2105 1372 2138 praegraves.
1394 2098 1426 2129 in

101 2148 140 2173 eo
155 2142 330 2175 certamine
344 2144 602 2185 pulcherrimum
618 2144 846 2186 amphitheatri
863 2153 945 2185 opus
959 2143 1058 2176 situm
1072 2146 1164 2176 extra
1182 2153 1293 2176 muros
1310 2145 1426 2176 confla-

100 2188 225 2229 gravit,
242 2189 310 2222 sive
329 2191 370 2223 ab
392 2193 670 2233 oppugnatoribus
691 2193 860 2224 incensum
873 2217 882 2232 ,
906 2191 985 2223 dum
1003 2191 1088 2223 faces
1103 2193 1135 2223 et
1150 2191 1281 2232 glandes
1296 2194 1328 2224 et
1349 2191 1423 2223 mis-

100 2271 132 2295 et
143 2270 299 2297 honestiora
314 2273 560 2300 suadentibus-⁵.
577 2276 739 2301 Germanos.

132 2307 225 2331 xvnl.
241 2314 262 2332 ι.
277 2309 326 2332 Hic
336 2311 448 2334 certum
461 2313 527 2336 erat
536 2313 718 2342 repetendum
730 2318 760 2336 eo
774 2317 856 2336 sensu
868 2317 921 2341 quo
936 2314 978 2336 est
992 2318 1048 2342 pro,
1061 2313 1202 2336 statuerat.

132 2342 189 2366 XX.
206 2349 224 2367 ι.
244 2344 288 2369 Se.
303 2344 384 2368 talem
396 2351 402 2369 :
414 2347 509 2376 quales
525 2347 628 2372 tuerint
644 2354 789 2372 successus
803 2348 881 2372 initio
901 2347 974 2377 belli,
990 2348 1038 2372 tali
1055 2347 1127 2372 sama
1142 2347 1281 2372 hominum
1296 2347 1323 2371 in
1342 2346 1425 2372 rebus

101 2378 214 2407 agendis
230 2380 324 2409 partes
339 2385 401 2404 suas
417 2383 465 2405 aut
480 2382 605 2412 adjutum
619 2385 667 2409 aut
681 2385 869 2413 contemptum
884 2384 928 2408 iri.
