1539 2668
478 170 515 198 A.
540 169 579 198 U.
603 169 639 198 C.
661 167 733 197 815.
758 167 795 197 A.
818 167 854 197 C.
877 168 931 196 62.
1307 166 1368 198 233

41 244 141 285 copiis
157 244 201 276 ita
219 244 352 284 divisis,
371 245 407 275 ut
428 245 543 284 quarta
564 244 597 274 et
618 242 811 274 duodecima
836 241 976 281 legiones
1003 239 1113 272 addita
1137 240 1269 281 quinta,
1294 250 1370 283 quae

41 300 153 324 recens
168 300 186 323 e
202 292 311 324 Moesis
327 292 432 324 excita
448 292 534 330 erat,
561 290 658 322 simut
675 290 805 321 Pontica
822 291 854 321 et
873 288 1056 320 Galatarum
1078 288 1372 330 Cappadocumque

42 339 162 371 auxilia
178 341 264 371 Paeto
282 339 471 378 obedirent,
486 338 581 370 tertia
599 340 631 370 et
647 340 739 369 sexta
756 339 788 368 et
804 336 930 368 decima
946 336 1089 376 legiones
1106 336 1258 376 priorque
1271 337 1372 377 Syriae

42 386 136 418 miles
158 387 244 428 apu'd
267 387 480 419 Corbulonem
497 389 683 425 manerent;
706 387 815 416 cetera
833 393 873 416 ex
890 392 995 415 rerum
1017 393 1075 414 usu
1094 383 1255 415 sociarent
1271 385 1372 424 parti-

43 434 206 465 renturve.
225 434 280 466 sed
300 443 403 474 neque
417 434 554 466 Corbulo
572 433 680 464 aemuli
699 432 842 472 patiens3
872 433 904 462 et
925 433 1053 470 Paetus,
1079 432 1131 462 cui
1153 431 1233 462 satis
1251 431 1290 462 ad
1309 432 1373 471 glo-

43 480 123 512 riam
151 483 220 512 erat
245 482 271 512 si
301 481 468 522 proximus
498 481 682 519 haberetur,
710 479 907 520 despiciebat
928 480 1037 516 gesta,
1061 478 1151 510 nihil
1178 478 1280 510 coedis
1309 480 1373 510 aut

37 527 194 568 praedae,
213 531 405 569 usurpatas
420 531 552 560 nomine
567 531 665 559 lenus
679 527 819 559 urbium
836 528 1107 566 expuqnationes
1132 525 1284 558 dictitans
1304 536 1311 558 :
1341 536 1376 560 se

45 574 177 606 tributa
194 584 234 606 ac
249 576 336 616 leqes
351 579 385 607 ec
400 586 463 616 pro
479 575 601 607 umbra
616 577 705 615 resse's
726 577 913 606 Romanum
925 574 986 613 jus
1004 575 1102 605 victis
1116 576 1374 614 impositurum.

87 624 155 652 vn.
180 622 244 654 Sub
270 623 354 655 idern
383 628 509 664 tempus
535 623 631 662 legati
653 620 841 661 Vologesis,
873 630 953 661 quos
979 620 1017 651 ad
1044 621 1224 661 Principem
1257 622 1376 653 missos

44 670 221 701 memoravi
235 695 243 709 ‚
260 673 416 702 revertere.
431 671 512 702 irriti
527 695 536 709 ,
562 670 746 710 bellumque
763 668 928 709 propalam
944 671 1110 708 sumptum
1129 678 1147 699 a
1164 669 1298 700 Parthis.
1318 679 1378 703 nee

45 716 152 748 Paetus
169 717 364 749 detrectavit
377 743 385 758 ‚
413 718 468 749 sed
484 717 610 749 duabus
628 717 807 757 legionibus
819 740 827 755 ,
845 725 981 756 quarum
1000 721 1146 755 quartam
1161 717 1378 748 Funisulanus

46 763 260 796 Vettonianus
277 774 314 796 eo
336 767 369 796 in
389 767 550 805 tempore,
568 765 792 796 duodecimam
810 764 959 795 Calavius
984 763 1118 794 Sabinus
1137 764 1306 805 regebant,
1324 768 1380 796 Ar-

46 811 187 842 meniam
213 812 310 844 intrat
332 813 419 844 tristi
441 813 560 843 omine.
579 822 653 843 nam
678 812 710 842 in
728 816 930 850 transgressu
954 811 1142 851 Euphratis,
1159 821 1255 851 quem
1281 814 1380 852 ponte

46 858 267 899 immittebat,
283 861 370 891 nulla
388 861 493 900 palam
512 869 610 891 causa
633 859 784 890 turbatus
805 867 926 898 equus,
953 860 1007 897 qui
1035 859 1217 890 consularia
1242 861 1380 901 insignia

46 905 193 944 gestabat
207 907 230 945 ¹,
250 908 335 938 retro
352 908 466 938 evasit.
483 908 664 947 hostiaque,
681 916 755 947 qua*
767 905 1007 943 muniebantur,
1024 905 1241 938 hibernaculis
1258 907 1269 925 ²
1289 909 1380 940 assi—

47 952 156 992 stens,
173 954 343 986 semifacta
363 964 461 996 opera
479 956 552 994 suga
567 955 712 995 perrupit
730 963 829 995 seque
846 953 930 984 vallo
953 953 1079 984 extulit.
1103 955 1134 984 et
1161 955 1223 994 pila
1240 956 1381 989 militum

46 1006 153 1031 arsere
176 1000 201 1040 ³,
230 1002 333 1042 magis
361 1002 477 1043 insigni
506 1002 670 1042 prodigio,
699 1002 776 1042 quia
800 1001 940 1033 Parthus
970 1000 1072 1031 hostis
1104 1001 1280 1035 missilibus
1310 1004 1383 1037 telis

47 1045 200 1080 decertat.

90 1097 173 1126 VIII.
201 1098 349 1128 Ceterum
364 1098 471 1129 Paetus
485 1097 602 1138 spretis
619 1096 805 1137 ominibus,
823 1095 966 1128 necdum
984 1095 1063 1127 satis
1083 1095 1216 1128 firmatis
1232 1097 1382 1130 hiberna-

50 1140 273 1182 culis‚fnullo
300 1145 345 1176 rei
374 1145 595 1175 frumentariae
623 1144 779 1184 provisu,
807 1144 889 1183 rapit
914 1143 1093 1174 exercitum
1120 1146 1209 1175 trans
1237 1148 1383 1178 montem

50 1189 193 1221 Taurum
215 1191 461 1231 reciperandis,
482 1194 516 1222 ut
535 1191 657 1222 serebat
672 1215 681 1229 ,
700 1192 953 1231 Tiqranocertis
971 1191 1215 1231 vastandisque
1232 1195 1383 1232 reqioni-

52 1233 114 1266 bus
128 1245 213 1277 qaas
229 1238 377 1270 Corbulo
390 1241 544 1279 uitem-as
557 1239 734 1269 omisisset.
760 1240 792 1269 et
814 1240 907 1277 capta
924 1237 1074 1277 quaedam
1093 1239 1233 1278 castella,
1256 1241 1384 1279 gloriae·

51 1289 115 1322 que
128 1287 160 1316 et
175 1287 292 1325 praedae
301 1287 445 1318 nonnihil
464 1287 602 1326 partum¹
617 1286 642 1316 si
653 1288 708 1317 aut
719 1286 854 1325 gloriam
870 1294 945 1316 cum
964 1285 1061 1315 modo
1077 1289 1133 1316 aut
1149 1287 1290 1326 praedam
1307 1297 1383 1322 cum

52 1335 129 1361 cura
142 1332 317 1365 habuisset.
337 1334 520 1374 longinquis
536 1333 705 1364 itineribus
719 1333 937 1373 percursando
954 1341 1026 1372 (μην
1042 1333 1180 1364 obtineri
1196 1335 1384 1379 nequibant,

52 1381 204 1419 corrupto
225 1381 280 1421 qui
299 1383 412 1421 captus
429 1383 498 1412 erat
513 1382 719 1418 commeatu,
737 1383 769 1411 et
786 1380 927 1411 instante
939 1380 1004 1419 jam
1026 1380 1132 1411 hieme
1149 1381 1279 1413 reduxit
1294 1392 1386 1417 exer-

52 1424 152 1457 citum
168 1429 415 1469 composuitque
431 1428 470 1459 ad
487 1432 649 1460 Caesarem
664 1428 789 1459 litteras
806 1427 899 1467 quasi
917 1427 1062 1459 consecto
1077 1427 1161 1458 bello
1173 1453 1182 1468 ,
1197 1429 1305 1462 verbis
1319 1440 1387 1464 ma-

52 1472 179 1511 gnificis
191 1498 199 1513 ,
222 1484 330 1507 rerum
344 1485 475 1507 vacuas.

95 1523 145 1552 IX.
172 1523 303 1554 Interim
318 1523 460 1556 Corbulo
473 1532 639 1564 nunquam
654 1522 831 1562 neglectam
855 1522 1027 1562 Euphratis
1044 1522 1145 1562 ripam
1167 1524 1387 1559 crebrioribus

51 1568 211 1606 praesidiis
228 1570 364 1608 insedit;
383 1573 414 1601 et
427 1579 466 1601 ne
484 1571 571 1611 ponti
590 1570 761 1610 injiciendo
780 1569 1046 1610 impedimentum
1062 1570 1195 1601 hostiles
1211 1573 1326 1605 turmae
1339 1575 1385 1606 as-

52 1612 171 1646 ferrent
199 1617 275 1656 (jam
292 1617 377 1648 enim
407 1618 583 1657 suhjectis¹
615 1618 737 1657 campis
766 1626 881 1657 magna
908 1617 1014 1657 specie
1033 1616 1044 1634 ²
1064 1617 1268 1659 volitabant),
1286 1630 1388 1655 naves

53 1663 275 1702 magnitudine
291 1667 482 1704 praestantes
503 1667 536 1696 et
560 1674 723 1696 connexas
745 1665 890 1696 trabibus
907 1674 945 1696 ac
962 1664 1104 1703 turribus
1118 1669 1231 1697 auctas
1247 1668 1313 1707 agit
1329 1678 1387 1709 per

54 1717 202 1749 amnem,
232 1712 470 1752 catapultisque
495 1715 527 1743 et
551 1712 678 1746 balistis
702 1712 873 1752 proturbat
899 1711 1078 1743 barbaros:
1104 1712 1134 1743 in
1155 1722 1237 1753 quos
1263 1724 1341 1747 saxa
1355 1717 1387 1748 et

54 1759 154 1790 hasta·
172 1759 298 1798 longius
314 1760 524 1799 permeabant
540 1769 639 1799 quam
658 1762 691 1790 ut
710 1760 872 1791 contrario
898 1759 1090 1799 sagittarum
1117 1760 1204 1799 jactu
1234 1762 1387 1802 adaequa-

56 1810 166 1837 rentur
191 1806 265 1837 dein
280 1815 360 1846 pons
373 1807 595 1845 continuatus,
611 1807 774 1846 collesque
791 1807 917 1838 adversi
933 1817 990 1847 per
1007 1808 1115 1839 socias
1133 1808 1295 1848 cohortes,
1313 1813 1386 1850 post

55 1853 216 1893 legionum
242 1853 354 1883 castris
379 1856 594 1892 occupantur,
620 1856 712 1884 tanta
727 1854 890 1885 celeritate
907 1856 939 1885 et
953 1856 1167 1885 ostentatione
1184 1855 1322 1896 virium,
1351 1861 1388 1888 ut

55 1900 163 1932 Parthi
181 1900 302 1930 omisso
326 1902 440 1940 paratu
465 1900 657 1931 invadendae
674 1900 772 1940 Syriae
790 1909 881 1940 spem
902 1909 1033 1931 omnem
1058 1902 1091 1931 in
1114 1902 1297 1933 Armeniam
1319 1913 1390 1935 ver-

54 1949 169 1980 terent.

95 1999 132 2026 x.
157 1993 230 2025 Ubi¹
252 1996 359 2025 Paetus
373 1994 610 2025 imminentium
629 1994 756 2025 nescius
769 1994 913 2034 quintam
928 1994 1084 2034 legionem
1102 1995 1213 2034 procul
1232 1995 1265 2027 in
1283 1998 1387 2030 Ponto

54 2041 202 2080 habebat,
213 2041 351 2080 reliquas
378 2042 569 2080 promiscuis
588 2042 727 2072 militum
745 2041 980 2072 commeatibus
996 2041 1006 2058 ²
1025 2041 1256 2082 infirmaverat,
1283 2044 1386 2078 donec

53 2087 228 2120 adventare
242 2088 417 2128 Vologesen
434 2097 551 2128 magno
569 2090 600 2120 et
614 2089 738 2120 infenso
755 2088 883 2129 agmine
896 2088 1056 2120 auditum.
1073 2089 1197 2120 accitur
1214 2089 1296 2130 legio
1308 2092 1387 2125 duo-

53 2134 190 2175 decima,
205 2136 238 2166 et
249 2135 336 2166 unde
351 2135 469 2166 samam
487 2136 574 2167 aucti
591 2136 752 2167 exercitus
775 2138 972 2176 speraverat,
999 2136 1126 2176 prodita
1141 2137 1360 2177 infrequentia
1375 2150 1384 2172 2

84 2211 137 2236 vn.
157 2216 177 2235 ι.
196 2211 255 2235 Mos
269 2212 330 2235 erat
343 2212 375 2235 nt
398 2217 484 2240 equus
497 2217 567 2235 unus
584 2211 710 2241 pluresve
724 2217 786 2236 cum
814 2212 912 2236 ornatu
935 2211 1011 2236 ducis
1025 2212 1149 2242 dignitati
1170 2213 1354 2242 respondente
1367 2220 1384 2239 e

54 2245 164 2278 publico
182 2246 314 2270 darentur
327 2247 355 2270 in
369 2247 580 2276 expeditionem.
594 2247 666 2271 Idem
680 2247 762 2277 plane
776 2248 868 2272 evenit
878 2253 948 2277 equo
959 2248 1057 2277 insigni
1069 2254 1153 2277 quum
1164 2249 1276 2272 Crassus
1286 2250 1382 2273 contra

55 2281 167 2306 Parthos
190 2281 356 2310 Euphratem
368 2283 520 2311 trajiceret.
533 2296 562 2300 —
573 2288 595 2307 2.
613 2283 695 2312 Quasi
711 2283 801 2313 dicas,
816 2284 962 2308 munitioni
982 2283 1232 2309 hibernaculorum.
1247 2298 1276 2301 —
1289 2291 1310 2309 3.
1325 2285 1383 2316 lgni

54 2316 128 2340 dicto
146 2316 180 2340 de
193 2316 375 2341 saint-Elmc.

86 2354 98 2374 x
107 2352 153 2376 111.
167 2357 188 2375 ι.
202 2351 265 2375 Scit.
277 2351 360 2376 toret.

83 2389 129 2414 lx.
144 2393 163 2412 i.
180 2386 296 2412 Flumini
311 2389 569 2418 adjacentibus.—2.
584 2391 624 2415 Ita
634 2392 665 2415 ut
679 2396 778 2421 magna
792 2396 851 2415 esse
861 2391 1004 2416 videretur
1014 2397 1108 2416 eorum
1123 2391 1277 2416 multitudo.

82 2425 116 2449 Χ,
131 2429 150 2447 ι.
165 2422 224 2452 Quo
237 2423 428 2454 tempore.—2.
446 2425 624 2450 commeatus
639 2427 681 2450 est
697 2427 776 2451 venia
787 2426 907 2452 abeundi
920 2427 1077 2458 aliquandiu
1091 2427 1124 2452 ab
1138 2427 1262 2452 exercitu
1273 2424 1381 2451 castris-
