1539 2668
510 158 622 187 A-JL.
635 157 672 186 C·
694 156 827 185 815.·.A.
838 155 885 185 ,ΕΛ
906 156 962 185 62.
1334 154 1395 186 231

120 241 146 270 1.
162 236 308 269 ‘Interea'
328 243 385 266 rex
397 233 590 266 Parthorum
599 230 785 270 Vologeses,
798 227 1146 270 cognitistcorbulonis
1164 228 1260 260 rebus
1273 236 1398 269 regem—

63 293 146 326 *que
171 283 382 323 alienigenam
406 278 757 321 Tigranemarmeniae
782 276 1107 318 impositum,.si1nul
1132 275 1231 307 fratre
1260 276 1401 309 Tiridate

81 332 176 374 pulso
196 334 342 372 spretum
368 328 595 361 Arsacidarum
620 326 787 365 tastiginm
816 325 862 356 ire
892 324 1000 356 ultum>
1021 323 1151 362 volens,
1179 323 1403 363 magnitudine

81 388 210 411 rursum
226 383 367 410 Romana
384 379 416 409 et
432 375 577 408 continui
596 373 725 405 soedem's
742 372 754 391 ²
775 371 957 404 reverentia.
968 370 1110 403 diversas
1126 370 1167 402 ad
1191 379 1285 401 curas
1298 371 1404 402 trahe-

80 427 190 462 batur,
206 428 374 458 cunctator
390 424 518 464 ingenio
533 424 565 454 et
589 421 769 453 defectione
784 425 1020 461 Hyrcanorum,
1040 418 1147 458 gentis
1166 418 1296 457 validae,
1324 417 1405 449 mul-

83 475 191 515 tisque
203 483 243 506 ex
257 482 294 504 eo
315 472 406 503 bellis
420 471 571 510 illigatus.
587 471 684 508 atque
701 468 791 499 illum
806 467 995 507 ambiguum
1009 475 1113 497 novus
1127 465 1260 505 insuper
1272 465 1407 497 nuntius

82 522 288 554 contumeliae
300 519 486 551 exstimulat
498 527 505 548 :
520 516 639 557 quippe
651 525 797 555 egressus
810 516 960 547 Armenia
967 514 1120 554 Tigranes
1132 513 1325 553 Adiabenos,
1337 522 1408 545 con·

81 570 253 603 tei-minam
278 568 458 605 nationem,
482 565 579 596 latins
591 573 628 596 ac
649 564 772 596 diutius
795 572 893 604 qnam
908 571 965 602 per
984 560 1175 593 latrocinia3
1201 562 1406 602 vastaverat;

80 619 178 658 idque
201 616 355 656 primores
373 614 518 654 gentium
535 621 618 652 aegre
633 612 816 644 tolerabant
831 621 840 642 ;
856 620 892 642 co
914 610 1171 649 contemptionis
1190 608 1406 649 descensum,

81 668 123 699 ut
142 673 184 697 ne
203 664 288 695 duce
307 663 446 703 quidem
470 664 619 692 Romano
636 660 921 697 incursarentur,
935 657 994 689 sed
1012 658 1204 688 temeritate
1220 655 1345 688 obsidis
1360 658 1409 689 tot

75 721 144 754 per
156 720 263 743 annos
276 712 368 741 inter
378 710 554 748 mancipia
568 708 689 739 habiti.
707 706 903 738 accendebat
919 706 1060 736 dolorem
1074 712 1186 736 eorum
1202 703 1409 746 Monobazus,

83 768 181 800 quem
205 768 304 799 penes
328 757 527 789 Adiabenum
546 756 709 795 regimen,
735 754 827 795 quod
843 753 1052 794 proesz‘dz'um
1077 754 1141 784 auc
1167 751 1258 783 unde
1276 754 1412 792 peteret

81 807 235 846 rogitans.
247 806 323 845 Jam
338 804 378 836 dc
392 804 553 835 Armenia
565 803 935 841 concessumproxz'ma
953 800 1065 838 tram,
1088 802 1120 830 et
1134 801 1198 831 nisi
1218 798 1413 838 defendant

83 854 230 893 Parthi,
253 854 363 884 levius
376 852 560 882 servitium
575 848 672 889 apud
691 851 864 880 Romanos
886 847 1012 878 deditis
1035 855 1142 887 quam
1167 848 1278 886 captis
1299 854 1369 878 csse
1383 846 1411 877 ⁴.

82 901 241 933 Tiridates
251 908 384 940 quoque
398 898 484 937 regni
498 897 652 938 profugus
667 904 722 936 per
734 895 898 926 silentium
908 896 965 925 ant
975 894 1099 925 modice
1111 894 1276 933 querendo
1283 894 1413 934 gravior

82 949 150 980 erat
166 948 177 966 ⁵
198 957 205 979 ε
225 956 291 980 non
309 949 399 978 enim
421 944 561 986 ‘tqnavta'
583 953 713 983 maqna
729 944 879 983 imperia
898 943 1065 973 contineri
1075 953 1088 980 ;
1116 943 1272 972 virorum
1297 949 1414 972 armo-

82 1004 232 1037 rumque
259 994 459 1031 faciendum
483 995 669 1024 certamen.
695 990 732 1022 id
754 992 790 1021 in
808 998 946 1021 summa
960 989 1114 1029 fortuna
1143 990 1293 1028 nequius,
1322 988 1416 1028 quod

82 1044 247 1077 validius.
262 1044 295 1074 ct
314 1051 379 1073 sua
397 1043 544 1072 retinere
558 1040 714 1080 privatae
733 1037 878 1077 domus,
899 1037 942 1069 de
963 1036 1105 1069 alienis⁰
1131 1037 1268 1067 certare
1283 1036 1415 1075 rcqtam

86 1091 229 1124 laudem
251 1098 331 1121 esse.

127 1142 168 1170 ΙΙ.
193 1138 294 1177 Igitur
318 1138 500 1167 commotus
523 1135 574 1165 liis
589 1133 761 1173 Vologeses
777 1131 951 1163 concilium
977 1130 1073 1161 vocat
1098 1132 1131 1161 et
1150 1131 1338 1170 proximum
1354 1129 1417 1162 sibi

85 1185 249 1218 Tiridaten
273 1183 462 1219 constitnit,
479 1183 576 1220 atque
597 1181 643 1211 ita
658 1180 785 1211 orditur
800 1189 807 1210 :
829 1192 845 1206 «
864 1183 958 1210 Hunc
971 1187 1029 1217 ego
1044 1178 1158 1208 eodem
1182 1186 1309 1208 mecum
1326 1177 1417 1217 patre

90 1248 106 1263 «
123 1233 285 1274 genitum,
300 1239 401 1271 quum
419 1229 498 1260 milii
519 1237 575 1268 per
589 1230 721 1259 aetatem
738 1234 868 1257 summo
882 1226 1030 1256 nomine¹
1050 1225 1283 1262 concessisset,
1301 1224 1334 1254 in
1347 1232 1417 1263 pos-

88 1295 105 1310 «
122 1281 295 1313 sessionem
317 1277 475 1309 Armeniae
491 1276 634 1315 deduxi,
653 1275 709 1316 qui
726 1276 842 1305 tertius
861 1273 1015 1314 potentiae
1031 1273 1147 1312 gradus
1165 1272 1300 1303 liabetur
1315 1280 1324 1302 :
1341 1279 1419 1302 nam

89 1342 105 1357 α
122 1328 233 1360 Medos
251 1330 390 1358 Pacorus
409 1327 484 1355 ante
501 1325 637 1363 ceperat.
664 1322 864 1360 videbarque
878 1323 990 1352 contra
1006 1323 1115 1351 vetera
1138 1319 1274 1350 fratrum
1296 1318 1371 1350 odia
1388 1319 1421 1350 et

88 1389 104 1405 a
123 1374 301 1408 certamina
329 1372 459 1403 tamiliae
476 1374 595 1401 nostrae
608 1371 742 1410 penates
759 1368 820 1399 rite
837 1367 1067 1408 composuisse.
1090 1367 1264 1406 probibent
1283 1365 1420 1397 Romani

88 1436 105 1452 «ι
123 1424 156 1455 et
171 1430 285 1463 paoem
311 1420 388 1460 ipsis
406 1427 573 1459 nunquam
603 1425 753 1458 prospere
781 1416 963 1447 lacessitam
982 1423 1068 1446 nnnc
1085 1423 1214 1456 quoqne
1229 1414 1264 1444 in
1283 1412 1420 1444 exitium

89 1482 107 1498 «
123 1479 229 1503 suuni¹
243 1469 453 1508 abrumpunt.
474 1476 540 1498 non
566 1466 621 1497 ibo
647 1464 767 1496 infitias
788 1473 796 1494 ε
815 1464 971 1504 aequitate
996 1471 1095 1503 quarn
1124 1462 1297 1501 sanguine,
1313 1468 1422 1492 ‘causa

90 1531 107 1547 ιι
123 1527 221 1558 quam
236 1517 334 1548 armis
347 1516 485 1547 retinere
499 1516 590 1555 parta
608 1513 787 1552 majoribus
804 1512 992 1543 malueram.
1009 1511 1035 1541 si
1053 1510 1262 1541 cunctatione
1278 1507 1421 1548 deliqui,

90 1579 107 1595 α
124 1566 246 1597 virtute
259 1564 430 1604 corrigam.
452 1566 561 1594 vestra
576 1561 709 1602 quidem
725 1561 775 1592 vis
788 1562 820 1592 et
835 1559 934 1600 gloria
948 1560 980 1589 in
996 1557 1121 1597 integro
1137 1561 1203 1595 est,
1222 1556 1335 1587 addita
1350 1563 1422 1586 mo-

91 1626 107 1641 «
124 1613 236 1645 destiae
252 1613 348 1651 sama,
363 1621 435 1651 quae
449 1619 552 1650 neque
565 1609 701 1641 summis
719 1608 905 1639 mortalium
920 1606 1100 1647 spernenda
1113 1608 1163 1636 est
1182 1607 1212 1635 et
1229 1613 1247 1634 a
1263 1603 1326 1634 diis
1338 1601 1423 1634 aesti-

91 1674 108 1690 «
125 1662 244 1692 matur.
261 1672 276 1687 υ
294 1659 395 1691 Simul
411 1659 595 1689 diademate
611 1658 711 1696 caput
732 1656 883 1687 Tiridatis
899 1654 1045 1692 evinxit3
1067 1656 1250 1693 promptam
1273 1650 1421 1690 equitum

89 1717 241 1747 manum,
259 1717 332 1748 quae
351 1716 459 1746 regem
474 1716 513 1738 ex
530 1714 618 1737 more
632 1707 785 1742 sectatur,
815 1702 938 1735 Monesi
961 1701 1059 1733 nobili
1079 1698 1151 1730 ‘viro
1167 1698 1314 1738 tradidit,
1334 1698 1421 1738 adje-

90 1757 152 1788 ctis
162 1756 399 1788 Adiabenorum
409 1754 556 1793 auxiliis3
574 1753 807 1792 mandavitque
820 1751 978 1791 Tigranen
992 1749 1144 1781 Armenia
1157 1746 1336 1786 exturbari,
1345 1745 1424 1777 dum

91 1805 162 1845 ipse
177 1803 292 1844 positis
321 1803 475 1834 adversus
498 1805 664 1841 Hyrcanos
688 1799 860 1830 discordiis
884 1799 969 1830 vires
991 1796 1123 1829 intimas
1145 1795 1330 1834 molemque
1348 1791 1425 1825 belli

92 1851 174 1891 ciet,
193 1849 371 1890 provinciis
390 1849 544 1880 Romanis
558 1847 728 1878 minitans.

133 1901 190 1930 ΙΙΙ.
216 1900 297 1935 Quae.
314 1895 369 1927 ubi
385 1894 561 1927 Corbuloni
583 1894 679 1925 certis
696 1892 820 1924 nuntiis
837 1891 950 1923 audita
970 1890 1070 1929 sunt,
1090 1888 1232 1927 legiones
1249 1887 1332 1919 duas
1351 1895 1425 1919 cum

92 1945 254 1978 Verulano
269 1947 387 1975 Severo
400 1945 433 1975 et
448 1942 554 1973 Vettio
572 1942 690 1972 Bolano
706 1939 888 1971 subsidium
905 1937 1035 1978 Tigrani
1051 1936 1170 1975 mittit,
1195 1934 1323 1966 occulto
1339 1943 1423 1974 prae-

92 1995 188 2036 cepto
199 2018 208 2034 ,
223 1994 443 2032 compositius
459 1992 586 2022 cuncta
607 1997 715 2030 quam
723 1987 960 2027 festinantius
973 1986 1116 2025 aqerent
1130 1995 1141 2015 .-
1157 1984 1276 2024 quippe
1303 1981 1424 2013 bellum

92 2042 211 2075 habere
224 2049 322 2081 quam
336 2048 444 2080 gerere
457 2037 607 2069 malebat.
618 2036 856 2076 scripseratque
868 2033 982 2066 Caesari
994 2033 1137 2073 proprio
1150 2030 1236 2062 duce
1245 2038 1333 2071 opus
1341 2037 1424 2068 esse,

93 2092 154 2133 qui
170 2091 374 2122 Armeniam·
383 2086 586 2127 defenderet
594 2096 608 2124 ;
625 2086 763 2125 Syriam
777 2083 960 2124 inyruente
979 2080 1134 2121 Voloqese
1148 2080 1282 2111 acriore
1303 2078 1344 2110 in
1355 2076 1427 2110 dis-

127 2203 149 2227 1.
159 2203 346 2227 Resumuntur
356 2200 518 2231 gesta‘xixn
532 2204 562 2223 26
574 2198 749 2222 narrata-2.
763 2197 879 2220 sexeum
894 2194 954 2224 ipsa
967 2193 1138 2218 Parthorum·
1150 2192 1234 2222 gente
1248 2197 1255 2216 :
1272 2191 1363 2215 motus
1375 2189 1427 2214 hu-

99 2243 202 2268 cusque
216 2238 318 2262 narrati
333 2237 366 2261 de
381 2236 506 2260 Armenia
521 2234 652 2259 concitati
666 2233 810 2257 erant-5.
831 2231 917 2261 Quam
933 2229 1085 2254 latrociniis
1102 2227 1161 2252 fieri
1173 2226 1308 2251 solet-⁴.
1325 2225 1427 2256 Quibus

100 2272 195 2297 verbis
205 2272 421 2302 significatquid
437 2272 475 2295 sit
491 2269 696 2298 facturus,.nisi
712 2267 861 2298 vologeses
874 2272 954 2297 opem
967 2265 1047 2290 ferat.
1062 2277 1087 2282 -
1097 2269 1121 2288 ε.
1136 2263 1224 2293 Magis
1236 2260 1429 2286 commovebat

92 2308 214 2367 *stata-{m
234 2308 388 2339 Vologesen
406 2314 414 2332 :
437 2306 676 2337 cujus-meditatio
697 2304 754 2334 jam
777 2303 931 2334 exponitur.
945 2315 972 2319 —
987 2307 1011 2326 e.
1035 2300 1086 2325 Vel
1112 2299 1235 2324 tutandis
1264 2297 1308 2322 vel
1333 2296 1428 2326 acqui-

98 2348 167 2440 ninid
187 2361 207 2403 ι’.
229 2380 275 2404 sc.·
287 2380 373 2409 regio.
397 2378 557 2404 Convertere
567 2375 776 2407 alicui-aliqua
794 2380 835 2400 τε
842 2373 987 2401 fei-eidem
1008 2373 1088 2398 sonat
1112 2377 1146 2396 ac
1161 2368 1364 2396 cedere-alicui
1382 2366 1427 2392 ati-

102 2421 149 2446 qul
169 2431 176 2437 .
