1539 2668
525 170 561 198 A.
586 170 624 198 U.
649 169 684 198 C.
705 167 775 197 814.
799 170 835 198 A.
860 170 895 198 C.
920 169 971 198 61.
1353 170 1415 198 222*

91 245 425 288 amiserat‚tanquam
450 243 585 275 durante
609 242 711 281 bello,
730 241 869 273 tradere
891 243 1084 273 exercitum
1108 243 1267 273 Petronio
1291 243 1419 283 Turpi-

92 299 189 330 tiano
205 320 214 335 ‚
239 293 295 335 qui
312 294 378 332 jam
401 290 570 323 consulatu
596 289 896 329 abierat‚jubetur.
922 289 948 320 is
971 298 1034 320 non
1052 289 1177 320 irritato
1194 289 1286 321 hoste
1308 297 1417 330 neque

90 343 256 378 lacessitus
273 342 444 372 honestum
463 338 550 379 pacis
567 346 685 368 nomen
704 337 794 378 segni
809 337 876 368 otio
893 337 1057 376 imposuit.

130 395 191 422 XL.
217 388 335 421 Eodem
360 395 444 418 anno
471 390 582 416 Romae
610 384 747 424 insignia
772 385 912 423 scelera,
938 384 1073 415 alterum
1101 384 1277 422 senatoris,
1305 383 1414 415 servili

88 439 222 470 alterum
235 434 379 473 audacia,
389 433 526 465 admissa
544 433 629 464 sunt.
644 432 800 464 Domitius
815 432 929 464 Balbus
945 433 1013 463 erat
1023 431 1194 472 praetorius
1208 431 1304 462 simul
1322 431 1416 470 longa

86 482 332 523 senecta,simul
345 481 482 512 orbitate
495 482 526 511 et
537 480 671 519 pecunia
688 480 812 511 insidiis
825 480 994 511 obnoxius.
1013 481 1039 510 ei
1054 480 1253 519 propinquus
1270 478 1413 509 Valerius·

85 533 261 568 Fabianus,
277 528 479 569 capessendis
495 526 672 558 honoribus
693 527 881 566 destinatus,
900 527 1043 558 subdidit
1060 529 1292 557 testamentum
1304 550 1312 564 ,
1330 525 1414 556 asci-

84 580 127 611 tis
144 578 268 608 Vinicio
284 576 399 607 Rutino
415 578 447 606 et
466 574 614 605 Terentio
632 574 767 605 Lentino
789 574 952 614 equitibus
977 575 1141 605 Romanis.
1168 573 1211 603 illi
1236 572 1413 604 Antonium

82 626 228 658 Primum
242 626 274 655 et
291 622 437 654 Asinium
461 622 645 653 Marcellum
663 621 878 652 sociaverant.
896 620 1054 652 Antonius
1072 620 1204 651 andacia
1222 622 1391 660 promptus
1403 643 1412 657 ‚

82 672 249 705 Marcellus
267 670 376 701 Asinio
396 669 535 700 Pollione
553 678 674 708 proavo
690 668 794 700 clarus
806 693 814 708 ,
837 678 940 708 neque
956 677 1081 699 morum
1097 667 1297 707 spernendus
1315 666 1414 697 liabe-

81 719 188 757 batur,
204 718 266 748 nisi
281 717 366 757 quod
384 718 604 756 paupertatem
619 716 818 756 praecipuum
833 717 990 747 malorum
1005 715 1166 746 credebat.
1186 715 1284 754 igitur
1300 713 1412 744 Fabia·

81 775 144 798 nus
159 765 284 797 tabulas
300 764 339 795 iis
357 773 437 803 quos
457 762 635 794 memoravi
652 766 684 795 et
700 764 770 794 aliis
788 763 894 795 minus
918 763 1098 794 illustribus
1114 762 1263 801 obsignat
1282 762 1304 792 ¹.
1325 760 1413 801 quod

82 812 168 853 apud
185 815 292 844 Patres
306 811 491 842 convictum
506 821 514 849 ;
537 814 568 841 et
582 810 740 841 Fabianus
756 811 980 850 Antoniusque
996 820 1070 841 cum
1086 812 1200 841 Rutino
1217 811 1249 840 et
1262 809 1413 840 Terentio

80 859 148 899 lege
162 859 307 890 Cornelia
321 858 517 889 damnantur
527 856 550 887 ².
568 858 750 888 Marcellum
764 858 919 888 memoria
934 858 1094 896 majorum
1109 860 1139 888 et
1154 865 1264 896 preces
1277 855 1415 888 Caesaris

80 915 184 948 poenae
200 905 301 945 magis
319 914 415 944 quam
431 904 572 935 infamiae
585 913 742 935 exemere.

121 956 198 985 XLI.
215 952 356 984 Perculit
373 952 399 982 is
417 951 485 982 dies
498 951 685 991 Pompeium
700 959 829 991 quoque
844 951 1013 990 AEliamini,
1027 951 1180 990 juvenem
1200 951 1411 990 quaestorium

79 1001 247 1040 tamquam
279 999 474 1038 flagitiorum
502 998 631 1029 Fabiani
658 1007 812 1037 gnarum;
831 999 924 1038 eique
948 998 1040 1029 Italia
1056 1000 1087 1029 ct
1104 998 1271 1038 Hispania,
1298 998 1414 1037 inqua

79 1050 171 1081 ortus
187 1049 275 1086 erat,
305 1046 513 1078 interdictum
539 1049 599 1076 est.
625 1046 695 1076 Pari
724 1046 903 1085 ignominia
927 1046 1073 1076 Valerius
1089 1046 1240 1076 Ponticus
1258 1045 1413 1084 afficitur,

78 1094 167 1134 quod
181 1102 271 1132 reos,
289 1102 328 1124 ne
347 1093 431 1133 apud
447 1093 634 1132 praesectum
650 1093 745 1124 Urbis
762 1093 767 1110 ¹
796 1096 1018 1133 arguerentur,
1043 1093 1081 1123 ad
1104 1095 1274 1133 pra=torem
1293 1092 1304 1109 ²
1324 1093 1414 1123 detu-

79 1140 187 1179 lisset,
210 1140 339 1171 interim
357 1140 462 1179 specie
476 1140 581 1178 legum
595 1163 603 1178 ‚
619 1148 692 1170 mox
714 1140 955 1179 praevaricando
970 1140 1123 1170 ultionem
1141 1140 1302 1171 elusurus.
1316 1140 1408 1170 addi-

79 1188 133 1220 tur
145 1187 436 1224 senatusconsulto,
452 1188 509 1226 qui
524 1186 628 1216 talem
643 1194 785 1225 operam
802 1186 813 1203 ³
830 1189 1040 1226 emptitasset
1055 1186 1316 1226 vendidissetve,
1330 1195 1412 1226 per-

81 1233 161 1266 inde
183 1242 286 1274 pa’na
313 1235 490 1264 teneretur
510 1241 550 1263 ac
571 1234 599 1263 st
623 1233 898 1273 publicojuclicto
917 1234 1103 1265 calumme
1119 1233 1370 1265 condemnatus
1384 1234 1410 1267 ²¹.

122 1284 215 1312 XLII.
240 1280 329 1312 Haud
349 1280 451 1311 multo
468 1282 541 1319 post
567 1280 755 1319 praesectum
779 1280 873 1312 Urbis
890 1280 1062 1311 Pedanium
1090 1280 1274 1310 Secundum
1300 1289 1413 1312 servus

80 1330 179 1370 ipsius
196 1327 373 1365 interfecit,
391 1336 446 1357 sou
471 1328 583 1366 negata
598 1326 763 1366 libertate,
782 1327 833 1358 cui
855 1327 991 1367 pretium
1010 1327 1169 1367 pepigerat
1184 1328 1206 1366 ¹,
1222 1329 1289 1359 sive
1302 1337 1413 1360 amore

80 1376 196 1408 exoleti
209 1374 220 1392 2
239 1375 383 1405 infensus
397 1375 429 1404 et
441 1373 609 1403 dominum
624 1375 777 1404 annulum
794 1384 856 1405 non
868 1375 1020 1405 tolerans.
1034 1378 1092 1405 coh
1108 1383 1177 1404 rum
1190 1384 1290 1414 quum
1303 1379 1414 1408 vetere

79 1431 117 1454 ex
136 1421 245 1453 more³
265 1421 419 1451 tammam
437 1429 585 1458 omnem,
600 1429 674 1459 quae
690 1420 749 1451 sub
765 1421 878 1451 eodem
894 1423 982 1451 tecto
1002 1422 1255 1459 mansitaverat,
1276 1422 1316 1452 ad
1333 1432 1413 1463 sup-

79 1469 210 1510 plicium
238 1468 285 1507 agi
311 1468 472 1506 oporteret
486 1492 493 1505 ,
521 1476 680 1497 concursu
711 1468 829 1507 plebis,
857 1477 931 1507 quae
958 1471 1006 1498 tot
1027 1468 1178 1498 innoxios
1204 1469 1410 1509 protegebat,

79 1524 182 1555 usque
206 1515 248 1546 ad
263 1515 454 1545 seditionem
470 1515 603 1545 ventum
621 1516 685 1552 est;
706 1518 885 1554 senatuque
908 1515 938 1545 in
959 1515 1028 1555 ipso
1044 1519 1135 1547 erant
1153 1516 1258 1547 studia
1276 1517 1409 1547 nimiam

78 1563 282 1595 severitatem
299 1561 557 1600 aspernantium,
574 1561 721 1599 pluribus
738 1562 815 1593 nihil
834 1563 1029 1593 mutandum
1047 1563 1264 1594 censentibus.
1282 1573 1321 1595 ex
1336 1567 1412 1604 quis

79 1614 112 1642 C.
132 1609 259 1641 Cassius
273 1608 443 1639 sententiae
463 1608 533 1638 loro
551 1608 582 1638 in
604 1608 689 1638 bunc
709 1609 843 1639 modum
861 1609 1014 1640 disseruit
1031 1618 1038 1639 t

118 1660 223 1687 XLIII.
231 1659 485 1695 «saepenumero,
493 1657 599 1685 Patres
608 1656 792 1696 conscripti,
803 1657 834 1687 in
845 1656 906 1686 hoc
915 1656 1027 1687 ordine
1038 1655 1181 1700 interfui,
1192 1666 1292 1697 quum
1300 1661 1417 1689 contra?

81 1717 97 1731 «
111 1704 255 1735 instituta
269 1702 392 1741 etleges
407 1702 563 1740 majorum
575 1711 659 1733 nova
669 1706 801 1734 senatus
811 1704 941 1734 decreta
955 1705 1212 1743 postulareutur3
1227 1714 1329 1745 neque
1337 1715 1410 1737 sum

79 1762 95 1777 ι
113 1750 388 1786 ἃ(’1γθῑ5ῐὶῐιιε,υοη
399 1749 474 1788 quia
488 1748 671 1780 dubitarem
694 1759 789 1790 super
804 1750 956 1781 omnibus
971 1752 1106 1790 negotiis
1122 1753 1236 1783 inelius
1254 1756 1351 1792 atque
1367 1763 1411 1785 re·

83 1810 98 1825 «ι
112 1797 195 1828 etius
203 1796 277 1827 olim
287 1805 358 1835 prox
368 1795 451 1825 isum
460 1797 580 1834 emptae
587 1798 861 1835 converterentur,
870 1797 903 1827 in
913 1797 1051 1830 deterius
1062 1799 1191 1837 mutari,
1202 1800 1256 1830 sed
1265 1809 1303 1831 ne
1311 1800 1411 1831 nimio

82 1857 97 1871 «ι
116 1852 224 1874 amore
238 1842 361 1881 antiqui
379 1842 475 1871 moris
488 1842 630 1872 studium
647 1852 756 1873 meum
771 1844 778 1860 ¹
796 1844 948 1875 extollere
966 1845 1100 1876 viderer.
1120 1846 1235 1885 sinml,
1254 1847 1410 1886 quicquid

81 1903 98 1918 a
115 1890 175 1920 hoc
200 1889 232 1919 in
260 1887 352 1918 nobis
372 1888 575 1918 auctoritatis
603 1890 669 1926 est,
687 1889 808 1919 crebris
836 1891 1150 1922 contradictionibus
1174 1892 1408 1925 destruendum

82 1950 97 1965 α
116 1945 180 1968 non
193 1934 417 1967 existimabam
430 1958 437 1971 ‚
456 1936 490 1964 ut
508 1937 652 1966 maneret
674 1936 855 1975 integrum,
873 1936 899 1967 si
914 1938 1044 1976 qnando
1061 1939 1239 1977 respublica
1263 1940 1411 1972 consiliis

82 1997 97 2012 «
116 1983 265 2023 eguisset.
285 1981 369 2021 quod
389 1981 483 2011 bodie
499 1981 608 2012 evenit
623 1982 784 2013 consulari
803 1982 872 2013 viro
889 1982 976 2013 domi
990 1993 1057 2014 suae
1075 1985 1243 2015 interfecto
1257 1996 1314 2026 per
1329 1987 1410 2017 insi-

83 2044 98 2058 «
117 2030 186 2062 dias
202 2028 352 2066 serviles,
370 2036 451 2067 quas
467 2037 562 2059 nemo
579 2029 744 2068 probibuit
765 2031 821 2060 aut
839 2029 982 2069 prodidit
995 2031 1144 2069 quamvis
1161 2032 1306 2064 nondum
1329 2043 1408 2065 con-

108 2113 162 2137 XL.
175 2118 196 2136 ¹.
209 2112 481 2141 Obsignandascurat
496 2112 548 2136 illis
561 2113 676 2137 testibus
687 2114 729 2138 vel
743 2114 1038 2144 obsianatoribus.—2.
1057 2115 1158 2139 Ordine
1173 2117 1313 2141 senatorio
1328 2119 1405 2147 moti,

80 2150 154 2173 certe
167 2148 307 2175 Antonius,
324 2147 356 2171 de
367 2153 420 2176 quo
436 2148 509 2171 Hist.
526 2148 558 2176 II,
579 2153 615 2171 86.
642 2149 687 2172 Est
701 2149 747 2173 lex
763 2149 898 2174 Cornelia
921 2149 1000 2174 Sullae
1017 2151 1233 2180 testamentaria,
1262 2152 1315 2176 lata
1331 2160 1356 2177 a.
1375 2155 1404 2178 U*

79 2189 133 2212 ⁶7⁵,
146 2188 198 2212 qua
211 2183 319 2206 cautum
338 2182 454 2211 desalso
466 2185 494 2206 ut
505 2184 579 2207 noxii
592 2185 647 2208 aut
659 2184 689 2208 in
696 2185 832 2209 exsilium
846 2185 975 2215 ayantur
989 2186 1043 2209 aut
1056 2185 1085 2209 in
1098 2186 1225 2210 insulam
1239 2188 1407 2217 rezeyentm·

80 2218 135 2243 aut
144 2217 231 2241 curia
240 2216 473 2241 submoveantur.

109 2251 178 2276 XLI.
198 2255 219 2274 ι.
236 2252 274 2275 De
285 2251 364 2280 hujus
378 2252 568 2281 jurisdictione
583 2254 643 2278 vide
659 2260 741 2284 supra
755 2255 797 2283 VI,
814 2260 904 2279 n.—2.
919 2256 1002 2285 Cujus
1021 2256 1177 2285 jurisdictio
1197 2257 1252 2286 jam
1271 2257 1337 2281 nihil
1352 2258 1404 2281 nisi

80 2287 176 2313 umbra
184 2287 212 2310 et
223 2287 396 2310 simulacrum
411 2289 532 2312 eran-5.
545 2290 588 2313 Sc.
602 2290 861 2319 praevaricandi.—⁴.
878 2291 985 2315 Paullus
1000 2291 1076 2315 letus
1090 2299 1096 2315 :
1120 2292 1221 2316 Omnes
1239 2293 1404 2317 calumnia-

82 2324 157 2348 tores
166 2321 269 2345 exsilio
281 2322 324 2346 vel
335 2323 438 2346 insulae
451 2324 627 2354 releqatione
640 2327 694 2350 aut
706 2326 818 2350 ordinis
835 2327 988 2352 amissione
998 2327 1232 2356 puniriplacuic.

111 2356 189 2381 XLII.
201 2361 224 2380 ι.
239 2357 282 2380 Sc.
296 2362 357 2380 cum
369 2357 489 2387 domino,
505 2365 537 2383 ex
551 2360 660 2390 peculio
674 2361 844 2386 solvendum.
854 2374 883 2378 —
899 2366 921 2385 2.
935 2363 1014 2387 Pueri
1032 2368 1131 2392 spurca
1140 2362 1252 2387 libidine
1269 2363 1406 2387 contami-

81 2392 202 2416 ωτι-5.
213 2391 252 2415 De
266 2397 319 2421 quo
327 2391 398 2416 conf.
414 2393 485 2422 XIII,
498 2399 535 2418 ³2.

110 2425 203 2451 XLIII.
219 2431 239 2450 ι.
253 2426 325 2451 suris
332 2426 460 2457 scientiae,
472 2429 560 2460 inqua
572 2430 777 2460 praeminebat
785 2432 892 2457 ceteros
905 2432 1020 2462 Cassius,
1032 2433 1063 2457 ut
1079 2438 1160 2462 supra
1174 2433 1277 2457 dictum
1290 2433 1349 2461 ΧΠ,
1366 2437 1406 2458 12.
