1539 2668
178 164 239 194 422
625 162 657 188 (ὲ.
685 160 874 190 CORNELII
896 163 1029 192 TACITI

176 237 291 266 primum
307 240 320 257 a
335 234 445 262 Suevis,
467 239 528 257 mox
543 239 556 255 a
572 233 661 256 Frisiis
677 233 856 262 intercipitur.
878 236 1008 262 Agricola:
1026 235 1095 259 filius
1113 236 1179 260 obit.
1194 250 1220 254 -
1232 242 1270 261 29.
1294 238 1411 267 Septimo
1425 245 1499 264 anno

176 270 302 300 Agricola
320 270 405 293 classe
425 270 559 298 praemissa
574 270 606 292 ad
625 270 778 298 tlrampiuui
794 272 911 294 montem
927 273 1066 300 pervenit,
1082 277 1161 300 quem
1178 273 1232 301 J'am
1247 273 1403 298 insederant
1419 275 1499 299 Cale-

176 306 263 333 donii,
283 305 384 328 viribus
404 304 522 328 omnium
545 305 683 327 civitatum
703 306 815 329 aucti.—-
829 310 922 330 50—52.
937 307 1082 336 Calgacus.
1101 307 1172 330 inter
1190 307 1278 336 plures
1298 314 1392 332 eorum
1414 310 1497 334 duces

174 341 275 364 virtute
291 341 318 363 ct
331 345 430 369 ‘genere
447 341 585 368 praestans,
600 340 762 363 adhortatur
776 347 839 364 suos
853 343 879 365 et
889 355 918 358 —
928 348 965 371 51»,
980 348 1015 366 54.
1032 342 1158 371 Agricola
1171 344 1315 367 Romanos.
1325 357 1354 361 —
1364 350 1402 368 55.
1417 345 1497 369 Acies

174 377 310 404 utrimque
324 375 561 405 di1·iguntur.-—5c,
578 380 612 398 57.
632 376 715 399 Atrox
731 377 758 399 et
771 376 890 405 proelium
904 379 931 401 et
947 378 1139 407 spectaculum.
1151 390 1178 395 —
1189 384 1226 402 58.
1239 378 1388 403 Caledoniis
1402 379 1497 409 vietis,

174 411 300 439 Agricola
315 411 463 434 exercitum
478 410 588 434 deducit
603 411 630 434 in
642 411 707 434 fines
726 412 902 436 Borestorum
918 414 945 437 et
960 413 1089 443 praetecto
1104 413 1196 437 classis
1210 414 1376 438 circumvehi
1389 415 1496 440 Britan-

171 446 244 469 niam
260 447 390 475 praecipit.

201 486 238 505 59.
261 482 391 505 Nuntium
415 487 505 504 rerum
523 480 556 504 ab
571 481 695 510 Agricola
711 484 846 511 gestarum
864 484 1030 507 Domitiauus
1052 484 1140 508 fronte
1154 484 1241 513 iaetus,
1259 487 1371 515 pectore
1385 487 1495 517 anxius,
1535 493 1538 496 ·

171 517 284 545 excipit:
297 531 325 533 —
335 522 373 539 40.
390 516 561 545 triumphalia
575 517 664 539 tamen
678 520 838 541 ornamenta
856 520 880 542 ei
899 519 925 542 in
939 520 1034 542 senatu
1051 519 1161 543 decerni
1173 520 1251 549 giubet
1264 522 1422 551 Syriamque
1434 528 1494 551 pro-

170 551 287 574 vinciam
304 552 430 575 destinat.
449 551 573 580 Agricola
588 552 751 575 Britanniam
767 553 849 576 tradit
862 555 1011 577 successori
1022 560 1079 581 suo,
1095 556 1122 578 et
1134 556 1242 578 Romam
1257 561 1383 579 reversus
1399 556 1425 580 in
1437 558 1493 581 otio

169 586 244 609 vivit.
260 600 287 603 —
298 592 334 610 ln.
351 587 500 610 Periculum
515 588 538 610 ei
553 589 647 610 creant
661 589 688 611 et
705 590 875 612 accusatores
889 590 916 612 et
930 589 1093 613 laudatores,
1105 602 1131 606 ——
1144 596 1179 614 42.
1202 591 1370 620 Deprecatur
1388 592 1454 617 Asiae
1467 593 1496 616 et

170 620 268 644 Africa*
287 622 507 650 proconsulatum
522 628 554 645 ac
571 622 699 646 modestia
715 624 911 652 prudentiaque
932 624 998 647 iram
1014 624 1141 654 Principis
1154 625 1228 649 lenit.
1240 638 1269 643 —-
1280 630 1314 649 ⁴5.
1330 627 1451 655 Moritur,
1467 628 1494 651 et

169 657 371 680 miserationem
392 659 472 685 auget
492 659 620 681 constans
642 664 748 686 rumor,
770 665 830 683 eum
852 665 956 683 veneno
978 660 1168 688 interceptum.
1184 661 1351 684 Domitianus
1374 663 1493 691 speciem

168 691 270 715 doloris
286 699 338 721 prae
352 699 381 716 se
401 693 455 716 fert
469 695 496 716 ct
512 694 617 716 laetatur
631 693 702 717 lecto
718 696 896 722 testamento,
916 701 969 723 quo
984 695 1095 718 coheres
1108 697 1184 719 uxori
1199 698 1226 720 et
1238 697 1292 720 filio
1307 698 1363 726 ejus
1376 698 1493 726 scriptus

169 729 310 751 erat—⁴⁴.
328 729 460 757 Agricolzc
473 730 546 757 aetas,
562 729 676 758 habitus,
692 729 816 757 honores,
832 736 905 759 opes,
918 730 1031 753 iama.—
1043 735 1079 754 ω.
1096 731 1167 754 Mors
1181 732 1237 760 ejus
1251 735 1403 761 opportuna
1414 750 1418 760 ‚
1429 732 1492 760 quia

167 766 220 784 non
236 762 303 786 vidit
317 765 357 787 tot
376 764 492 791 scelera,
513 771 526 787 a
550 765 702 788 Domitiano
717 764 796 794 paulo
816 766 878 794 post
892 765 1052 794 commissa,
1067 766 1114 789 scd
1130 767 1254 790 acerbior
1268 768 1294 789 et
1312 767 1376 795 ipsi,
1393 768 1420 790 ct
1433 767 1492 791 filiae

166 802 323 827 generoque
340 801 453 828 propter
466 799 561 823 horum
576 800 736 824 absentiam.
749 813 777 817 —
789 806 825 825 ao.
840 801 979 830 solatium,
992 801 1065 830 quod
1078 801 1110 824 iis
1126 801 1228 830 praebet
1238 802 1365 825 memoria
1378 803 1405 826 ct
1421 801 1491 826 fama

166 834 285 861 parentis
298 835 471 863 sempiterna.

208 979 231 1006 Ι.
257 975 423 1005 Clarorum
447 975 589 1006 virorum
612 975 696 1007 facta
712 984 883 1015 moresque
904 975 1041 1016 posteris
1058 975 1205 1015 tradere,
1227 975 1407 1016 antiquitus
1423 975 1489 1007 usi-

165 1023 270 1054 tatum
286 1045 295 1060 ,
310 1030 351 1052 ne
365 1022 485 1053 nostris
503 1022 635 1062 quidem
653 1023 855 1063 temporibus
872 1032 1068 1063 quamquam
1086 1022 1246 1054 incuriosa
1263 1031 1394 1054 suorum
1411 1025 1489 1054 aetas

164 1069 296 1109 omisit,‘
314 1069 442 1108 quoties
463 1078 579 1109 magna
605 1069 710 1108 aliqua
734 1078 771 1100 ac
793 1070 910 1100 nobilis
932 1070 1037 1101 virtus
1057 1070 1136 1101 vicit
1155 1078 1192 1101 ac
1215 1078 1418 1110 supergressa
1441 1071 1490 1101 est

163 1116 281 1148 vitium
297 1116 404 1155 parvis
420 1116 609 1155 magnisque
626 1116 813 1147 civitatibus
833 1125 1005 1147 commune
1017 1141 1025 1156 ,
1040 1117 1251 1156 ignorantiam
1268 1116 1347 1148 recti
1360 1118 1391 1147 et
1407 1115 1490 1147 invi-

164 1162 263 1195 diam.
282 1162 341 1194 Sed
359 1163 444 1202 apud
459 1163 598 1202 priores,
616 1165 653 1194 ut
673 1171 766 1202 agere
785 1165 964 1195 memoratu
981 1164 1074 1203 digna
1090 1172 1230 1204 pronum
1246 1164 1253 1181 ¹
1274 1163 1440 1203 magisque
1454 1162 1490 1194 in

165 1210 277 1249 aperto
294 1211 362 1240 erat
375 1234 382 1248 ‚
401 1210 447 1240 ita
463 1209 690 1241 celeberrimus
706 1210 842 1250 quisque
860 1210 988 1249 ingenio
1005 1211 1044 1242 ad
1063 1209 1261 1251 prodendam
1276 1210 1408 1241 virtutis
1423 1217 1490 1241 me-

164 1256 300 1287 moriam
312 1280 320 1295 ,
340 1257 409 1287 sine
423 1256 525 1295 gratia
540 1260 598 1288 aut
613 1256 789 1288 ambitione
800 1282 808 1296 ‚
827 1257 921 1288 bonae
936 1260 1063 1288 tantum
1083 1257 1292 1289 conscientiae
1309 1257 1413 1298 pretio
1429 1256 1487 1288 du-

162 1304 306 1335 cebatur.
331 1313 368 1335 ac
387 1304 532 1344 plerique
545 1303 556 1321 2
573 1313 664 1335 suam
687 1305 747 1345 ipsi
762 1305 863 1336 vitam
885 1314 1014 1336 narrare
1034 1305 1185 1337 fiduciam
1207 1305 1314 1345 potius
1336 1313 1488 1345 morum,

162 1360 260 1391 quam
275 1351 491 1391 arrogantiam
509 1351 655 1382 arbitrati
669 1354 763 1391 sunt3
779 1361 839 1383 nec
852 1352 885 1382 id
899 1353 1019 1384 Rutilio
1033 1352 1044 1370 ³
1063 1354 1095 1383 et
1107 1356 1224 1384 Scauro
1238 1352 1249 1370 ⁴
1266 1352 1347 1383 citra
1363 1351 1460 1383 fidem
1474 1353 1486 1371 ⁵

159 1400 218 1429 aut
231 1398 458 1431 obtrectationi
473 1398 487 1429 s
488 1399 545 1430 uit.
563 1399 642 1430 adeo
655 1399 792 1431 virtutes
806 1399 920 1431 iisdem
931 1399 1130 1440 temporibus
1141 1399 1261 1440 optime
1271 1399 1487 1439 aestimantur,

162 1445 283 1485 quibus
298 1446 443 1477 facillime
457 1446 645 1486 gignuntur.

205 1497 244 1524 ΙΙ.
270 1495 309 1524 At
330 1494 407 1524 mihi
424 1503 511 1524 nunc
531 1495 702 1525 narraturo
722 1493 825 1525 vitam
845 1493 989 1526 defuncti
1006 1494 1148 1526 hominis
1166 1493 1261 1525 venia
1280 1501 1361 1533 opus
1377 1492 1456 1523 ίίιὶῐ1
1476 1503 1486 1524 :

161 1549 260 1581 quam
283 1550 348 1572 non
366 1542 540 1581 petissem,
556 1541 590 1572 ni
611 1541 822 1572 cursaturus²
840 1543 908 1572 tam
930 1550 1018 1573 saeva
1034 1545 1065 1573 et
1081 1541 1197 1573 infesta
1216 1540 1392 1572 virtutibus
1406 1541 1486 1571 tem-

162 1598 253 1629 pora.
269 1589 439 1628 Legimus,
463 1597 564 1628 quum
579 1589 720 1620 Aruleno
736 1589 867 1620 Rustico
879 1589 890 1607 ³
909 1592 1014 1620 Paetus
1034 1589 1173 1620 Thrasea
1185 1613 1193 1627 ‚
1214 1587 1375 1620 Herennio
1395 1590 1488 1618 Sene-

159 1636 267 1668 οἰοῐιί4
292 1636 418 1667 Priscus
432 1635 602 1666 Helvidius
619 1636 742 1666 laudati
759 1638 881 1674 essent,
905 1636 1041 1675 capitale
1054 1636 1064 1653 ⁵
1090 1635 1206 1673 fuisse3
1228 1642 1333 1674 neque
1351 1633 1385 1664 in
1399 1633 1486 1673 ipsos

163 1683 259 1714 modo
273 1686 431 1721 auctores,
446 1682 548 1713 sedin
564 1683 662 1713 libros
676 1691 805 1722 quoque
819 1691 930 1713 eorum
944 1683 1104 1721 saevitum,
1123 1681 1267 1721 delegato
1281 1680 1461 1712 triumviris
1472 1679 1484 1697 ⁶

162 1730 344 1762 ministerio
357 1754 365 1769 ‚
380 1731 417 1760 ut
437 1731 648 1760 monumenta
661 1729 913 1760 clarissimorum
928 1730 1128 1769 ingeniorum
1144 1729 1178 1760 in
1195 1728 1326 1759 comitio
1340 1736 1377 1757 ac
1391 1727 1460 1758 foro
1472 1727 1482 1745 ⁷

160 1779 353 1816 urerentur3
372 1777 493 1808 scilicet
506 1777 561 1807 illo
575 1777 648 1816 igne
661 1785 773 1807 vocem
790 1777 901 1816 populi
916 1777 1054 1807 Romani
1068 1778 1100 1808 et
1112 1775 1293 1807 libertatem
1309 1775 1437 1805 senatus
1455 1776 1488 1807 et

161 1825 391 1857 conscientiam
414 1824 537 1863 generis
553 1824 686 1854 humani
709 1823 831 1855 aboleri
857 1823 1117 1863 arbitrabantur,
1134 1823 1276 1863 expulsis
1291 1822 1422 1861 insuper
1438 1829 1488 1852 sa-

192 1932 214 1954 l.
233 1936 256 1954 ι.
272 1929 444 1958 Expeditum.
464 1929 497 1952 In
511 1929 620 1958 aperto,
639 1934 722 1958 quum
736 1929 763 1951 in
778 1928 894 1952 comitiis
910 1928 1002 1958 populi
1014 1929 1041 1951 et
1053 1928 1080 1951 in
1094 1928 1190 1951 senatu
1208 1932 1251 1950 rcs
1265 1925 1378 1956 publicae
1393 1931 1487 1950 omnes

161 1967 250 1997 palam
267 1966 496 1988 tractarentur.-
512 1969 533 1987 2.
549 1964 686 1987 Permulti.
698 1976 724 1979 —
739 1969 760 1986 5.
776 1964 889 1987 Rutilius
905 1964 995 1991 Rufus,
1015 1963 1108 1987 consul
1122 1963 1185 1986 anni
1197 1962 1227 1986 U.
1242 1967 1299 1991 6⁴9,
1318 1962 1416 1990 praeter
1435 1961 1487 1984 alia

159 2003 259 2028 librum
274 2002 381 2029 scripsit
394 2001 428 2023 (le
443 2000 504 2024 vita
517 2006 582 2024 sua.
600 2001 637 2023 De
653 2005 684 2023 co
700 1999 802 2022 dictum
817 2000 849 2022 ad
862 1999 967 2023 Annal.
982 1999 1022 2027 lV,
1037 2004 1073 2027 43,
1089 1999 1206 2022 fine—⁴.
1221 1998 1254 2021 Μ.
1269 1997 1388 2021 AEmilius
1401 1997 1485 2020 Scau-

160 2044 214 2065 rus,
233 2035 362 2060 consula.
382 2041 433 2063 653,
448 2037 540 2064 postea
555 2035 669 2063 iterum,
684 2034 808 2064 princeps
820 2035 944 2062 senatus,
959 2039 1064 2062 censor,
1077 2033 1247 2057 adversarius
1259 2031 1363 2057 Rutilii,
1377 2031 1411 2054 de
1424 2031 1485 2054 vita

158 2079 215 2097 sua
231 2072 322 2100 plures
340 2071 423 2094 libros
440 2070 601 2100 composuit.
613 2075 674 2093 mr».
693 2069 775 2094 citra
784 2069 871 2098 fidem
885 2071 926 2093 est
945 2069 1016 2098 quod
1037 2069 1070 2092 ad
1090 2075 1148 2092 eain
1169 2073 1223 2092 non
1244 2067 1380 2097 pervenit,
1399 2065 1432 2089 ab
1454 2071 1485 2089 ea

159 2109 295 2132 remotum
313 2108 424 2130 manet:
439 2106 501 2129 hinc
519 2111 583 2129 usus
596 2105 753 2134 exquisitior
767 2104 964 2133 praepositionis
976 2104 1053 2128 citra
1070 2110 1118 2133 pro
1135 2103 1245 2132 absque.

192 2144 222 2167 ΙΙ.
243 2149 261 2166 ι.
278 2143 361 2170 Adeo,
380 2142 476 2171 inquit,
496 2142 599 2164 mutata
614 2141 679 2164 sunt
692 2141 814 2168 tempora
835 2140 965 2168 pristina,
980 2139 1076 2166 quibus
1092 2144 1146 2162 non
1159 2138 1308 2161 viventium
1325 2134 1404 2158 modo
1417 2153 1424 2174 ἶ
1437 2135 1485 2159 sed

161 2179 194 2203 ab
208 2178 273 2207 ipsis
287 2178 393 2206 scriptae
405 2178 466 2200 vitae
476 2182 529 2200 non
540 2176 658 2205 egebant
670 2176 818 2199 venia—².
832 2174 1053 2199 Percursaturus;
1069 2175 1098 2197 ut
1109 2173 1208 2196 dicitur
1218 2177 1338 2196 currere
1347 2169 1484 2197 stadium,

161 2219 281 2237 currere
295 2219 402 2242 crquor.
414 2217 473 2235 —5.
492 2213 529 2235 De
544 2217 596 2240 quo
614 2211 717 2234 Armal.
730 2210 796 2238 XVI,
811 2215 848 2237 «ze,
865 2209 936 2233 Hist‘⁴
954 2209 997 2237 lli,
1010 2214 1046 2237 ao,
1062 2208 1095 2231 de
1113 2207 1239 2231 Thrasea
1256 2206 1362 2230 Annul.
1377 2203 1444 2243 ΧΗἶ
1456 2209 1482 2227 21

160 2255 218 2278 sqq.
244 2249 263 2272 Α
285 2248 439 2271 Domitiano
459 2246 594 2271 Arulenus
614 2246 791 2274 interemptus
813 2246 870 2273 est,
888 2244 962 2273 ιμιοά
979 2243 1048 2267 Poett
1067 2243 1195 2267 Thrasea»
1208 2244 1235 2265 et
1248 2241 1375 2266 Heli-[clii
1392 2240 1484 2263 Prisca

161 2285 262 2308 laudes
276 2283 411 2306 edidisset
424 2282 648 2312 appellassetque
660 2287 704 2304 eos
718 2281 910 2304 sanctissimos
923 2280 1008 2307 viros,
1022 2280 1128 2303 sueton.
1145 2283 1167 2301 ci
1184 2282 1271 2300 ὀμ-4,
1286 2277 1333 2300 Hic
1345 2276 1377 2300 ab
1389 2275 1485 2297 codem

164 2320 244 2343 morti
255 2319 333 2342 datus
350 2319 422 2348 quod
436 2319 469 2342 de
484 2319 538 2342 vita
554 2317 666 2341 Helvidii
681 2316 762 2340 libros
775 2316 964 2345 composuerat
978 2321 984 2338 2
999 2308 1059 2338 vi'de
1073 2314 1150 2338 Plinii
1167 2313 1254 2342 Epist-
1271 2313 1322 2339 Vll,
1340 2317 1373 2335 io.
1388 2310 1485 2334 Helva·-

165 2355 247 2378 dium
261 2355 349 2384 pingit
362 2355 472 2378 Tacitus
485 2354 558 2378 Hist.
573 2353 613 2382 lv,
628 2358 642 2376 5
655 2354 682 2376 et
694 2358 716 2376 c.
728 2363 757 2368 —
767 2357 790 2375 u.
803 2353 846 2375 Sc.
862 2352 971 2378 crimen,
986 2349 1056 2379 quod
1076 2350 1103 2373 in
1120 2349 1170 2372 hoc
1186 2354 1255 2378 srepc
1270 2348 1412 2386 omittitur.
1424 2358 1452 2363 —-
1462 2349 1485 2368 6.

168 2390 340 2414 Triumviris
360 2388 532 2419 capitalibus.
544 2393 606 2412 —-⁷.
623 2387 775 2412 commum
797 2388 856 2411 erat
874 2391 936 2415 pars
951 2385 1026 2415 Fori,
1044 2385 1165 2415 proxime
1179 2384 1280 2407 curiam
1296 2381 1445 2408 Hostiliam.
1456 2392 1490 2398 --
