1539 2668
537 176 573 205 A.
596 176 636 205 U.
660 176 694 205 C.
720 174 793 204 757.
817 175 853 203 A.
868 174 916 203 'C.'
935 171 986 202 14.
1389 173 1437 203 151

97 261 154 295 per
169 251 273 284 otium
289 254 346 283 aut
364 250 448 283 levia
469 251 592 282 munia.
618 249 718 290 Igitur
741 248 930 280 auditoriiue
942 246 1097 288 Augusti,
1111 247 1289 279 vernacula
1311 246 1424 278 multi-

97 299 177 332 tudo
190 299 200 318 ⁴
217 323 226 338 ,
242 307 344 339 nuper
358 300 430 330 acto
445 297 480 329 in
496 297 587 330 Urbe*
602 297 728 329 delectu
741 319 750 335 ,
774 295 1046 329 lasciviae-sueta,
1063 294 1210 325 laborum
1227 294 1425 333 intolerans,

96 346 230 388 implere
246 348 428 377 ceterorum
442 344 538 376 rudes
552 344 678 376 animos
694 343 705 362 ⁵
725 353 732 374 z
756 345 885 375 venisse
901 344 1049 382 tempus,
1063 350 1132 383 quo
1147 342 1303 372 veteram
1316 343 1443 373 matu-2·

97 402 177 425 ram
189 393 201 412 ⁶
216 394 411 424 missionem
425 415 434 431 ,
443 392 589 432 juvenes
603 391 763 431 larqiora
782 388 972 430 stipendia,
988 390 1103 420 cuncti
1120 388 1258 419 modum
1271 389 1428 418 'miserta-

96 448 177 472 rum
189 441 429 480 exposcerent,
445 441 686 480 saevae'te'amque
699 439 941 469 centurionum
962 436 1230 468 ulcisceremur.
1254 439 1323 466 Non
1342 443 1428 466 unus

96 487 175 526 haec,
188 487 226 518 ut
242 488 444 518 Pannonicas
460 487 544 518 inter
560 486 702 526 legiones
717 485 927 523 Percennius,
950 492 1010 516 nec
1029 483 1117 524 apud
1131 482 1271 523 trepidas
1287 481 1427 513 militum

95 542 188 566 aures
207 533 287 566 alios
311 534 485 566 validiores
502 534 664 566 exercitus
682 532 926 573 respicientium
941 531 950 549 ⁷
967 554 977 571 ,
991 531 1050 563 sed
1071 530 1175 562 multa
1191 529 1360 560 seditionis
1373 538 1429 561 ora

96 589 257 622 vocesque
273 591 281 612 :
296 590 361 613 sua
387 583 424 613 in
450 590 558 613 manu
582 582 688 612 sitam
710 587 784 611 rem
809 582 1002 611 Romanam
1009 590 1022 618 ;
1042 580 1115 609 suis
1136 579 1287 609 victoriis
1305 578 1429 617 auqeri

93 628 366 669 rempublicam;
383 631 419 660 in
433 637 535 661 suum
549 629 811 670 coquomentum
826 626 837 644 ⁸
854 627 973 658 ascisci
991 627 1230 666 imperatores.

134 679 259 707 XXXII.
284 680 349 708 Nec
360 676 483 716 legatus
500 676 631 708 obviam
644 675 712 706 ibat
730 684 737 705 :
757 674 876 714 quippe
891 673 1031 714 plurium
1049 672 1200 704 vecordia
1213 671 1431 703 constantiam

94 725 269 755 exemerat.
286 727 417 765 repente
434 723 592 765 lymphati
607 721 771 755 destrictis
786 721 904 762 gladiis
919 721 954 751 in
968 721 1176 751 centuriones
1192 719 1353 750 invadunt
1370 728 1378 748 ;
1393 727 1431 750 ea

96 770 314 802 vetustissima
328 771 525 802 militaribus
541 770 625 802 odiis
642 769 792 801 materies
805 771 837 800 et
855 767 1010 800 saew'endi
1022 767 1233 809 principium.
1252 768 1432 807 prostratos

93 817 285 849 verberibus
304 819 466 857 mulcant,
483 817 634 858 sexageni
649 817 794 857 singulos
807 841 815 856 ‚
830 818 869 847 ut
885 824 1058 846 numerum
1072 814 1301 846 centurionum
1321 813 1326 830 ¹
1349 813 1432 845 adae·

93 868 230 904 quarent
247 875 254 896 :
272 868 344 897 tum
358 866 532 897 convulsos
549 865 748 905 laniatosque
762 866 795 895 et
812 863 931 904 partim
946 862 1115 893 exanimos
1139 865 1214 892 ante
1230 860 1354 891 vallum
1376 865 1433 893 aut

93 910 126 942 in
141 920 270 944 amnem
290 913 436 944 Rhenum
457 913 643 953 projiciunt.
665 911 855 952 Septimius,
879 919 981 951 quum
1005 909 1199 949 perfugisset
1222 908 1263 938 ad
1289 907 1432 939 tribunal

92 958 296 1000 pedibusque
312 961 449 992 Caecinae
463 960 711 993 advolveretur,
729 968 767 990 eo
781 967 885 998 usque
909 957 1073 997 flagitatus
1093 958 1143 987 est
1157 979 1165 994 ‚
1183 955 1287 986 donec
1305 954 1346 985 ad
1367 956 1432 987 exi-

92 1006 174 1039 tium
194 1007 376 1039 dederetur.
410 1008 541 1040 Cassius
567 1008 716 1046 Chaerea,
746 1015 822 1037 mox
850 1005 939 1036 caede
964 1004 1028 1036 Caii
1052 1003 1189 1035 Caesaris
1205 1002 1215 1020 ²
1241 1003 1442 1035 memoriam·

93 1054 178 1093 apud
192 1057 340 1095 posteros
363 1055 520 1096 adeptus,
541 1058 609 1085 tum
634 1053 823 1085 adolescens
844 1054 879 1084 et
899 1051 1000 1083 animi
1022 1051 1112 1083 ferox
1125 1074 1134 1089 ‚
1158 1051 1242 1082 inter
1265 1050 1444 1083 obstantes·

93 1103 125 1132 et
140 1104 284 1133 armatos
298 1102 382 1133 ferro
401 1104 490 1134 viam
504 1102 668 1142 patefecit.
688 1110 753 1132 non
771 1100 924 1132 tribunus
940 1099 1036 1137 ultra,
1062 1107 1127 1129 non
1147 1100 1331 1129 castrorum
1352 1106 1434 1138 prae-

94 1147 200 1180 sectus
214 1147 267 1187 jris
281 1149 444 1180 obtinuit:
460 1150 585 1189 vigilias
597 1173 605 1187 ‚
623 1148 779 1180 stationes
792 1171 800 1185 ‚
815 1149 848 1178 et
861 1147 887 1178 si
902 1155 969 1186 qua
981 1146 1042 1177 alia
1058 1154 1200 1186 praesens
1217 1154 1296 1176 usus
1311 1145 1435 1177 indixe-

94 1198 165 1228 rat,
190 1195 252 1236 ipsi
273 1195 509 1235 partiebantur.
531 1196 562 1226 id
588 1195 742 1226 militares
756 1194 883 1225 animos
901 1193 997 1223 altius
1020 1192 1277 1232 conjectantibus
1292 1191 1304 1210 ³
1324 1191 1435 1232 praeci-

94 1250 196 1284 puum
219 1241 380 1272 indicium
409 1243 516 1282 magni
541 1244 641 1283 atque
664 1240 878 1281 implacabilis
900 1243 1030 1277 motus,
1050 1239 1141 1279 qnod
1163 1248 1267 1279 neque
1282 1238 1433 1278 disjecti,

95 1288 174 1320 nihil
191 1297 368 1329 paucorum
387 1289 546 1320 instinctu
561 1289 585 1328 ί,
601 1289 657 1320 sed
672 1288 794 1329 pariter
811 1287 1035 1324 ardescerent,
1052 1286 1172 1327 pariter
1186 1286 1328 1325 silerent,
1344 1288 1434 1318 tanta

95 1335 279 1376 aequalitate
295 1336 541 1373 inconstantia,
556 1338 592 1367 ut
604 1335 668 1376 regi
686 1334 850 1365 crederes.

138 1387 276 1415 xxxtu.
302 1386 426 1414 interea
441 1383 630 1414 Germanico
646 1391 702 1423 per
722 1381 840 1413 Gallias
853 1405 861 1420 ,
888 1382 925 1412 ut
947 1379 1109 1418 diximus,
1128 1387 1247 1410 census
1260 1379 1435 1419 accipienti

95 1432 275 1463 excessisse
301 1434 480 1469 Augustum
503 1430 651 1461 affertur.
675 1432 802 1470 neptem
827 1428 897 1468 ejiis
926 1427 1135 1467 Agrippinam
1163 1426 1194 1457 in
1225 1427 1433 1459 matrimonio

96 1477 269 1518 pluresque
282 1487 321 1509 ex
332 1487 369 1509 ea
381 1478 498 1509 liberos
516 1477 672 1515 habebat3
688 1477 756 1517 ipse
770 1480 876 1507 Druso
886 1475 984 1506 fratre
996 1474 1114 1505 'riberii
1128 1474 1265 1513 genitus,
1280 1476 1434 1513 Augustae

97 1533 196 1566 nepos
211 1549 220 1564 ‚
245 1526 301 1557 sed
318 1526 435 1556 anxius
455 1525 593 1556 occultis
619 1524 652 1555 in
673 1532 707 1555 se
732 1523 839 1565 patrui
856 1523 1005 1563 aviaeque
1026 1521 1109 1553 odiis
1125 1544 1134 1558 ‚
1159 1529 1300 1561 quorum
1324 1529 1433 1554 eausoe

96 1572 249 1613 acriores,
267 1574 344 1614 quia
358 1574 489 1613 iniquae.
506 1572 626 1613 quippe
645 1571 738 1603 Drusi
756 1579 872 1611 magna
885 1570 972 1611 apud
988 1569 1146 1611 populum
1163 1572 1346 1600 Romanum
1364 1577 1435 1602 me·

98 1620 223 1659 moria,
247 1620 526 1660 credebaturque,
547 1620 576 1652 si
594 1627 704 1651 rerum
730 1618 854 1660 potitus
877 1618 980 1656 soret,
1009 1617 1193 1648 libertatem
1219 1615 1433 1648 redditurus:

98 1667 185 1700 unde
199 1668 233 1698 in
249 1668 474 1699 Germanicum
489 1668 582 1698 favor
597 1669 630 1698 et
645 1674 718 1707 spes
733 1666 862 1697 eadem.
877 1673 954 1696 nam
975 1663 1088 1705 juveni
1105 1663 1201 1694 civile
1219 1664 1225 1679 ¹
1245 1663 1411 1702 ingenium
1424 1688 1434 1703 ,

80 1747 83 1749 ,
99 1714 182 1746 mira
199 1715 338 1747 comitas
355 1718 386 1746 et
402 1715 532 1746 diversa
547 1724 567 1746 a
582 1714 701 1746 Tiberii
720 1721 878 1751 sermone,
894 1712 1008 1748 vultu,
1030 1710 1306 1750 arrogantibuset
1321 1710 1436 1742 obscu-

100 1762 153 1794 ris.
172 1762 371 1795 accedebant
388 1763 562 1794 muliebres
575 1761 776 1793 offensiones
790 1759 1018 1792 novercalibus
1034 1758 1136 1791 Liviae
1151 1758 1182 1788 in
1198 1758 1406 1798 Agrippinam
1421 1756 1432 1775 ²

100 1810 260 1849 stimulis3
280 1814 378 1850 atque
402 1810 471 1850 ipsa
487 1810 663 1851 Agrippina
677 1809 786 1849 paullo
804 1807 1016 1846 commotior,
1036 1806 1099 1838 nisi
1123 1804 1211 1845 quod
1238 1806 1386 1838 castitate
1405 1808 1437 1837 et

101 1857 208 1888 mariti
224 1866 332 1889 amore
344 1857 495 1897 quamvis
507 1857 705 1888 indomitum
720 1856 867 1887 animum
883 1855 918 1886 in
932 1855 1054 1886 bonum
1068 1853 1225 1885 vertebat.

144 1908 282 1937 XXXIV.
307 1905 366 1936 Sed
386 1904 614 1944 Germanicus,
632 1904 756 1943 quanto
775 1911 914 1935 summae
935 1902 1003 1943 spei
1019 1901 1173 1942 propior,
1201 1900 1293 1931 tanto
1315 1900 1441 1941 impen-

103 1951 172 1984 sius
192 1961 251 1993 pro
269 1952 398 1983 Tiberio
415 1951 488 1983 niti.
511 1955 678 1992 Sequanos
694 1949 863 1991 proximos
885 1951 917 1982 et
936 1949 1104 1989 Belgarum
1120 1947 1272 1978 cirimtes
1288 1949 1323 1978 in
1340 1947 1439 1979 verba

103 1998 173 2039 ejus
193 1998 292 2040 adigit
311 1999 333 2031 ¹.
357 1999 477 2030 deliine
501 1998 614 2030 audito
639 1997 802 2037 legionum
830 1997 973 2028 tumultu
991 1996 1108 2036 raptim
1124 1994 1307 2035 profectus,
1324 1993 1440 2027 obvias

102 2048 196 2079 extra
212 2049 319 2079 castra
335 2047 449 2078 habuit
460 2069 470 2085 ,
486 2045 623 2087 dejectis
638 2044 673 2076 in
689 2046 808 2077 terram
821 2043 926 2075 oculis
937 2042 1028 2075 velut
1045 2041 1242 2083 poenilentia.
1268 2044 1440 2082 postquam

104 2141 231 2167 subitum
250 2140 365 2164 militem
383 2140 457 2169 dicit,
476 2145 556 2170 quern
575 2139 602 2163 in
615 2138 687 2164 Urbe
703 2139 767 2162 ante
783 2138 902 2168 quinque
920 2138 978 2162 tere
991 2142 1077 2161 annos
1093 2136 1222 2160 nunciata
1237 2135 1313 2160 clade
1327 2136 1441 2161 Variana

108 2181 141 2201 ex
157 2177 244 2201 servis
262 2176 347 2204 adeo.
373 2175 407 2200 ad
423 2176 477 2200 hoc
496 2175 681 2204 manumissis,
701 2179 819 2204 propere
838 2174 1039 2203 conscripserat
1060 2173 1205 2201 Augustus.
1229 2183 1260 2189 -
1275 2176 1300 2195 ε.
1320 2171 1385 2195 Scil.
1403 2172 1443 2197 his

109 2211 332 2242 cogitationibus,
343 2212 450 2236 venisse
460 2212 513 2235 etc.
523 2224 552 2228 -
564 2215 589 2234 e.
603 2211 814 2240 Tempestivam.
828 2221 856 2226 —
870 2214 892 2233 ⁷.
903 2209 966 2233 Scil.
979 2207 1142 2233 dictitabat:
1154 2207 1225 2237 quod
1238 2207 1308 2231 inest
1318 2209 1442 2237 sequenti

107 2253 165 2273 ora
174 2253 316 2278 vocesque.
330 2259 359 2264 -
373 2253 397 2271 ε.
415 2247 589 2276 Germanici,
602 2252 656 2276 quo
669 2246 854 2275 cognomento
865 2245 1015 2270 utebantur
1027 2244 1130 2268 Drusus
1145 2245 1172 2267 et
1185 2243 1265 2267 filius.
1292 2242 1342 2271 Qui
1359 2243 1443 2273 impe-

110 2284 218 2307 ratores
230 2282 305 2312 fiant,
316 2282 447 2307 exercitui
461 2282 623 2307 Germanico
637 2280 737 2311 praeficl
748 2299 754 2309 ,
769 2281 800 2304 ut
811 2280 875 2304 inde
885 2280 1034 2310 gton‘osum
1045 2284 1197 2308 cognomen
1212 2278 1360 2302 assumant.

139 2318 251 2342 xxxii.
273 2323 293 2342 ι.
310 2318 361 2348 Qui
379 2320 459 2342 erant
471 2318 613 2348 sexaginta
631 2322 748 2342 numero
764 2316 793 2340 in
805 2321 914 2346 quaque
931 2315 1048 2346 legione.
1064 2327 1094 2331 —
1106 2319 1131 2339 2.
1144 2313 1280 2343 Caligulae.
1293 2324 1321 2332 -
1339 2318 1361 2337 ³.
1376 2311 1439 2336 scil.

111 2353 199 2377 visum
213 2354 266 2377 est.
278 2366 307 2370 —
320 2357 342 2377 4.
356 2353 420 2377 scil.
436 2354 561 2384 agerent.

142 2388 270 2413 xxxin.
289 2393 310 2412 ι.
322 2388 394 2413 Nihil
404 2388 475 2412 ultra
490 2389 555 2413 ciw's
567 2388 667 2412 statum
680 2387 823 2412 affectans.
831 2399 864 2406 —
873 2392 896 2412 2.
910 2388 949 2413 Ex
959 2387 1015 2412 filia
1027 2385 1141 2416 Augusti
1150 2383 1226 2409 suna>
1238 2385 1341 2408 natam.

138 2423 214 2448 XXX
222 2424 263 2448 lv.
282 2428 303 2448 ι.
317 2423 436 2448 Adduxit
449 2425 480 2448 ut
493 2424 522 2448 in
536 2422 644 2448 'riberii
655 2423 743 2448 verba
756 2424 894 2454 jurarent.
