1539 2668
472 157 510 187 A.
535 158 574 187 U.
597 158 633 187 C.
659 157 730 186 812.
755 157 790 186 A.
816 158 853 187 C.
877 158 927 187 59.
1310 156 1370 188 209

44 236 182 268 rentum
206 231 420 270 iracundias,
446 233 480 263 et
501 231 716 272 placandum
738 233 898 262 animum
919 229 1090 269 dictitans,
1118 238 1181 270 quo
1208 239 1373 263 rumorem

45 279 311 314 reconciliationis
327 279 484 318 efficeret,
502 279 728 319 acciperetque
743 279 916 319 Agrippina
928 301 937 316 ,
954 277 1037 309 facili
1054 277 1248 308 seminarum
1264 278 1373 310 credu-

45 329 134 360 litate
151 327 190 359 ad
210 327 334 367 gaudia.
354 326 534 358 venientem
554 326 670 357 dehine
685 325 804 357 obvius
826 325 859 356 in
875 326 984 357 littora
1000 324 1087 365 (nam
1105 324 1200 355 Antio
1219 325 1374 356 adventa-

44 374 112 416 bat)
127 374 252 415 excepit
268 383 366 405 manu
384 375 416 405 et
433 372 624 413 complexu,
643 372 796 412 ducitque
813 373 930 404 Baulos
945 381 952 403 :
979 371 1012 403 id
1033 372 1121 402 villae
1145 381 1263 403 nomen
1279 371 1290 389 ²
1310 376 1374 412 est,

45 431 119 462 quae
137 421 393 462 promontorium
409 420 568 451 Misenum
590 420 673 451 inter
690 422 722 451 et
736 420 887 451 Baianum
906 419 1011 451 lacum
1032 419 1114 450 flexo
1131 419 1212 450 mari
1232 419 1375 450 alluitur.

45 469 150 500 stabat
164 469 247 499 inter
260 468 337 498 alias
354 467 445 498 navis
459 467 614 506 ornatior,
633 469 799 507 tamquam
817 466 850 498 id
876 475 1006 507 quoque
1023 465 1137 496 honori
1155 466 1267 497 matris
1287 466 1377 497 dare-

44 516 98 546 tur
114 525 121 546 z
138 516 257 556 quippe
274 517 423 545 sueverat
443 514 565 546 triremi
586 516 618 545 et
635 514 871 545 classiariorum
894 513 1028 553 remigio
1051 513 1137 544 vehi.
1155 522 1192 544 ac
1209 514 1279 544 tum
1296 512 1377 543 invi-

44 565 110 594 tata
127 563 164 593 ad
179 562 288 602 epulas
303 564 389 601 erat,
405 564 441 593 ut
457 562 651 594 occultando
667 561 803 593 facinori
822 571 886 592 nox
902 561 1119 592 adhiberetur.
1136 561 1214 591 satis
1231 559 1381 592 constitit

47 609 208 641 exstitisse
222 609 417 649 proditorem
444 612 476 640 et
490 609 717 650 Agrippinam,
735 608 854 641 auditis
877 608 1003 639 insidiis
1017 632 1025 646 ,
1052 617 1091 639 an
1114 608 1257 639 crederet
1274 606 1379 638 ambi-

45 666 140 696 guam
155 681 162 695 ,
189 657 364 696 gestamine
393 657 479 688 sellae
506 657 596 688 Baias
620 658 816 697 pervectam.
843 655 887 687 ibi
915 655 1175 687 blandimentum
1196 653 1382 686 sublevavit

46 706 169 736 metum
185 714 192 734 :
211 704 345 734 comiter
359 706 494 744 excepta
511 712 671 744 superque
684 703 791 744 ipsum
808 703 976 735 collocata.
999 711 1073 733 nam
1098 702 1245 742 pluribus
1260 709 1380 733 sermo-

46 750 141 782 nibus
160 751 257 782 modo
276 751 495 782 familiaritate
510 751 644 791 Juvenili
666 756 763 790 Nero,
780 752 812 782 et
834 759 944 782 rursus
960 749 1117 781 adductus
1136 749 1162 789 ³,
1188 749 1280 789 quasi
1297 748 1383 780 seria

47 798 244 830 consociaret
258 822 266 836 ,
288 800 389 829 tracto
408 797 440 828 in
458 798 590 838 longum
604 798 758 829 convictu
772 822 781 837 ,
802 798 1011 838 prosequitur
1026 796 1199 827 abeuntem
1210 820 1219 836 ,
1236 796 1356 828 arctius
1367 795 1379 813 ¹¹⁴

49 845 150 876 oculis
164 848 195 876 et
209 846 329 885 pectori
348 846 474 876 haerens
487 869 496 884 ,
519 845 587 876 sive
607 845 766 885 explenda
781 844 989 875 simulatione
1002 868 1010 882 ‚
1034 852 1089 874 seu
1105 843 1255 884 periturae
1269 842 1385 875 matris

48 901 218 932 supremus
237 894 388 932 aspectus
407 893 555 931 quamvis
571 892 674 923 serum
693 891 839 923 animum
855 890 1026 922 retinebat.

90 943 127 970 V.
153 942 287 970 Noctem
304 939 464 971 sideribus
481 939 638 971 illustrem
651 942 683 971 et
698 939 825 979 placido
839 938 920 969 mari
931 938 1075 977 quietam
1089 938 1182 977 quasi
1196 938 1385 969 convincen-

48 985 125 1018 dum
140 988 178 1018 ad
194 988 297 1018 scelus
315 987 358 1018 dii
374 987 551 1027 praebuere.
573 996 631 1018 nec
647 987 788 1018 multum
806 987 875 1018 erat
898 994 1064 1026 progressa
1088 984 1180 1015 naris
1193 1008 1201 1024 ,
1227 984 1354 1015 duobus
1368 992 1387 1015 e

52 1042 189 1066 numero
207 1035 414 1066 familiarium
431 1035 639 1075 Agrippinam
653 1033 883 1066 comitantibus
895 1058 904 1073 ,
929 1042 969 1065 ex
982 1034 1056 1072 quis
1072 1032 1260 1072 Crepereius
1279 1032 1389 1064 Gallus

50 1080 133 1112 haud
149 1082 259 1122 procul
274 1081 496 1121 gubernaculis
509 1082 645 1121 astabat,
658 1081 833 1113 Acerronia
849 1089 944 1121 super
958 1080 1054 1121 pedes
1067 1080 1244 1111 cubitantis
1259 1079 1386 1111 reclinis

49 1129 365 1168 poenilerztiamfilii
380 1131 412 1160 et
428 1131 659 1169 reciperatam
673 1130 799 1160 inanis
813 1129 968 1168 qratiam
982 1136 1038 1167 per
1053 1126 1206 1167 gaudium
1225 1135 1385 1157 memora-

54 1174 107 1206 bat
120 1199 128 1214 ,
150 1185 250 1215 quum
267 1175 342 1206 dato
359 1175 447 1214 signo
464 1184 557 1206 ruere
575 1179 695 1206 tectum
712 1175 777 1206 loci
792 1175 894 1205 multo
907 1174 1040 1214 plumbo
1054 1183 1150 1213 grave
1165 1185 1172 1212 3
1195 1181 1391 1213 pressusque

52 1222 240 1262 Crepereius
257 1224 287 1253 et
304 1222 416 1253 statim
437 1222 642 1253 exanimatus
659 1224 718 1253 est.
738 1221 911 1261 Agrippina
925 1223 957 1252 et
982 1221 1153 1251 Acerronia
1173 1219 1390 1250 eminentibus

52 1269 128 1300 lecti
144 1269 321 1309 parietibus
344 1278 381 1299 ac
396 1269 479 1301 forte
505 1269 719 1300 validioribus
737 1278 833 1309 quam
861 1270 897 1299 ut
922 1268 1011 1299 oneri
1040 1268 1211 1306 cederent,
1234 1268 1390 1307 protectae

53 1318 140 1347 sunt.
158 1325 216 1347 nec
229 1316 399 1347 dissolutio
418 1316 536 1355 navigii
554 1316 763 1356 sequebatur,
778 1315 915 1346 turbatis
931 1315 1092 1353 omnibns,
1105 1317 1136 1345 vt
1147 1314 1234 1353 quod
1246 1313 1391 1353 plerique

54 1363 153 1403 ignari
170 1363 267 1393 etiam
285 1360 432 1393 conscios
450 1363 681 1403 impediebant.
697 1363 811 1393 Visum
833 1362 949 1392 dehinc
967 1361 1140 1401 remigibus
1161 1370 1269 1392 rmum
1285 1363 1321 1391 ‘in
1338 1360 1389 1391 la-

56 1412 112 1442 tas
130 1410 298 1440 tin-linare
315 1412 419 1450 atque
433 1412 484 1441 ila
501 1418 625 1441 navem
638 1409 869 1449 szcbmerqere.
884 1408 938 1439 sed
961 1417 1064 1448 neque
1081 1409 1158 1448 ipsis
1175 1409 1343 1448 promptus
1360 1407 1392 1437 in

54 1465 122 1487 rem
136 1456 275 1488 subitam
289 1465 466 1488 consensus
477 1481 487 1496 ,
503 1459 536 1487 et
552 1456 605 1487 alii
625 1456 737 1487 contra
762 1457 905 1487 nitentes
920 1455 1035 1486 dedere
1056 1455 1241 1485 facultatem
1263 1453 1392 1485 lenioris

55 1504 87 1534 in
105 1512 192 1534 mare
205 1504 322 1543 jactus.
355 1513 470 1535 verum
483 1503 655 1535 Acerronia
671 1503 911 1543 imprudentia,
937 1503 1015 1533 dum
1029 1511 1063 1533 se
1080 1503 1305 1542 Αῃιήρμὲηαηι
1323 1510 1393 1533 esse

56 1553 162 1591 utque
176 1550 422 1582 subveniretur
439 1553 548 1582 matri
566 1552 738 1590 Principis
756 1550 920 1589 clamitat,
948 1550 1052 1581 contis
1070 1551 1103 1580 et
1132 1549 1228 1580 remis
1244 1551 1296 1588 et,
1320 1556 1393 1588 qua:

56 1597 121 1629 fors
138 1597 310 1637 obtulerat,
331 1599 502 1630 navalibus
518 1599 591 1630 telis
609 1599 615 1616 ¹
640 1598 821 1629 conficitur.
846 1598 1021 1638 Agrippina
1038 1597 1135 1628 silens
1146 1621 1154 1635 ,
1170 1605 1271 1636 eoque
1285 1597 1395 1627 minus

56 1645 181 1685 agnita⁷
198 1655 299 1676 unum
317 1647 426 1677 tamen
440 1647 558 1677 vulnus
583 1647 718 1677 humero
737 1646 875 1685 excepit
900 1645 1026 1682 nando,
1052 1643 1167 1675 deinde
1188 1652 1326 1675 occursu
1347 1643 1393 1674 le-

56 1693 214 1723 nunculoi
219 1702 271 1724 um
286 1693 459 1724 Lucrinum
477 1694 509 1724 in
525 1694 630 1724 lacum
650 1694 761 1732 v‚ecta
782 1693 867 1723 villae
881 1701 948 1724 suae
962 1693 1109 1723 insertur.
1413 1701 1423 1720 r

99 1743 152 1771 v.1
179 1740 242 1771 lllic
259 1744 413 1780 reputans
432 1740 502 1771 ideo
519 1749 552 1772 se
573 1740 744 1771 fallacibus
758 1740 874 1771 litteris
893 1739 1030 1771 accitam
1045 1738 1212 1769 ethonore
1230 1737 1414 1777 piaecipuo

58 1785 218 1824 habitam,
237 1787 388 1826 quodque
402 1787 494 1817 littus
508 1787 620 1826 juxta,
644 1797 709 1819 non
729 1787 836 1818 tentis
853 1788 945 1825 acta,
966 1795 1030 1816 non
1044 1785 1131 1816 saxis
1147 1785 1285 1824 impulsa
1302 1785 1396 1814 navis

59 1841 186 1864 summa
204 1834 251 1863 sui
271 1835 361 1873 parte
378 1834 481 1864 veluti
498 1836 651 1865 terrestre
668 1834 969 1865 machinamentum
986 1832 1197 1866 concidisse&
1222 1831 1398 1861 observans

60 1880 157 1911 etiam
181 1880 362 1910 Acerroniae
385 1888 496 1911 necem
511 1904 519 1919 ,
543 1880 636 1911 simul
663 1889 759 1911 suum
787 1880 908 1911 vulnus
931 1879 1114 1919 aspiciens:
1135 1878 1238 1908 solum
1265 1877 1398 1907 insidia-

62 1936 133 1958 rum
147 1926 324 1957 remedium
338 1935 406 1957 esse
421 1927 444 1965 ¹,
461 1927 488 1958 si
507 1936 570 1957 non
588 1927 852 1967 intelligerentur,
868 1926 1021 1965 misitque
1040 1925 1193 1956 libertum
1211 1924 1396 1962 Agerinum,

61 1975 115 2015 qui
128 1973 291 2004 nuntiaret
310 1974 374 2004 tilio
386 2000 395 2013 ,
424 1974 632 2014 beniqnilate
649 1974 751 2005 (leiim
767 1976 801 2005 et
814 1973 968 2013 fortuna
994 1972 1067 2011 eJ‘us
1093 1973 1237 2002 evasisse
1254 1978 1397 2009 qravem

61 2029 179 2052 casum
192 2032 204 2059 ,·
228 2029 330 2051 orare
346 2023 385 2051 ut
403 2023 561 2061 quamvis
574 2021 733 2061 periculo
750 2022 876 2051 matris
895 2020 1085 2050 exterritus
1099 2041 1107 2056 ,
1125 2017 1257 2049 visendi
1273 2024 1397 2048 curam

63 2066 229 2107 differret
236 2079 248 2106 ;
259 2067 320 2098 sibi
331 2067 377 2098 acl
387 2076 540 2107 prcesens
554 2070 665 2108 quiete
676 2076 773 2108 opus.
787 2069 884 2107 atque
898 2066 1039 2105 interim,
1052 2065 1223 2096 securitate
1233 2063 1396 2101 simulata,

64 2114 275 2145 medicamina
289 2114 415 2146 vulneri
431 2116 462 2146 et
477 2114 619 2146 fomenta
635 2115 762 2156 corpori
776 2114 926 2153 adhibet3
943 2115 1188 2145 testamentum
1204 2112 1396 2143 Acerroniae

63 2163 205 2201 requiri,
225 2161 379 2201 bonaque
398 2161 570 2202 obsiqnart
587 2162 678 2202 jubet
694 2172 700 2192 :
726 2162 757 2193 id
777 2163 903 2193 tantum
921 2170 985 2192 non
1001 2169 1056 2202 per
1071 2158 1311 2192 simulationem
1327 2156 1351 2189 ².

105 2211 173 2239 VII.
199 2209 239 2239 At
255 2208 391 2247 Neroni,
414 2210 545 2241 nuntios
559 2210 678 2250 patrati
704 2209 855 2240 facinoris
870 2208 1070 2249 opperienti,
1095 2207 1227 2239 affertur
1248 2205 1397 2240 evasisse

66 2293 167 2321 houm),
180 2294 241 2322 quia
259 2295 390 2319 Hercules
401 2297 501 2325 ereptis
511 2296 599 2320 bubus
610 2296 743 2326 Geryonis
753 2295 791 2319 ibi
804 2295 909 2319 caulam
921 2294 1028 2319 fecerit.
1042 2295 1112 2319 Olim
1127 2296 1264 2319 Hortensii
1278 2295 1396 2319 oratoris

67 2329 134 2355 erat,
149 2328 220 2351 unde
235 2328 366 2359 hodieque
379 2331 453 2354 locus
466 2331 510 2354 ille
525 2331 612 2355 dictus
619 2331 770 2361 pesckiera
782 2330 957 2355 d'ortensz‘o.
966 2342 996 2348 —
1008 2335 1031 2354 5.
1048 2331 1161 2359 Severo,
1177 2331 1255 2360 gravi
1269 2331 1355 2355 vultu.
1368 2343 1395 2347 —

68 2369 91 2386 ti.
107 2363 180 2386 Ultra
195 2363 304 2387 modum
321 2371 393 2389 verae
407 2366 572 2390 affectionis.

97 2398 126 2419 v.
147 2402 167 2421 ι.
183 2399 371 2423 instrumentis
394 2401 534 2425 navalibus
556 2402 582 2426 in
602 2402 720 2426 telorum
741 2407 819 2425 usum
841 2402 988 2426 conversis.

99 2432 137 2456 Vl.
151 2438 170 2456 ι.
186 2434 228 2457 Sc.
242 2435 334 2458 sensit.
345 2447 374 2452 —
385 2440 406 2459 2.
421 2437 462 2460 Sc.
475 2438 539 2467 egit,
552 2438 643 2461 cetera
655 2444 702 2467 per
715 2436 923 2467 simulationem,
941 2438 971 2461 ut
984 2437 1097 2466 dictum,
1109 2442 1202 2466 agens.
