1539 2668
94 171 134 202 12
499 175 632 205 TAClTI
655 176 864 205 ANNALIUM
887 178 960 206 LIB.
985 178 1011 206 1.

92 245 229 287 pedibus
241 246 427 288 advolutus,
449 249 579 282 tantum
595 251 868 283 consternationis
890 252 1086 293 invidiaeque
1108 252 1265 292 concivit,
1284 254 1320 285 ut
1341 263 1415 295 pars

92 294 235 325 militum
260 294 466 336 gladiatores,
487 297 542 337 qui
567 307 584 330 e
607 298 739 330 servitio
761 299 853 331 Blaesi
879 301 986 338 erant,
1013 308 1087 340 pars
1109 302 1248 331 ceteram
1270 299 1413 339 ejusdem

93 341 248 372 familiam
260 340 272 359 ³
292 341 468 382 vincirent,
484 344 536 374 alii
552 345 592 375 ad
606 346 817 385 quaerendum
830 355 946 386 corpus
967 346 1220 378 effunderentur.
1240 355 1276 377 ac
1292 347 1324 377 ni
1339 357 1414 387 pro—

91 398 166 429 pere
177 397 281 429 neque
291 397 409 430 corpus
427 391 529 422 ullum
545 392 675 432 reperiri
695 394 727 424 et
744 402 855 425 servos
872 393 1025 424 adhibitis
1039 394 1253 425 cruciatibuss‘
1273 394 1416 426 abrmere

91 436 233 475 caedem,
252 445 355 476 neque
368 437 413 468 illi
430 437 525 469 fuisse
544 448 687 479 unquam
707 440 836 472 fratrem
854 440 1080 481 pernotuisset,
1100 439 1182 471 haud
1211 441 1350 471 multum
1373 442 1415 473 ab

89 483 188 514 exitio
203 483 298 522 legati
314 484 456 515 aberant.
476 485 621 517 tribunos
641 489 747 518 tamen
767 497 804 519 ac
822 488 1010 528 praefectum
1026 490 1207 519 castrorum
1223 490 1389 519 extrusere
1405 499 1412 519 :

89 531 224 561 sarcinae
238 531 428 570 fugientium
444 531 578 572 direpta*
592 544 599 571 3
616 536 648 565 et
656 535 802 566 centurio
817 534 969 566 Lucil‘lius
984 534 1185 574 interficitur,
1203 534 1255 565 cui
1269 535 1415 566 militari-

85 575 148 607 bus
173 578 295 609 facetiis
312 578 505 609 vocabulum
530 580 615 611 Cedo
637 582 792 613 alteram
819 581 1021 621 indiderant,
1048 581 1124 621 quia
1142 581 1242 612 fracta
1265 581 1353 612 vite5
1382 582 1414 613 in

84 626 176 664 tergo
190 625 300 656 militis
313 625 446 656 alteram
460 627 545 657 clara
559 636 638 659 voce
652 637 688 659 ac
700 638 808 660 rursus
825 629 919 660 aliam
937 628 1100 669 poscebat.
1121 630 1244 659 ceteros
1254 628 1265 645 ⁰
1281 628 1416 660 latebrae

86 672 197 703 texere
211 696 220 711 ,
240 681 305 702 uno
322 674 447 703 retento
474 673 639 705 Clemente
655 675 757 714 Julio,
782 676 838 716 qui
868 675 1064 716 perferendis
1084 675 1225 706 militum
1253 674 1414 706 mandatis

88 719 266 749 habebatur
283 718 419 750 idoneus
435 719 476 750 oh
499 724 687 761 promptum
710 723 885 762 ingenium.
912 722 998 762 Quin
1025 723 1101 763 ipsae
1120 723 1204 752 inter
1224 730 1257 753 se
1274 721 1416 761 legiones

84 770 199 796 octava
214 768 245 796 et
270 765 508 805 quintadecima
523 768 641 800 ferrum
666 770 842 810 parabant,
858 770 936 800 dum
961 769 1183 800 centurionem
1201 768 1415 809 cognomento

85 813 245 853 Sirpicum
258 812 266 830 ⁷
285 813 338 843 iila
352 814 449 844 morti
466 813 624 855 deposcit,
640 816 921 856 quintadecumani
935 817 1078 855 tuentur,
1092 816 1124 847 ni
1138 815 1230 848 miles
1243 824 1390 847 nonanus
1400 814 1410 831 ³

85 869 194 900 preces
208 861 239 890 et
250 860 422 891 adversum
437 865 644 902 aspernantes
659 864 760 895 minas
774 864 996 904 interjecisset.

127 911 221 938 XMV
255 911 331 938 Haec
343 907 464 947 audita,
474 918 672 950 quamquam
687 911 873 943 abstrusum
887 913 918 942 et
930 910 1113 942 tristissima
1128 919 1265 950 quaeque
1273 910 1414 941 maxime

82 955 321 992 occultantem,
355 954 519 987 Tiberium
550 958 735 998 perpulere,
761 960 797 990 ut
823 963 962 989 Drusum
992 958 1094 988 tilium
1120 966 1193 988 cum
1217 957 1413 997 primoribus

81 1002 224 1033 civitatis
232 1001 423 1042 duabusque
438 1004 595 1042 praetoriis
606 1006 796 1036 cohortibus
811 1006 965 1042 mitteret,
979 1005 1074 1035 nullis
1084 1004 1162 1035 satis
1175 1004 1270 1035 certis
1283 1005 1412 1035 manda-

80 1048 124 1080 tis
137 1060 146 1088 ;
161 1058 200 1080 ex
218 1049 268 1080 re¹
290 1050 522 1082 consulturum.
538 1053 569 1082 et
583 1053 731 1084 cohortes
746 1053 870 1084 delecto
882 1052 983 1083 milite
1000 1061 1096 1092 supra
1109 1052 1238 1083 solitum
1250 1052 1386 1083 firmatae
1402 1062 1410 1082 :

80 1096 209 1127 additur
227 1105 341 1136 magna
364 1106 437 1136 pars
455 1099 639 1137 praetoriani
664 1100 782 1138 equitis
806 1101 837 1130 et
860 1099 975 1130 robora
991 1103 1239 1139 Germanorum,
1261 1098 1317 1139 qui
1340 1102 1409 1129 tum

82 1144 233 1175 custodes
258 1144 446 1183 imperatori
470 1145 603 1177 aderant
628 1155 634 1175 :
659 1146 755 1177 simul
781 1147 923 1186 praetorii
947 1147 1117 1186 pra’fectus
1143 1146 1235 1177 AElius
1259 1146 1410 1185 Seianus,

80 1190 201 1230 collega
221 1191 367 1222 Straboni
387 1191 470 1231 patri
486 1200 544 1222 suo
562 1191 669 1231 datus,
685 1201 800 1232 magna
811 1193 896 1232 apud
910 1193 1072 1223 Tiberium
1092 1193 1412 1232 auctoritate‚rector

75 1237 189 1276 juveni
204 1237 230 1277 ²,
243 1240 274 1269 et
291 1238 406 1269 ceteris
419 1239 638 1278 periculorum
655 1239 929 1279 praemiorumque
941 1240 1150 1271 ostentator³.
1166 1245 1270 1271 Druso
1283 1239 1410 1279 propin—

79 1285 205 1324 quanti,
221 1285 314 1324 quasi
330 1294 385 1324 per
405 1285 548 1316 osticium
560 1310 568 1324 ‚
586 1286 693 1317 obviae
721 1286 808 1317 fuere
828 1287 988 1326 legiones,
1008 1296 1071 1317 non
1093 1287 1193 1326 laetae,
1213 1287 1249 1317 ut
1267 1287 1408 1327 assolet,

80 1340 184 1371 neque
208 1331 408 1371 insignibus⁴
434 1332 609 1371 fulgentes,
637 1333 692 1363 sed
717 1332 827 1364 illuvie
851 1332 1011 1372 deformi,
1040 1334 1072 1363 et
1095 1334 1187 1364 vultu
1211 1342 1407 1373 quamquam

78 1379 263 1410 moestitiam
276 1377 493 1418 imitarentur,
509 1379 726 1410 contumaciae
736 1379 912 1419 propiores.

119 1428 212 1456 XXV.
239 1427 413 1464 Postquam
435 1426 552 1457 vallum
579 1426 714 1465 introiit,
732 1429 841 1467 portas
857 1427 1050 1458 stationibus
1068 1427 1210 1465 firmant,
1229 1427 1339 1467 globos
1356 1436 1407 1458 ar-

77 1474 240 1504 matorum
260 1472 356 1502 certis
381 1474 561 1503 castrorum
584 1473 663 1504 locis
692 1474 831 1514 opperiri
850 1474 985 1513 Juhent:
1004 1474 1100 1505 ceteri
1121 1475 1260 1505 tribunal
1289 1475 1408 1515 ingenti

77 1521 205 1561 agmine
218 1519 487 1551 circumveniunt.
501 1520 609 1551 stabat
624 1525 757 1559 Drusus,
773 1521 935 1552 silentium
957 1530 1053 1552 manu
1070 1531 1222 1562 poscens:
1238 1522 1284 1553 illi
1297 1547 1305 1562 ,
1330 1532 1407 1562 quo-

75 1568 137 1599 ties
172 1567 284 1598 oculos
315 1566 356 1597 ad
381 1567 622 1599 multitudinem
652 1569 840 1608 retulerant,
868 1568 1002 1600 vocibus
1024 1570 1214 1600 truculentis
1241 1573 1405 1609 strepere3

74 1622 205 1645 rursum
217 1614 285 1645 viso
303 1618 427 1645 Caesare
441 1615 599 1655 trepidare
615 1625 622 1645 :
639 1624 787 1646 murmur
804 1615 975 1655 incertum,
995 1618 1086 1647 atrox
1099 1616 1221 1647 clamor
1235 1618 1267 1647 et
1277 1619 1406 1656 repente

75 1661 167 1702 quies
183 1671 189 1691 ε
207 1661 343 1692 diversis
358 1661 537 1692 animorum
556 1661 699 1692 motibus
715 1661 876 1702 pavebant
894 1663 1131 1703 terrebantque.
1151 1663 1293 1694 Tandem
1311 1663 1405 1695 inter-

73 1710 169 1748 rupto
185 1709 339 1747 tumultu,
352 1708 580 1748 litteraspatris
595 1708 718 1747 recitat,
731 1709 763 1739 in
777 1710 848 1749 quis
859 1710 1072 1749 perscriptum
1087 1714 1155 1741 erat
1166 1720 1173 1741 z
1185 1712 1403 1750 prcecipucim

71 1755 427 1794 ipsifortissimarum
445 1756 616 1795 leqe‘onum
630 1764 765 1795 euram,
781 1756 981 1797 quibuscum
995 1757 1154 1797 plurima
1171 1757 1262 1788 bella
1278 1757 1403 1788 tolera-

71 1804 198 1837 visse&
215 1802 271 1833 ubi
286 1804 436 1841 primum
456 1812 477 1833 a
492 1803 588 1834 luctu
599 1804 785 1843 requiesset
804 1805 962 1843 animus,
979 1806 1141 1835 aelurum
1164 1803 1259 1844 apud
1275 1805 1401 1835 Patres

71 1849 114 1880 cle
131 1849 320 1889 postulatis
339 1857 481 1888 eorum;
500 1851 630 1881 misisse
643 1849 907 1890 interimfilium
920 1874 928 1889 ,
947 1853 988 1881 ut
1001 1852 1073 1882 sine
1089 1852 1310 1883 cunctatione
1327 1858 1402 1882 con-

70 1896 205 1927 cederet
230 1905 308 1937 quce
332 1898 454 1928 statim
477 1896 583 1928 tribui
606 1899 765 1937 possent5
791 1899 904 1929 cetera
927 1899 1064 1929 senalui
1090 1897 1275 1937 servanda,
1301 1905 1400 1938 quem

69 1951 179 1983 neque
196 1945 322 1983 qratiae
339 1952 446 1984 neque
459 1945 653 1975 severitatis
670 1946 846 1984 eoepcrtem
861 1944 1000 1975 haberi¹
1019 1953 1090 1984 par
1106 1946 1204 1976 esset.

113 1991 223 2021 XXVI.
248 1994 451 2030 Responsum
481 1992 526 2022 est
553 2000 570 2022 a
599 1991 765 2031 concione,
789 1991 961 2023 mandata
990 1992 1158 2023 Clementi
1183 1992 1396 2030 centurioni,

71 2045 150 2077 quae
163 2037 345 2076 peifcrret.
356 2038 383 2068 is
392 2038 517 2069 orditur
529 2038 570 2070 de
584 2040 740 2070 missione
754 2038 930 2070 asedecim
941 2038 982 2070 de
998 2040 1112 2078 annis,
1127 2037 1399 2078 prcemiisfinitce

69 2125 100 2130 —
113 2118 135 2135 r..
152 2113 261 2136 Servos.
278 2125 306 2129 —
319 2118 340 2135 4.
360 2114 410 2136 Per
421 2119 488 2142 quos
504 2114 604 2143 inquiri
623 2115 651 2137 'm
667 2114 810 2138 veritatem
825 2114 943 2138 solitum.
957 2126 987 2131 —
1002 2120 1027 2138 5-
1050 2114 1135 2143 Quam
1152 2113 1286 2143 gerebant
1300 2115 1396 2138 centu-

71 2149 163 2172 riones
182 2147 215 2170 ad
232 2148 365 2176 punienda
381 2148 479 2172 delicta
499 2149 728 2179 legionariorum;
752 2150 850 2174 auxilia
870 2151 898 2174 et
916 2150 984 2173 socii
1000 2149 1070 2173 ruste
1091 2148 1289 2178 plectebantur.
1311 2148 1398 2176 Cedo,

71 2185 116 2207 da.
137 2196 164 2200 —
178 2188 200 2207 c.
218 2184 406 2207 Centuriones.
421 2196 448 2200 —
471 2188 491 2206 ⁷.
521 2186 539 2207 Α
561 2185 656 2214 scirpis
669 2185 726 2209 sive
741 2186 845 2215 sii-pis,
858 2185 934 2214 junci
948 2190 1063 2214 genere,
1084 2184 1180 2214 quibus
1196 2190 1246 2213 pro
1266 2184 1320 2208 vite
1336 2190 1400 2208 usus

70 2224 130 2242 esse
145 2218 260 2241 videtur.
276 2230 305 2234 -
321 2223 345 2241 8.
361 2219 442 2242 Nona:
456 2218 582 2248 legionis,

100 2254 192 2277 XXIV.
210 2259 231 2277 ι.
245 2254 279 2278 Ut
292 2259 334 2276 res
348 2253 478 2282 (conditio
495 2254 596 2283 rerum)
606 2254 687 2278 terat.
701 2268 729 2271 —
745 2260 767 2279 2.
783 2256 878 2279 Druso.
892 2268 922 2273 —
934 2260 957 2279 5.
971 2255 1083 2283 Ceteris,
1095 2255 1140 2284 qui
1153 2255 1217 2279 huic
1228 2255 1397 2284 expeditioni

69 2288 232 2317 intererant,
250 2289 396 2312 ostendens
409 2289 539 2318 pericula,
556 2290 578 2312 si
592 2290 675 2316 male,
694 2291 816 2320 praemia,
832 2291 855 2314 si
871 2290 940 2314 bene
954 2291 1086 2314 sentirent
1098 2291 1131 2313 de
1144 2289 1268 2319 Tiberio,
1283 2291 1325 2313 cui
1340 2291 1397 2319 ipsc

69 2326 198 2352 tanquam
213 2324 352 2348 familiaris
370 2324 427 2348 haec
441 2325 652 2348 renunciaturus
668 2325 820 2349 videbatur.
841 2338 870 2342 —
893 2330 915 2349 4.
930 2325 1104 2349 ornamentis
1126 2325 1288 2349 militaribus
1303 2325 1394 2354 cujus—

67 2364 121 2387 que
139 2359 248 2382 ordinis.

98 2394 142 2416 xx
152 2394 179 2416 v.
196 2399 218 2418 ι.
233 2395 316 2423 Quem
331 2394 385 2417 tam
400 2393 433 2417 de
446 2394 531 2422 gratia
545 2395 746 2425 (concedendis)
758 2401 838 2425 quain
858 2396 891 2419 de
908 2396 1055 2421 severitate
1068 2394 1232 2426 (rejiciendis
1251 2393 1393 2425 postulatis

67 2429 193 2458 numum)
212 2430 238 2453 in
253 2429 395 2453 consilium
413 2429 536 2454 adhiberi
550 2431 577 2454 ct
590 2430 738 2456 decernere
757 2437 861 2461 aequuu]
876 2432 956 2456 esset.
