1539 2668
133 173 194 204 280
499 180 632 210 TACITI
654 180 929 216 HISTORIARUM
950 183 1022 213 Lm.
1046 184 1071 213 1.

132 255 254 296 risque,
268 263 327 296 pro
340 254 466 287 Othone
482 254 708 288 destinaretur.
728 256 828 288 multa
848 257 1047 299 erumpentis
1073 255 1241 290 seditionis
1257 258 1376 291 indicia
1400 269 1457 301 per

133 302 282 337 conscios
306 311 459 344 oppressa
478 303 648 344 :quaedam
674 303 758 345 apud
786 305 892 337 Galbae
908 314 1000 337 aures
1023 305 1197 346 praefectus
1218 309 1300 338 Laco
1313 307 1411 339 elusit
1429 307 1457 348 ⁴,

133 351 264 393 ignarus
288 349 475 381 militarium
500 350 682 382 animorum
699 375 708 391 ,
738 351 928 393 consiliique
949 353 1099 393 quamvis
1113 353 1252 393 egregii,
1275 353 1364 394 quod
1392 363 1456 386 non

133 399 203 440 ipse
219 397 367 436 afferret,
386 397 537 429 inimicus
547 421 555 437 ,
569 399 601 429 et
615 398 770 430 adversus
783 399 904 439 peritos
920 400 1082 441 pervicax.

173 449 294 478 XXVII.
320 447 443 476 octavo
470 443 596 476 decimo
625 445 777 477 kalendas
806 447 993 478 Februarias
1010 448 1017 465 ¹
1049 446 1243 480 sacrificanti
1277 457 1336 488 pro
1361 448 1431 480 aede
1443 447 1455 466 ²

131 493 287 535 Apollinis
305 492 412 524 Galbae
440 491 599 533 haruspex
614 493 799 525 Umbricius
828 496 941 527 tristia
960 497 1042 527 eaeta
1063 497 1096 527 et
1111 497 1282 527 instantes
1311 495 1457 527 insidias

131 551 173 574 ac
191 541 416 573 domesticum
433 539 564 571 hostem
579 540 747 581 praedicit,
766 541 916 574 audiente
939 543 1065 574 Othone
1084 544 1169 582 (nam
1189 543 1358 583 proximus
1376 541 1457 574 asti-

130 588 225 629 terat)
244 588 341 627 idque
359 589 394 618 ut
410 587 520 618 loetum
539 596 556 619 e
573 589 734 620 contrario
753 592 786 620 et
803 590 869 620 suis
892 590 1144 629 cogitationibus
1161 599 1347 631 prosperum
1364 590 1461 621 inter-

131 637 286 678 pretante.
308 643 367 665 nec
386 634 488 665 multo
509 636 580 675 post
601 635 736 667 libertus
754 639 949 668 Onomastus
964 638 1092 668 nuntiat
1111 640 1306 678 exspectari
1321 646 1398 669 eum
1415 636 1460 668 ab

93 678 97 701 ἶ
131 682 320 716 architecto
337 683 370 713 et
388 681 683 723 redemptoribus;
706 692 779 723 quac
798 683 991 723 significatio
1019 685 1203 715 coeuntium
1227 685 1291 724 Jam
1320 685 1461 716 militum

131 731 163 762 et
183 732 304 770 paratae
320 728 550 768 conjurationis
573 733 768 762 convenerat
784 730 807 761 ³.
826 730 923 770 Otho,
938 738 1081 762 causam
1105 731 1277 771 diqress'ds
1303 731 1462 771 requiren-

130 777 220 809 tibus
231 801 240 817 ‚
269 785 369 817 quum
385 779 450 808 emi
477 777 541 808 sibi
566 777 703 817 proedz'a
731 780 900 810 velustate
926 780 1084 817 suspecta
1102 787 1204 819 eoque
1219 780 1318 818 prius
1347 778 1462 818 explo-

131 824 247 857 randa
274 824 436 863 finxisset,
466 824 597 855 innixus
625 824 739 856 liberto
755 835 811 866 per
823 825 1027 857 Tiberianam
1044 825 1175 856 domum
1190 825 1199 843 ⁴
1221 825 1253 855 iu
1267 825 1439 856 Velabrum
1451 849 1461 865 ,

130 871 206 903 inde
231 871 270 903 ad
296 871 482 902 milliarium
509 880 643 902 aureum
667 872 678 890 ⁵
705 872 765 903 sub
787 872 888 903 aedem
915 872 1042 903 Saturni
1068 874 1180 912 pergit.
1209 872 1251 903 ibi
1278 873 1344 904 tres
1365 874 1397 904 et
1415 872 1462 903 vi-

130 918 210 958 ginti
236 919 454 959 speculatores
469 918 706 950 consalutatum
724 921 990 960 imperatorem,
1010 928 1047 950 ac
1064 922 1227 959 paucitate
1253 919 1463 951 salutantium

130 966 294 1006 trepidum
324 968 356 997 et
388 966 475 997 sellae
509 966 695 997 festinanter
721 967 909 1007 impositum
942 967 1062 998 strictis
1089 966 1297 997 mucronibus
1322 967 1460 1007 rapiunt·

130 1012 268 1045 totidem
284 1013 383 1044 ferme
403 1013 521 1044 milites
538 1013 570 1043 in
588 1013 702 1045 itinere
717 1016 942 1054 aggregantur,
963 1013 1015 1045 alii
1029 1014 1235 1052 conscientia,
1249 1014 1392 1054 plerique
1410 1015 1464 1046 mi·

131 1060 272 1099 raculo⁰‚
283 1069 356 1100 pars
364 1060 543 1102 clamoreet
556 1060 682 1099 gladiis⁷
692 1086 700 1100 ,
712 1070 785 1101 pars
798 1062 937 1100 silentio,
948 1061 1091 1092 animum
1101 1070 1139 1092 ex
1157 1064 1272 1092 eventu
1288 1061 1462 1101 sumpturi.

172 1111 310 1140 XXVIII.
336 1108 513 1139 stationem
540 1107 572 1138 in
587 1107 703 1138 castris
720 1108 837 1147 agebat
853 1109 957 1139 Julius
973 1108 1128 1139 MartiaHs
1145 1107 1303 1139 tribunus.
1329 1108 1376 1146 is,
1399 1117 1465 1140 ma-

132 1153 305 1193 gnitudine
323 1155 425 1186 subiti
444 1154 593 1193 sceleris,
614 1163 653 1185 an
668 1159 819 1195 corrupta
834 1156 930 1186 latius
948 1158 1053 1186 castra
1067 1157 1119 1194 et,
1137 1155 1163 1185 si
1181 1157 1294 1186 contra
1307 1155 1465 1196 tenderet,

132 1202 267 1234 exitium
298 1204 467 1240 metuens,
490 1201 629 1241 praebuit
655 1202 819 1242 plerisque
842 1202 1059 1241 suspicionem
1083 1201 1301 1234 conscientiae.
1336 1204 1467 1242 antepo—

133 1258 227 1282 suere
243 1249 339 1280 ceteri
355 1257 483 1288 quoque
501 1248 624 1279 tribuni
639 1249 913 1290 centurionesque
934 1249 1109 1290 praesentia
1131 1249 1241 1280 dubiis
1258 1251 1290 1281 et
1309 1250 1463 1282 honestis.

132 1296 223 1337 isque
242 1296 373 1327 habitus
387 1296 571 1327 animorum
592 1296 651 1327 fuit
664 1319 672 1335 ‚
688 1299 724 1327 ut
738 1296 915 1337 pessimum
929 1296 1053 1328 facinus
1070 1296 1225 1328 auderent
1240 1297 1345 1338 pauci,
1358 1297 1466 1338 plures

132 1344 270 1384 vellent,
291 1353 403 1375 omnes
432 1345 633 1384 paterentur.

174 1395 280 1423 XXIX.
305 1396 438 1432 Ignarus
450 1392 578 1422 interim
595 1391 692 1423 Galba
709 1392 741 1422 et
758 1391 858 1423 sacris
870 1391 1017 1423 intentus
1032 1391 1183 1431 fatigabat
1202 1391 1300 1423 alieni
1321 1391 1387 1431 jam
1404 1392 1464 1423 im-

133 1439 215 1481 perii
232 1439 321 1477 deos,
332 1448 434 1478 quum
449 1439 583 1469 affertur
599 1448 711 1470 rumor
728 1441 808 1479 rapt
825 1441 860 1470 in
877 1441 999 1471 castra
1016 1439 1201 1471 ὶηεενίιωη1
1221 1448 1321 1480 quem
1333 1441 1465 1471 senato-

135 1498 220 1528 rem,
236 1499 324 1529 mox,
355 1489 519 1521 Othonem
532 1498 601 1521 esse
618 1492 678 1531 qui
698 1493 904 1530 raperetur5
920 1490 1016 1522 simul
1033 1499 1073 1522 ex
1087 1492 1154 1521 tota
1171 1490 1268 1529 Urbe,
1282 1492 1317 1521 ut
1331 1489 1468 1530 quisque

135 1536 251 1568 obvius
270 1537 394 1575 fuerat,
415 1537 469 1567 alii
494 1536 667 1568 formidine
688 1540 862 1577 augentes,
882 1538 1013 1578 quidam
1040 1538 1164 1569 minora
1191 1546 1268 1568 vero
1283 1536 1310 1576 ²,
1333 1546 1374 1568 ne
1397 1538 1467 1569 tum

137 1584 267 1624 quidem
283 1584 376 1615 obliti
392 1584 600 1615 adulationis.
617 1584 717 1621 Igitur
734 1585 995 1620 consultantibus
1021 1584 1143 1625 placuit
1164 1585 1360 1624 pertentari
1388 1585 1467 1615 ani-

136 1639 231 1662 mum
253 1632 399 1663 cohortis
415 1640 494 1672 quce
512 1633 547 1662 z'n
562 1632 702 1671 palatio
716 1633 905 1663 stationem
919 1631 1066 1672 aqebat,
1094 1639 1154 1662 nec
1165 1639 1230 1670 per
1243 1632 1357 1670 ipsum
1384 1630 1467 1662 Gal-

137 1677 236 1717 bam,
255 1678 354 1717 cujus
371 1679 507 1717 inteqra
526 1679 721 1709 auctoritas
738 1678 928 1718 nzajw'ibus
958 1677 1117 1710 remediis
1140 1677 1361 1709 servabatur.
1394 1677 1467 1709 Piso

138 1735 197 1767 pro
213 1726 365 1766 gradibus
382 1726 498 1758 domus
514 1729 647 1758 vocatos
663 1727 696 1757 in
714 1726 799 1758 hunc
815 1727 948 1758 modum
963 1727 1120 1759 allocutus
1137 1729 1186 1758 est
1206 1736 1213 1756 z
1241 1739 1255 1752 κ
1270 1728 1386 1758 Sextus
1399 1727 1467 1759 dies

140 1785 155 1800 κ
173 1773 291 1813 agitur,
309 1773 564 1813 commilitones,
587 1782 627 1805 ex
657 1783 722 1814 quo
740 1774 874 1814 ignarus
902 1775 1022 1813 futuri,
1050 1776 1083 1805 et
1115 1773 1182 1805 sive
1208 1773 1387 1813 optandum
1406 1774 1467 1806 hoc

140 1832 155 1848 α
175 1829 292 1852 nomen
310 1820 377 1852 sive
391 1821 572 1852 timendum
588 1823 675 1859 erat,
694 1824 803 1852 Caesar
821 1822 942 1852 ascitus
956 1830 1027 1852 sum
1043 1831 1050 1852 ε
1068 1829 1133 1861 quo
1149 1820 1264 1851 domus
1279 1824 1398 1852 nostrae
1412 1820 1468 1853 aut

142 1880 157 1895 «
174 1867 359 1908 reipublicae
374 1868 439 1899 sato
452 1892 461 1907 ,
479 1869 511 1899 in
526 1870 630 1899 vestra
647 1877 743 1899 manu
763 1868 904 1909 positum
918 1870 977 1899 est.
994 1877 1059 1899 non
1077 1868 1153 1908 quia
1170 1876 1242 1898 meo
1258 1867 1388 1899 nomine
1408 1867 1466 1899 tri-

141 1926 156 1942 «
174 1914 306 1947 stiorem
335 1923 445 1946 casum
473 1914 632 1955 paveam3
652 1915 701 1955 <ut
727 1915 781 1955 qui
814 1915 964 1947 adversas
993 1924 1044 1946 res
1074 1917 1226 1955 expertus
1250 1913 1468 1946 cummaxime

144 1974 158 1989 α
178 1962 296 1993 discam
313 1971 353 1993 ne
368 1962 524 1994 secundas
539 1962 669 2002 quidem
683 1962 791 1993 minus
804 1962 998 1994 discriminis
1015 1961 1162 2000 habere):
1179 1962 1279 2002 patris
1292 1963 1324 1993 et
1337 1962 1468 1993 senatus

143 2020 157 2035 α
177 2009 208 2040 et
225 2008 326 2049 ipsius
345 2009 469 2049 imperii
487 2009 594 2040 vicem
610 2009 714 2048 doleo,
732 2009 758 2040 si
775 2009 868 2040 nobis
885 2011 942 2041 aut
960 2009 1061 2049 perire
1082 2008 1177 2040 hodie
1193 2017 1321 2039 necesse
1335 2009 1465 2046 estant,

144 2067 159 2082 «
178 2055 263 2095 quod
280 2064 371 2096 aeque
384 2055 471 2096 apud
485 2055 586 2087 bonos
599 2056 752 2087 miserum
766 2060 833 2095 est,
846 2055 1001 2087 occidere.
1019 2055 1168 2087 solatium
1183 2054 1321 2095 proximi
1332 2056 1439 2085 motus
1452 2053 1462 2070 ⁴

144 2154 235 2211 crant:
246 2159 275 2211 ἔ.
289 2158 350 2211 qap.
364 2157 440 2178 e.-⁴.
458 2152 584 2178 Eludere
597 2153 708 2184 proprie
720 2153 825 2178 dictum
836 2153 870 2177 de
886 2152 1080 2183 pugnantibus,
1095 2153 1164 2177 nexu
1175 2153 1298 2182 corpor‘ffi
1315 2152 1466 2178 adversarii

146 2193 170 2211 ic
186 2194 228 2212 um
265 2194 296 2211 ec
311 2193 395 2212 mare.

176 2223 280 2247 XXVll.
292 2228 314 2247 ι.
329 2224 378 2247 Die
396 2229 422 2247 115
434 2223 627 2248 ⁸Ianuaria-2.
638 2223 669 2248 In
681 2224 803 2248 aede—5.
816 2225 859 2249 Sc.
875 2223 977 2248 Othoni
988 2229 1049 2248 cum
1061 2223 1210 2247 sociis-⁴.
1221 2223 1305 2247 snam
1324 2229 1396 2253 pone
1413 2223 1464 2249 Pa-

148 2257 250 2287 latium,
265 2259 299 2282 ad
316 2258 422 2283 radices
438 2259 551 2283 Palatini
564 2260 675 2283 montis.
694 2259 862 2286 Velabrum.
877 2260 952 2283 vicus
969 2259 1041 2283 inter
1057 2258 1154 2287 rorum,
1174 2258 1293 2282 Tiberim
1309 2259 1336 2282 et
1350 2259 1463 2284 Aventi-

148 2297 211 2316 num
226 2295 356 2317 montem
368 2300 425 2319 —⁵.
441 2294 572 2318 Columna
589 2300 672 2318 aurea
686 2295 714 2318 in
731 2297 820 2325 capite
834 2295 895 2324 fori,
914 2294 964 2319 sub
981 2295 1038 2318 aede
1055 2294 1163 2319 Saturni
1178 2293 1212 2317 ab
1229 2295 1346 2322 Augusto
1364 2295 1467 2324 posita,

149 2327 175 2350 in
189 2333 270 2356 quam
284 2334 379 2352 omnes
391 2330 440 2353 viae
454 2329 586 2353 militares
605 2330 711 2369 imperii
726 2330 895 2354 desinebant.
898 2335 950 2353 —s.
964 2330 1032 2359 Quia
1055 2328 1231 2353 mirabantur.
1233 2333 1285 2352 —⁷.
1298 2329 1339 2352 Sc.
1351 2328 1463 2354 strictis.

150 2364 336 2389 Plutarchus:
350 2359 606 2399 Ἄνακαλοὺμενοι
616 2359 762 2410 Καίσαρα
775 2363 827 2392 καὶ
841 2360 942 2401 γυμνὰ
959 2360 997 2390 τὰ
1007 2360 1074 2400 ξίφη
1087 2359 1319 2400 προϊσχόμενοι.

179 2406 275 2431 XXIX.
288 2411 311 2431 ι.
329 2407 431 2431 Neutro
442 2412 559 2436 genere;
576 2412 667 2436 quem,
679 2400 755 2433 τίνα.
758 2412 810 2431 -2-
828 2407 870 2431 Sc
885 2406 1033 2431 atterentes
1048 2411 1102 2430 -a
1120 2406 1162 2430 Sc.
1174 2404 1264 2435 doleo,
1279 2410 1310 2430 ex
1322 2404 1463 2435 sequenti-

150 2440 210 2467 bus.
213 2446 265 2467 -4
279 2442 329 2468 Per
345 2447 425 2473 quem
438 2441 654 2472 Neronidejecto
665 2443 827 2468 substitutus
838 2441 930 2467 Galba.
