1539 2668
205 166 263 196 100
598 166 730 195 TACITI
752 165 960 194 ANNALIUM
982 167 1054 195 LIB.
1081 167 1132 195 IV.

194 249 228 272 es
238 241 266 279 ‘³,·
279 242 312 272 et
328 242 455 281 quoties
467 241 621 280 Auqzcsta
640 239 816 271 theatrum
827 241 1013 276 introisset,
1029 242 1070 272 ut
1085 239 1178 272 sedes
1190 241 1280 272 inter
1298 240 1505 274 Vestalium'

194 286 397 319 consideret.

233 337 327 365 XVII.
352 334 498 366 Cornelio
514 334 667 373 Cethego,
689 333 817 365 Visellio
842 337 986 365 Varrone
1016 338 1103 366 Coss.
1124 334 1131 351 ¹
1151 333 1318 375 pontifices
1336 342 1512 374 eorumque

192 382 339 422 exemplo
358 382 456 413 ceteri
474 382 656 413 sacerdotes
672 390 771 421 quum
788 390 846 421 pro
869 381 1088 414 incolumitate
1103 382 1259 422 Principis
1274 383 1350 412 vota
1370 381 1512 422 suscipe·

191 430 264 459 rent
276 428 302 467 ²,
319 433 478 460 Neronem
495 437 625 468 quoque
647 429 679 459 et
695 432 831 459 Drusum
849 428 961 459 iisdem
978 428 1039 460 diis
1062 428 1345 467 commendavere,
1360 436 1425 459 non
1441 429 1508 459 tam

191 475 323 506 caritate
332 476 489 515 juvenum
500 500 508 516 ‚
532 484 630 515 quam
645 475 829 507 adulatione
845 485 851 506 :
871 485 943 515 quae
957 475 1101 507 moribus
1128 475 1284 515 corruptis
1301 474 1433 515 perinde
1449 483 1507 505 an·

190 529 285 561 ceps,
310 522 337 553 si
361 523 469 562 nulla,
496 524 528 554 et
556 522 611 553 ubi
631 522 728 553 nimia
744 524 803 554 est.
830 531 905 553 nam
924 523 1091 562 TiberiuS,
1116 523 1201 554 haud
1227 531 1371 562 unquam
1397 520 1508 552 domui

190 569 367 600 Germanici
387 570 486 608 mitis,
497 571 568 601 tum
582 578 658 600 vero
672 571 805 610 (equari
822 570 1050 601 adolescentes
1064 572 1207 602 senectae
1222 578 1292 601 suoe
1305 569 1509 609 impatienter

188 613 342 654 indoluit;
359 618 544 657 accitosque
559 617 726 657 pontifices
739 619 965 656 percunctatus
983 618 1050 656 est,
1074 625 1156 648 num
1171 617 1206 648 id
1216 616 1375 657 precibus
1391 617 1510 656 Aqrip-

183 663 281 701 pinoe
297 665 362 694 aut
375 665 480 695 minis
502 664 713 695 tribuissent.
736 665 768 694 et
781 664 825 694 illi
838 664 988 704 quidem,
1005 672 1201 703 quamquam
1226 663 1421 702 abnuerent,
1443 671 1509 693 mo-

188 706 258 739 dice
269 710 430 749 perstricti
442 710 572 749 (etenim
587 719 658 750 pars
672 719 786 750 magna
797 720 814 742 e
824 711 1010 751 propinquis
1024 710 1125 750 ipsius
1138 712 1194 741 aut
1203 711 1359 750 primores
1370 709 1510 741 civitatis

188 757 289 796 erant)
311 767 318 787 ;
337 761 481 789 ceterum
495 758 526 788 in
541 759 653 789 senatu
667 758 810 789 oratione
820 758 945 789 monuit
961 759 993 788 iu
1012 759 1194 797 posterum,
1222 766 1263 788 ne
1279 759 1354 797 quis
1368 756 1510 788 mobiles

189 804 455 838 adolescentium
468 809 599 838 animos
610 809 835 846 proematuris
850 807 1032 839 honoribus
1046 806 1092 839 ad
1104 806 1303 846 superbiam
1316 806 1507 838 extolleret.

187 852 328 884 Instabat
341 854 458 894 quippe
471 854 614 893 Sejanus,
628 854 859 894 incusabatque
875 867 889 881 α
904 854 1068 885 diductam
1083 854 1246 885 civitatem
1259 854 1296 884 ut
1306 853 1393 884 civili
1406 852 1490 884 bello
1498 863 1509 892 3

189 911 205 926 α
223 908 293 931 esse
310 901 367 940 qui
384 910 418 932 se
444 901 582 940 partium
606 901 788 940 Agrippinae
806 901 944 941 vocent,
970 909 1007 932 ac
1034 901 1066 931 ni
1093 901 1275 940 resistatur,
1293 900 1362 932 sore
1383 899 1509 940 plures;

189 959 204 972 α
223 955 324 986 neque
337 948 422 978 aliud
439 948 600 987 gliscentis
617 947 784 980 discordiae
798 948 977 980 remedium
991 957 1087 988 quam
1101 948 1129 979 si
1144 957 1227 979 unus
1237 948 1359 979 alterve
1370 947 1510 979 maxime

190 1006 206 1020 «ι
225 995 366 1034 prompti
384 995 659 1026 subverterentur.
675 1008 691 1022 υ

229 1045 341 1072 XVIII.
366 1046 438 1081 Qua
465 1051 564 1073 causa
587 1046 622 1074 C.
644 1041 758 1074 Silium
773 1042 806 1073 et
826 1043 947 1074 Titium
973 1042 1126 1073 sabinum
1151 1042 1343 1082 aggreditur.
1369 1041 1512 1073 amicitia

188 1089 366 1119 Germanici
384 1089 561 1128 perniciosa
577 1088 706 1128 utrique
719 1112 728 1128 ,
745 1088 819 1120 Silio
834 1092 865 1120 et
881 1089 970 1129 quod
983 1089 1121 1128 ingentis
1137 1089 1298 1120 exercitus
1313 1089 1436 1128 septem
1455 1097 1511 1129 per

188 1143 291 1166 annos
308 1136 491 1167 moderator
505 1136 670 1176 partisque
684 1136 767 1175 apud
787 1136 990 1167 Germaniam
1007 1135 1256 1175 triumphalibus
1273 1135 1280 1152 ¹
1297 1135 1511 1167 Sacroviriani

186 1180 261 1212 belli
278 1182 393 1222 victor,
408 1185 529 1222 quanto
560 1183 681 1221 maj0re
702 1183 786 1213 mole
798 1182 1001 1222 procideret,
1020 1183 1092 1222 plus
1109 1181 1299 1213 formidinis
1312 1182 1346 1213 in
1368 1183 1447 1214 alios
1460 1183 1510 1215 di-

186 1229 404 1269 spergebatur.
422 1229 593 1260 credebant
606 1229 750 1269 plerique
759 1231 889 1260 auctam
903 1229 1115 1261 offensionem
1132 1229 1234 1269 ipsius
1251 1230 1508 1270 intemperantia,

186 1274 360 1307 immodice
374 1277 524 1316 jactantis
542 1289 556 1303 «
575 1285 669 1307 suum
694 1276 829 1308 militem
846 1276 879 1307 in
895 1276 1051 1316 obsequio
1067 1276 1237 1308 duravisse
1249 1301 1258 1316 ‚
1281 1285 1382 1317 quum
1395 1276 1449 1308 alii
1469 1278 1511 1309 ad

189 1332 206 1347 «
222 1323 396 1355 seditiones
413 1324 652 1363 prolaberentur
667 1322 694 1362 ²3
713 1331 816 1363 neque
842 1331 1033 1354 mansurum
1056 1322 1185 1354 Tiberio
1201 1323 1393 1363 imperium,
1418 1324 1445 1355 si
1471 1324 1511 1356 iis

190 1382 205 1398 (ι
226 1377 355 1409 quoque
370 1371 550 1410 legionibus
566 1370 683 1410 cupido
700 1370 839 1401 novandi
856 1369 980 1401 suisset.
994 1382 1010 1396 υ
1024 1368 1168 1400 destrui³
1192 1377 1248 1409 per
1261 1370 1333 1401 haec
1346 1371 1509 1402 fortunam

186 1427 278 1451 suam
295 1421 399 1448 Caesar
418 1417 637 1457 imparemque
664 1418 753 1447 tanto
774 1416 889 1448 merito
906 1416 1046 1447 rebatur.
1074 1425 1149 1447 nam
1173 1416 1328 1448 beneficia
1343 1427 1381 1449 eo
1408 1425 1510 1458 usque

184 1467 261 1498 laeta
284 1467 378 1503 suut,
404 1464 481 1495 dum
505 1464 655 1496 videntur
678 1463 802 1495 exsolvi
830 1472 949 1504 posse:
975 1463 1029 1494 ubi
1051 1463 1191 1495 multum
1212 1465 1424 1505 antevenere,
1451 1473 1510 1505 pro

186 1512 287 1553 gratia
303 1511 414 1542 odium
434 1512 589 1543 redditur.

228 1563 305 1590 XIX.
332 1559 405 1589 Erat
433 1568 513 1588 uxor
535 1559 611 1590 Silio
636 1558 723 1590 Sosia
752 1556 859 1597 Galla,
881 1558 1016 1589 caritate
1033 1557 1216 1599 Agrippinae
1234 1558 1341 1590 invisa
1355 1558 1507 1599 Principi-

187 1610 252 1638 Hos
275 1605 391 1644 corripi
406 1629 414 1644 ,
444 1605 542 1636 dilato
571 1605 611 1636 ad
641 1607 767 1645 tempus
786 1605 902 1636 sabino
913 1629 921 1644 ,
952 1605 1106 1645 placitum
1120 1615 1129 1644 ;
1156 1605 1384 1646 immissusque
1409 1609 1509 1638 Varro

186 1652 311 1691 consul,
332 1653 386 1692 qui
401 1654 548 1692 paternas
564 1652 749 1683 inimicitias
765 1651 962 1691 obtendens,
977 1651 1059 1683 odiis
1076 1652 1178 1691 sejani
1190 1661 1245 1692 per
1261 1652 1400 1685 dedecus
1412 1661 1507 1684 suum

187 1698 436 1739 gratificabatur.
458 1703 608 1739 precante
632 1707 687 1730 reo
717 1698 849 1730 brevem
875 1707 1021 1737 moram,
1045 1698 1124 1729 dum
1150 1701 1319 1730 accusator
1339 1700 1509 1731 consulatu
1535 1735 1537 1737 ,

187 1746 305 1784 abiret,
324 1745 513 1776 adversatus
539 1747 587 1777 est
612 1749 717 1777 Caesar
733 1755 740 1775 ι
758 1745 898 1777 solitum
915 1748 1038 1786 quippe
1061 1746 1321 1785 wzoqistrattbus
1337 1746 1425 1778 diem
1435 1749 1509 1788 pri-

185 1795 277 1824 vatis
294 1792 425 1832 ἄτοπα
456 1801 515 1825 nec
540 1792 807 1833 infrinqendum
822 1794 971 1824 consulis
987 1794 1043 1833 jus
1054 1818 1062 1833 ‚
1078 1793 1177 1832 cujus
1193 1793 1321 1833 viqiliz‘s
1335 1795 1508 1826 niteretur
1534 1814 1535 1817 =

186 1848 228 1872 ne
245 1839 335 1880 quod
357 1840 550 1880 respublica
577 1840 743 1871 detrimen
751 1841 825 1870 tum
854 1842 1003 1880 caperet.
1029 1840 1195 1880 proprium
1213 1839 1246 1871 id
1274 1839 1401 1871 Tiberio
1426 1841 1507 1881 suit,
1533 1848 1534 1851 ’

187 1885 307 1918 scelera
323 1895 427 1926 nuper
440 1888 565 1926 reperta
582 1887 696 1926 priscis
710 1886 817 1917 verbis
830 1886 991 1926 obtegere.
1018 1887 1118 1926 Igitur
1134 1886 1236 1917 multa
1248 1887 1486 1920 asseveratione
1496 1912 1506 1928 ,

186 1933 278 1974 quasi
295 1935 352 1964 aut
371 1933 494 1973 legibus
506 1942 580 1964 cum
594 1933 672 1965 Silio
686 1934 853 1973 ageretur,
877 1935 935 1965 aut
952 1936 1053 1964 Varro
1074 1933 1206 1972 consul,
1223 1936 1278 1965 aut
1298 1933 1379 1965 illud
1398 1943 1507 1975 respu·
1534 1947 1535 1957 ¹

186 1980 270 2011 blica
286 1982 368 2011 esset
386 1981 409 2019 ¹,
428 1982 586 2021 coguntur
602 1982 720 2012 Patres.
736 1980 849 2012 silente
865 1989 937 2019 reo,
953 1981 1022 2020 vel,
1040 1981 1067 2011 si
1091 1980 1310 2012 defensionem
1331 1982 1504 2021 coaptaret,
1532 1998 1535 2009 ι

186 2036 253 2058 non
269 2028 453 2058 occultante
466 2027 558 2066 cujus
575 2028 622 2059 ira
638 2030 849 2068 premeretur,
866 2029 1073 2059 conscicntia
1090 2027 1169 2059 bella·
1184 2029 1346 2059 Sacrovir
1357 2027 1418 2059 diu
1434 2027 1507 2059 dis-
1532 2023 1535 2031 ¹

189 2074 376 2106 simulatus
392 2073 418 2110 2,
438 2076 583 2107 victoria
603 2083 669 2116 per
685 2074 1027 2114 avaritiamsoedata
1039 2098 1047 2114 ‚
1076 2076 1109 2106 et
1124 2082 1214 2106 uxor
1225 2075 1320 2106 sosia
1332 2074 1506 2114 argueban-
1534 2100 1539 2116 η,

1531 2120 1534 2131 Ι

189 2172 249 2193 eam
266 2165 430 2191 dissolvitur.
448 2180 476 2186 -
488 2174 513 2193 e.
525 2170 621 2193 Ferme
632 2174 732 2199 ⁴00,ooo
739 2169 785 2199 sr.
802 2174 858 2192 —⁷.
873 2170 936 2199 Quae
949 2169 1026 2192 erant
1039 2169 1132 2192 contra
1143 2168 1264 2197 praetoris
1274 2168 1403 2194 tribunal.
1531 2173 1539 2203 ‘1'

219 2201 303 2225 XVII.
323 2207 345 2225 ι.
360 2203 393 2226 Α.
406 2203 434 2226 U.
449 2208 500 2230 7⁷7.
512 2210 535 2233 p.
554 2205 614 2229 Chr.
627 2209 665 2228 ει.
680 2218 707 2222 -
722 2210 744 2228 2.
756 2204 833 2234 Quod
845 2204 929 2228 fiebat
942 2204 1023 2227 tertio
1041 2203 1083 2227 die
1100 2203 1229 2227 Januarii.
1242 2204 1277 2227 Ea
1288 2206 1351 2228 vota
1365 2205 1463 2231 tabulis
1476 2209 1505 2233 et
1538 2206 1539 2209 ’

189 2237 279 2260 nuruis
290 2238 425 2261 memoriae
435 2240 673 2263 consecrabantur.

220 2272 314 2296 XVIII.
334 2277 353 2296 ι.
365 2273 407 2296 Sc.
418 2273 577 2303 insignibus.
590 2275 630 2299 De
647 2281 678 2299 re
692 2280 719 2300 v.
736 2275 782 2305 111,
800 2280 828 2300 45
843 2279 918 2304 seqq.
932 2287 960 2292 -
977 2279 998 2298 2.
1017 2274 1044 2297 v.
1059 2275 1083 2304 1,
1098 2279 1123 2298 si
1146 2274 1174 2297 et
1191 2279 1264 2298 ⁷2.-
1275 2279 1298 2298 5.
1310 2275 1454 2301 Extenuari
1474 2277 1504 2302 in

190 2307 389 2331 existimatione
405 2307 551 2333 hominum.

221 2343 289 2366 XIX
306 2348 325 2366 ¹.
341 2343 421 2371 Quasi
438 2345 522 2368 Varro
535 2345 651 2368 consulis
661 2351 782 2375 munera,
795 2345 884 2375 qualia
895 2346 922 2370 in
935 2345 1074 2376 republica
1089 2347 1175 2374 erant,
1188 2346 1389 2376 exsequeretur,
1402 2346 1504 2372 autffle

192 2383 282 2403 rerum
295 2379 380 2402 status
392 2381 465 2403 esset
475 2380 637 2409 respublica.
649 2393 678 2397 —-
689 2382 897 2405 2.Consi1iorum
909 2381 974 2405 belli
994 2381 1027 2405 lb
1038 2381 1179 2406 Sacroviro
1190 2381 1365 2412 agitatorum
1367 2382 1503 2408 conscium

193 2414 274 2439 tuisse
285 2413 377 2439 Silium
388 2420 472 2445 eaque
482 2414 527 2439 diu
540 2421 589 2445 per
602 2416 840 2441 dissimulationem
855 2417 964 2441 texisse
