1539 2668
511 165 547 195 A.
571 165 608 194 U.
632 165 667 193 C.
693 165 764 194 709.
785 168 826 194 -Α,
851 167 885 195 C.
914 169 960 196 16.
1368 174 1405 204 43

79 239 174 271 stiam
195 240 265 280 ejus
291 239 473 280 aggreditur
492 240 627 271 alterum
650 240 860 272 consulatum»
871 241 1058 282 offerendo,
1079 242 1173 283 cujus
1191 245 1408 288 munia·prae-

78 295 153 318 sens
178 287 293 320 obiret.
313 286 643 327 simulannectebat‚
665 300 678 314 a
697 288 723 319 si
739 289 821 319 soret
846 288 953 320 adbuc
978 289 1186 330 bellandum,
1212 292 1410 334 relinqueret

81 346 97 360 «
116 334 291 366 materiem,
301 333 394 365 Drusi
411 334 519 366 fratris
533 334 643 373 gloriae
655 358 664 374 ‚
678 335 750 376 qui,
767 336 854 368 nullo
871 339 939 367 tum
953 336 1018 368 alio
1033 337 1127 369 hoste
1137 362 1146 378 ‚
1169 346 1234 370 non
1249 340 1311 371 nisi
1325 343 1410 383 apud

79 396 94 407 «
111 382 298 414 Germanias
313 382 436 421 assequi
458 390 580 413 nomen·
589 382 830 423 imperatorium
845 384 1057 425 etrdeportare
1073 385 1215 416 lauream
1231 385 1241 404 ⁴
1261 390 1368 427 posset
1378 401 1407 421 ι..

79 429 164 461 baud
181 431 351 460 cunctatus
367 432 416 460 est
432 429 518 460 ultra
541 429 764 470 Germanicus,
785 440 983 472 quamquam
1007 432 1083 472 fingi
1106 441 1144 465 ea
1167 441 1264 473 seque
1285 442 1344 474 per
1361 436 1410 467 in—

80 477 201 508 vidiam
225 479 316 516 parto
335 476 402 515 jam
419 476 527 508 decori
543 476 687 508 abstrahi
702 477 903 518 intelligeret.

121 527 244 555 XXVII.
263 524 328 555 Sub
344 523 431 555 idem
449 526 580 564 tempus
597 533 615 556 e
632 523 752 556 familia
769 525 1011 557 Scriboniorum
1036 525 1115 558 Libo
1130 530 1254 558 Drusus
1269 527 1412 560 defertur

79 570 183 601 moliri
201 580 252 603 res
270 580 382 603 novas.
399 572 470 611 eJ'us
483 571 602 612 negotii
622 572 750 603 initium
763 597 771 612 ‚
786 573 932 604 ordinem
945 597 953 612 ,
971 573 1067 605 tinem
1082 574 1226 606 curatius
1241 574 1410 616 disseram,

79 617 154 658 quia
172 620 243 650 tum
258 618 396 659 primum
412 621 540 659 reperta
565 622 641 651 sunt
664 628 738 660 quae
761 629 816 661 per
831 623 878 652 tot
893 629 996 653 annos
1010 621 1245 662 rempublicam
1260 622 1408 654 exedere.

80 665 216 697 Firmius
241 670 337 698 Catus
364 671 511 705 senator,
536 676 574 699 ex
598 667 713 699 intima
739 668 868 700 Libonis
891 668 1050 709 amicitia,
1072 669 1226 709 juvenem
1253 668 1410 710 improvi-

79 712 156 744 dum
175 714 205 744 et
225 714 352 745 facilem
372 713 522 745 inanibus
543 714 550 731 ¹
568 714 609 746 ad
626 715 852 747 Chaldaeorum
870 715 881 733 ²
906 716 1081 756 promissa,
1105 725 1273 756 magorum
1298 726 1387 748 sacra
1400 742 1409 758 ,

80 761 280 792 somniorum
306 761 404 792 etiam
429 761 621 802 interpretes
648 762 799 803 impulit,
816 763 894 794 dmn
909 772 1078 803 proavum
1095 766 1312 804 Pompeium,
1329 766 1413 796 mni-

81 809 154 839 tam
170 809 402 847 Scriboniam,
428 817 506 850 quoe
522 809 697 850 quo-radam
722 813 867 851 Avynstz‘
895 811 1180 850 conjuoesuerat‚
1197 811 1412 843 consobrinos

83 856 235 887 cce-sares
249 880 258 895 ,
281 857 425 896 plenam
442 857 648 897 imaqim'bus
664 857 676 875 ³
695 857 834 890 domum
844 860 998 897 ostentat,
1019 859 1231 898 hortaturque
1245 858 1285 889 ad
1299 859 1412 890 luxum

81 905 113 934 et
132 911 176 934 aes
192 903 350 943 alienum,
373 904 478 935 socius
492 903 664 935 libidinum
690 907 722 936 et
744 905 970 937 necessitatum
988 907 1014 945 ⁴,
1036 914 1101 946 quo
1117 905 1263 946 pluribus
1287 905 1414 936 indiciis

80 950 227 990 illigaret.

121 1001 259 1029 XXVIII.
285 1001 325 1030 Ut
339 999 418 1030 satis
432 998 564 1030 testium
583 999 590 1017 ¹
610 1000 662 1039 et,
676 999 731 1039 qui
748 999 833 1030 servi
852 999 962 1031 eadem
981 1002 1172 1040 noscerent,
1189 1000 1327 1040 reperit,
1345 998 1415 1030 adi-

80 1045 152 1075 tum
179 1044 219 1075 ad
244 1045 425 1085 Principem
455 1047 613 1086 postulat,
642 1047 865 1078 demonstrato
890 1047 1025 1078 crimine
1050 1048 1082 1078 et
1110 1056 1163 1078 reo
1187 1056 1244 1087 per
1265 1047 1414 1078 Flaccum

82 1092 299 1123 Vescularium
309 1094 450 1133 equitem
462 1097 641 1124 Romanum
652 1093 678 1132 ²,
689 1095 741 1125 cui
755 1095 885 1134 propior
898 1103 973 1125 cum
984 1093 1112 1125 Tiberio
1127 1103 1203 1125 usus
1215 1096 1294 1126 erat.
1308 1098 1415 1125 Cacsar

81 1138 237 1170 indicium
258 1140 341 1170 haud
356 1143 564 1180 aspernatus,
580 1150 769 1181 congressus
785 1141 898 1172 abnuit
916 1153 922 1169 ι
938 1150 1035 1181 posse
1048 1143 1135 1172 enim
1156 1141 1270 1172 eodem.
1291 1142 1415 1173 Flacco

83 1187 298 1218 internuntio
317 1195 489 1219 sermones
506 1196 708 1219 commeare.
726 1192 824 1227 atque
841 1188 969 1219 iuterim
986 1188 1140 1219 Libonem
1154 1190 1248 1219 ornat
1262 1190 1414 1229 praetura,

84 1232 287 1264 convictibus
315 1233 468 1273 adhibet,
488 1242 554 1264 non
571 1234 664 1265 vultu
694 1234 871 1274 alienatus,
895 1243 959 1265 non
976 1235 1083 1266 verbis
1107 1236 1300 1266 commotior
1323 1235 1415 1275 (adeo

83 1279 164 1310 iram
180 1280 379 1319 condiderat)
399 1290 405 1310 :
422 1282 606 1321 cunctaque
620 1281 686 1320 ejus
708 1281 796 1312 dicta
819 1281 967 1321 tactaque
984 1291 1084 1322 quum
1101 1281 1270 1322 prohibere
1287 1284 1414 1322 posset,

83 1326 166 1358 scire
179 1326 336 1366 malebat,
363 1327 467 1358 donec
488 1328 603 1358 Junius
618 1328 770 1368 quidam,
784 1330 927 1360 tentatus
939 1330 977 1359 ut
993 1329 1134 1359 infernas
1153 1329 1284 1360 umbras
1305 1328 1416 1360 carmi·

84 1372 179 1405 nibus
196 1375 343 1413 eliceret,
361 1374 401 1405 ad
417 1374 598 1405 Fulcinium
624 1375 776 1406 Trionem
792 1375 948 1406 indicium
969 1376 1097 1407 detulit.
1123 1376 1247 1407 celebre
1262 1376 1347 1408 inter
1365 1386 1416 1408 ac-

84 1424 249 1453 cusatores
265 1422 393 1453 Trionis
412 1422 576 1462 ingenium
591 1424 661 1454 erat
682 1422 883 1463 avidumque
904 1423 999 1454 samae
1025 1422 1131 1454 malae.
1154 1423 1263 1454 statim
1285 1424 1415 1464 corripit

80 1477 196 1508 reum,
222 1468 291 1500 adit
313 1469 461 1500 consules
474 1494 483 1510 ‚
513 1470 729 1509 cognitionem
758 1472 890 1501 senatus
907 1470 1023 1510 poscit.
1047 1472 1079 1501 et
1104 1472 1262 1501 vocantur
1284 1472 1390 1502 Patres
1405 1492 1414 1508 ,

83 1516 193 1549 addito
209 1516 480 1548 consultandum
494 1526 599 1558 super
615 1526 652 1549 re
667 1525 796 1558 magma
812 1519 845 1549 et
861 1519 982 1549 atroci.

124 1567 231 1596 XXIX.
262 1564 340 1595 Libo
354 1564 483 1595 interim
505 1566 595 1596 veste
612 1566 738 1596 mutata
756 1564 762 1581 ¹
783 1573 857 1596 cum
877 1564 1074 1605 primoribus
1094 1565 1221 1596 feminis
1244 1565 1415 1597 circumire

84 1611 215 1651 domos,
242 1620 333 1643 orare
362 1611 495 1651 affines,
524 1621 639 1643 vocem
666 1612 840 1643 adversum
866 1612 1006 1653 pericula
1029 1620 1179 1652 poscere,
1198 1612 1416 1644 abnuentibus

84 1658 210 1691 cunctis
221 1683 230 1698 ,
249 1667 350 1699 quum
367 1658 495 1690 diversa
511 1659 770 1699 praetenderent,
787 1659 899 1690 catlem
916 1659 1097 1690 formidine.
1117 1660 1168 1690 die
1183 1663 1314 1690 senatus
1327 1662 1412 1690 metu

84 1707 115 1738 et
131 1706 322 1746 aegritudine
341 1706 446 1738 sessus
465 1706 551 1745 sive,
576 1708 613 1737 ut
625 1706 787 1738 tradidere
803 1707 954 1747 quidam,
983 1706 1136 1738 simulato
1150 1707 1263 1737 morbo
1277 1730 1285 1746 ‚
1304 1706 1416 1737 lectica

83 1753 208 1784 delatus
223 1753 261 1784 ad
291 1753 374 1784 sores
388 1753 487 1784 curiae
509 1753 696 1794 innisusque
721 1754 811 1785 statu·
834 1756 867 1785 et
892 1762 1007 1785 manus
1023 1762 1060 1785 ac
1084 1753 1362 1795 supplicesroces
1376 1754 1414 1784 ad

83 1800 248 1832 Tiberium
271 1801 408 1832 tendens
422 1825 431 1839 ,
449 1800 587 1832 immoto
604 1801 673 1840 eJus
685 1801 780 1832 vultu
803 1800 974 1841 excipitur.
991 1810 1064 1832 mox
1084 1801 1207 1832 libellos
1225 1803 1257 1832 et
1270 1802 1415 1832 auctores

86 1847 199 1878 recitat
212 1851 330 1887 Caesar,
343 1848 390 1879 ita
409 1847 580 1880 moderans
593 1873 602 1888 ‚
618 1858 658 1880 ne
673 1848 869 1880 lenire-neve
883 1857 1030 1889 asperare
1045 1848 1370 1880 criminavideretnr.

116 1896 217 1926 ¹XXX.
252 1897 460 1926 Accesserant
483 1897 601 1935 praeter
628 1894 779 1926 Trionem
817 1896 850 1926 et
877 1897 991 1928 Catum
1026 1898 1232 1927 accusatores
1265 1896 1416 1927 Fonteius

86 1941 226 1981 Agrippa
249 1943 282 1973 et
306 1944 341 1973 C.
363 1941 497 1981 Vibius,
521 1941 753 1981 certabantque
775 1942 896 1983 cuijus
912 1942 1081 1983 perorandi
1106 1942 1139 1973 in
1164 1950 1254 1973 reum
1272 1942 1415 1980 daretur,

72 1988 189 2020 donec
205 1988 338 2028 Vibius,
355 1989 431 2029 quia
448 1998 508 2021 nec
520 1989 582 2029 ipsi
599 1989 683 2020 inter
698 1997 732 2020 se
748 1989 963 2021 concederent
979 1989 1105 2020 et.Libo
1126 1989 1196 2020 sine
1220 1990 1356 2029 patmno
1369 1989 1416 2020 ien-

86 2036 232 2076 troisset,
259 2036 444 2076 singillatim
468 2045 503 2068 se
529 2036 667 2068 crimina
692 2037 1084 2077 objecturumprofessus
1108 2036 1241 2077 protulit
1264 2035 1392 2068 libellos
1407 2061 1415 2074 ‚

87 2083 243 2116 vecordes
257 2083 357 2124 adeo,
379 2087 417 2115 ut
439 2083 672 2116 consultaverit
697 2083 776 2115 Libo
789 2083 813 2123 ¹,
841 2092 890 2116 cm
910 2082 1097 2116 habiturus
1118 2083 1213 2118 foret
1237 2090 1315 2122 opes
1339 2083 1416 2124 quis

74 2157 292 2178 ‘comannorum
306 2154 357 2178 nes
368 2155 409 2178 est
422 2155 486 2178 anni
499 2159 552 2179 ⁷69.
562 2165 591 2172 ——
604 2155 683 2178 ausc·
698 2155 726 2178 in
739 2153 1017 2184 Capitollum,ubi·*ln
1027 2154 1103 2179 sovls
1114 2155 1220 2185 gremio
1233 2154 1355 2179 lauream
1368 2154 1416 2178 de—

87 2190 227 2221 ponebant
240 2189 452 2218 triumphantes.

116 2225 228 2251 XXVII.
243 2230 262 2248 r.
281 2224 396 2248 Factlcin
408 2225 442 2248 ad
455 2225 544 2249 inania
555 2243 562 2253 ,
576 2226 604 2249 in
615 2225 691 2254 cujus
705 2224 823 2248 animum
835 2224 1091 2250 accessmwtaenem
1105 2224 1248 2250 habebant
1257 2231 1302 2249 res
1311 2226 1416 2250 inam-23.

87 2272 119 2280 —
132 2265 156 2284 α.
171 2260 214 2284 Sic
231 2259 545 2291 dicebanturastroloqi
554 2279 560 2289 ,
574 2259 747 2291 qenetmiaci
756 2278 762 2289 ,
781 2265 841 2284 uam
860 2261 964 2284 vanttas
975 2261 1019 2285 illa
1031 2261 1066 2285 ab
1078 2260 1211 2286 chaldaeis
1225 2261 1315 2285 ducta.
1337 2273 1366 2277 —
1388 2264 1412 2283 3.

70 2295 134 2320 sse.
154 2295 285 2324 majorum
298 2295 439 2320 nohssium.
450 2306 483 2312 ·—
495 2295 767 2320 ⁴.'Necessitudinuin
776 2313 782 2325 ‚
800 2295 997 2321 imiwnscflisi
1014 2297 1171 2326 pot-iusJest,
1182 2296 1248 2320 aeris
1265 2294 1350 2320 alieri
1363 2300 1415 2319 una

90 2331 228 2355 contracti*
236 2335 331 2355 nexus.

120 2364 238 2390 xxvm.
259 2371 279 2389 ι.
292 2368 333 2390 Sc.
347 2367 414 2390 erat.
428 2366 533 2395 Pei-ge:
547 2367 618 2391 erut
634 2367 856 2396 servos‘reperit,
869 2367 997 2397 quisetc.
1009 2377 1037 2384 ο-
1047 2372 1072 2391 2.
1093 2367 1198 2396 Deque
1209 2365 1304 2395 vfw,
1321 2369 1355 2389 ω.

122 2400 206 2424 xxlx
223 2406 244 2424 ι.
261 2401 335 2425 More
348 2407 470 2430 reorum,
484 2401 530 2431 qui
542 2401 606 2426 hinc
615 2402 770 2431 sordidati,
783 2403 877 2426 atrata·
891 2403 1026 2426 dicuntur.

109 2434 204 2460 XXX.
221 2435 287 2460 1.·οι
295 2436 326 2460 ‘lu
342 2437 377 2460 iis*
387 2435 604 2461 dicuntia-‘bibo
614 2438 809 2462 consmtavisse
821 2456 827 2467 ,
846 2442 885 2461 an
899 2439 952 2461 etc.
