1539 2668
129 170 188 201 212
508 171 640 200 TACITI
662 171 872 202 ANNALIUM
894 173 966 202 LIB.
990 174 1072 203 xlv.

127 241 233 275 irrita²
251 243 472 276 intercessere.
496 253 633 284 anguem
650 243 745 276 enixa
760 246 891 286 mulier;
904 246 968 286 jam
991 247 1038 278 sol
1054 247 1185 287 repente
1202 248 1405 290 obscuratus,
1418 252 1451 283 et

127 290 223 321 tactae
239 289 279 322 de
293 290 375 322 coelo
391 291 650 331 quattuordecim
669 292 769 325 Urbes
792 293 935 333 regiones
952 303 960 324 :
979 303 1054 334 quae
1074 294 1154 326 adeo
1177 295 1245 326 sine
1261 304 1337 327 cura
1356 296 1452 328 deum

128 337 338 378 eveniebant,
353 340 388 369 ut
406 339 524 369 multos
542 340 614 378 post
626 348 728 370 annos
743 344 826 371 Nero
840 341 1010 381 imperium
1024 343 1057 372 et
1070 341 1189 373 scelera
1201 343 1450 374 continuaverit.

128 385 278 416 Ceterum
299 394 364 425 quo
379 387 526 425 gravaret
544 385 699 417 invidiam
716 388 826 419 matris
839 412 847 427 ,
866 397 966 428 eaque
991 388 1120 420 demota
1144 391 1271 420 auctam
1289 389 1453 421 lenitatem

127 438 222 462 suam
244 432 483 471 testificaretur,
505 432 638 464 feminas
657 433 797 466 illustres
813 434 939 466 suniam
957 436 990 466 et
1000 436 1205 476 Calpurniam
1220 435 1243 474 ³,
1263 437 1454 476 praefectura

128 477 257 510 functos
270 479 431 510 Valerium
447 480 635 520 Capitonem
651 484 683 512 et
699 482 856 513 Licinium
870 483 1023 514 Gabolum
1038 484 1169 515 sedibus
1183 484 1293 524 patriis
1305 484 1455 523 reddidit,

128 524 169 556 ab
186 526 359 566 Agrippina
373 526 449 557 olim
466 527 586 566 pulsos.
603 528 699 560 etiam
713 529 820 560 Lolliae
838 530 992 561 Paullinae
1008 529 1017 547 ⁴
1035 530 1159 562 cineres
1177 531 1330 570 reportari
1347 532 1456 571 sepul-

127 571 306 613 chrumque
329 573 450 604 exstrui
467 575 634 614 permisit3
658 585 803 616 quosque
823 577 889 616 ipse
912 586 1013 616 nuper
1037 577 1251 617 relegaverat,
1272 578 1406 609 Iturium
1425 581 1456 610 et

128 619 303 650 Calvisium
324 620 333 637 ⁵
355 629 449 660 poena
462 621 609 653 exsolvit.
626 631 699 654 nam
714 623 819 655 Silana
836 624 902 654 sato
919 623 1028 655 functa
1045 626 1132 663 erat,
1156 624 1329 665 longinquo
1346 625 1386 656 ab
1402 635 1455 657 ex·

125 665 197 697 silio
214 669 389 698 Tarentum
405 677 558 708 regressa,
577 670 703 702 labante
716 672 781 711 J'am
799 671 989 711 Agrippina,
1006 672 1098 711 cujus
1114 672 1293 703 inimicitiis
1307 673 1456 705 concide-

128 717 199 753 rat,
217 714 267 745 vel
285 715 415 746 tandem
429 715 583 756 mitigata.

168 765 249 792 XIII.
273 763 423 793 cunctari
442 764 474 793 in
505 764 631 804 oppidis
648 765 851 805 Campaniae,
873 773 1023 806 quonam
1047 765 1145 796 modo
1169 765 1288 796 Urbem
1305 767 1457 807 inyrede-

126 811 238 847 retur,
257 818 304 840 cm
320 810 517 850 obsequium
526 814 668 843 senatus
678 836 689 851 ,
714 821 760 843 cm
775 812 893 843 studia
903 812 1014 852 plebis
1028 814 1198 851 reperiret
1208 813 1332 844 anxius.
1346 816 1459 846 contra

126 856 321 887 deterrimus
338 857 472 896 quisque
486 882 494 896 ,
513 867 651 897 quorum
670 868 734 889 non
754 859 814 890 alia
830 860 915 898 regia
939 859 1119 890 soecundior
1142 860 1285 899 exstitit,
1310 863 1458 892 invisum

125 904 327 943 Ayre‘ppmoe
347 912 467 935 nomen
486 907 519 935 ct
541 908 651 938 morte
668 907 741 945 ejus
755 915 938 937 accenseam
952 906 1076 946 populi
1091 907 1252 944 'savorem
1269 907 1431 939 disserunt
1448 917 1456 938 ε

125 952 193 982 iret
208 951 403 990 increpatus
417 953 451 982 ct
463 954 717 983 venerationem
731 956 786 984 sut
800 962 916 984 eoram
933 955 1162 993 experiretur.
1177 953 1272 983 simul
1285 954 1459 994 proeqredi

126 1001 313 1038 exposcunt.
339 1000 371 1029 et
389 1000 606 1039 promptiora,
622 1009 719 1039 quam
737 1000 971 1040 promiserant,
990 1000 1172 1038 inveniunt,
1196 1001 1305 1031 obvias
1334 1001 1458 1042 tribus,

125 1044 208 1076 sesto
225 1045 314 1076 cultu
328 1047 475 1076 senatum
486 1070 493 1084 ‚
512 1047 686 1085 conjugum
704 1056 740 1077 ac
756 1047 931 1078 liberorum
945 1048 1071 1086 agmina
1082 1056 1137 1086 per
1154 1056 1266 1078 sexum
1285 1050 1316 1078 et
1329 1050 1458 1080 aetatem

126 1091 299 1132 disposita,
315 1094 512 1131 exstructos,
530 1102 593 1132 qua
607 1093 793 1133 incederet,
819 1094 1078 1134 spectaculorum
1096 1094 1214 1133 gradus
1232 1094 1259 1132 ¹,
1274 1104 1338 1133 quo
1361 1096 1459 1128 modo

126 1139 284 1179 triumphi
308 1140 470 1170 visuntur.
498 1139 580 1171 Hinc
607 1140 767 1180 superbus
787 1150 824 1171 ac
843 1140 964 1180 publici
992 1140 1117 1171 servitii
1139 1140 1244 1172 victor
1265 1142 1459 1181 Capitolium

125 1185 224 1225 adiit,
239 1189 344 1225 grates
363 1187 513 1225 exsolvit,
526 1196 625 1226 seque
641 1187 673 1217 in
695 1196 809 1218 omnes
825 1187 974 1219 libidines
990 1187 1127 1227 effudit,
1146 1196 1227 1228 quas
1243 1189 1325 1220 male
1344 1191 1460 1222 coerci-

127 1234 176 1263 tas
200 1233 433 1273 qualiscunque
446 1233 560 1265 matris
582 1234 761 1265 reverentia
778 1234 976 1266 tardaverat.

170 1283 249 1311 XIV.
276 1284 374 1311 Vetus
390 1280 435 1311 illi
449 1289 526 1311 cura
542 1282 612 1312 erat
630 1281 793 1313 curriculo
810 1282 815 1299 ¹
837 1281 1069 1322 quadrigarum
1096 1281 1260 1321 insistere,
1278 1291 1338 1314 nec
1352 1283 1460 1315 minus

128 1326 249 1358 soedum
266 1328 413 1358 studium
440 1328 562 1358 cithara
589 1328 751 1359 ludicrum
775 1329 807 1359 in
834 1328 994 1359 modum2
1014 1337 1149 1368 canere,
1176 1338 1276 1368 quum
1295 1334 1458 1362 coenaret:

127 1374 212 1414 quod
229 1377 358 1414 remum
376 1377 409 1405 ct
425 1376 580 1414 antiquis
594 1374 981 1414 d'zccibusfactitatwn³
995 1375 1205 1413 memorabat,
1222 1376 1324 1416 ‘idque
1338 1380 1459 1409 vatum

129 1420 292 1452 [audieus
316 1421 447 1452 celebre
470 1424 503 1452 ez}
529 1421 672 1453 clem-mn
689 1422 810 1454 honori
826 1422 962 1454 datum.
982 1424 1153 1454 enimvero
1170 1424 1293 1454 cantus
1307 1425 1460 1463 Apollini

128 1477 244 1499 sacros
255 1493 262 1507 ‚
290 1469 423 1508 {alique
439 1470 571 1499 ornatu
592 1471 712 1500 astare
723 1493 733 1508 ,
748 1478 816 1501 non
832 1469 934 1500 modo
951 1471 1080 1502 Grcecis
1097 1471 1130 1500 in
1147 1469 1288 1500 urbibus
1302 1494 1309 1509 ,
1324 1470 1383 1501 sed
1396 1474 1461 1503 Ro-

128 1523 235 1546 mana
256 1515 352 1555 apud
379 1515 510 1554 templa
535 1524 664 1546 numen
684 1518 902 1556 prcece'pzcum
926 1518 958 1547 et
981 1518 1178 1556 prcescimn.
1204 1520 1269 1547 Nec
1297 1517 1364 1555 jam
1391 1518 1461 1550 sisti

129 1565 271 1602 poterat,
295 1571 396 1601 quum
411 1565 539 1593 Senecae
552 1570 589 1593 ac
605 1567 705 1593 Burro
722 1562 827 1593 visum
839 1587 847 1601 ‚
864 1572 904 1594 ne
922 1564 1058 1602 utraque
1074 1563 1276 1602 pervinceret
1289 1563 1314 1601 ⁴,
1325 1564 1460 1595 alterum

130 1610 314 1641 concedere.
330 1610 540 1649 clausumque
553 1610 636 1640 valle
648 1610 800 1641 Vaticana
817 1610 971 1649 spatium,
984 1609 1017 1640 in
1031 1619 1096 1649 quo
1110 1618 1209 1648 equos
1227 1613 1360 1649 regeret,
1375 1610 1462 1642 haud

130 1657 315 1697 promiscuo
331 1657 526 1696 spectaculo
549 1665 622 1686 mox
639 1656 723 1687 ultro
737 1657 747 1674 ⁵
766 1656 873 1687 vocari
889 1656 1026 1696 populus
1042 1660 1206 1687 Romanus
1217 1680 1225 1694 ‚
1245 1657 1461 1697 laudibusque

130 1704 297 1743 extollere,
315 1705 350 1734 ut
365 1705 414 1734 est
428 1704 541 1743 vulgus
554 1704 690 1743 cupiens
707 1704 912 1744 voluptatum
933 1705 983 1742 et,
998 1703 1025 1733 si
1040 1702 1152 1733 eodem
1168 1702 1320 1743 Princeps
1334 1704 1459 1742 trabat,

130 1751 252 1782 laetum.
272 1752 423 1781 Ceterum
441 1750 610 1789 evulgatus
627 1750 731 1789 pudor
748 1760 811 1781 non
827 1750 1008 1781 satietatem
1020 1774 1028 1788 ‚
1048 1753 1082 1779 ut
1101 1749 1264 1788 rebantur,
1277 1750 1330 1780 sed
1347 1750 1462 1782 incita-

131 1801 278 1830 mentum
297 1797 416 1828 attulit.
435 1800 523 1828 ratus
541 1797 679 1828 dedecus
692 1796 811 1828 molliri
825 1821 833 1836 ‚
851 1797 878 1827 si
895 1797 1002 1836 plures
1018 1796 1177 1835 foedasset,
1194 1797 1350 1827 nobilium
1368 1797 1462 1828 fami-

132 1846 249 1877 liarum
268 1846 412 1884 posteros
429 1846 569 1883 egestate
589 1845 716 1875 venales
729 1844 762 1874 in
775 1852 905 1874 scenam
922 1843 1057 1874 deduxit
1074 1853 1080 1873 :
1100 1852 1180 1883 quos
1196 1843 1261 1874 fato
1276 1844 1462 1883 perfunctos

132 1901 171 1923 ne
187 1892 377 1923 nominatim
396 1891 522 1921 tradam
534 1915 542 1929 ,
558 1890 735 1930 majoribus
752 1899 865 1921 eorum
885 1890 1094 1921 tribuendum
1112 1893 1209 1930 puto3
1233 1894 1263 1921 et
1286 1891 1353 1930 ejus
1377 1891 1462 1930 flagi-

132 1940 214 1970 tium
232 1942 302 1977 est,
326 1938 381 1979 qui
408 1938 578 1978 pecuniam
596 1938 637 1969 ob
654 1937 772 1969 delicta
796 1937 902 1977 potius
931 1937 1020 1968 dedit
1038 1946 1135 1977 quam
1160 1946 1199 1968 ne
1225 1937 1460 1976 delinquerent.

132 1988 227 2018 notos
243 1995 372 2025 (pioque
387 1986 515 2025 Equites
529 1989 689 2016 Romanos
705 1993 819 2024 operas
836 1992 941 2014 arenae
957 1984 1145 2024 promittere
1167 1983 1291 2022 subegit
1308 1982 1401 2014 donis
1418 1984 1462 2014 in-

131 2033 293 2073 gentibus,
310 2032 368 2063 nisi
385 2032 470 2072 quod
481 2040 601 2062 merces
612 2031 652 2062 ab
667 2030 907 2070 e0,quijubere
923 2032 1043 2069 potest,
1059 2031 1126 2060 vim
1138 2029 1338 2060 necessitatis
1355 2030 1459 2060 affert.

176 2084 239 2110 XV.
266 2084 310 2110 Ne
335 2082 444 2110 tamen
470 2079 577 2110 adhuc
602 2079 729 2119 publico
755 2078 881 2109 theatro
909 2076 1185 2111 dehonestaretur,
1210 2075 1349 2106 instituit
1369 2074 1462 2105 ludos

128 2127 352 2167 juvenaltam
375 2126 532 2157 vocabulo
549 2126 572 2167 ¹,
590 2127 623 2157 in
640 2135 723 2166 quos
739 2125 858 2165 passim
875 2123 1008 2155 nomina
1020 2123 1096 2154 data
1112 2132 1119 2153 :
1138 2131 1203 2153 non
1219 2122 1369 2153 nobilitas
1392 2121 1461 2152 cui-

135 2207 186 2225 -ει,
201 2202 362 2225 {nanim—3.
378 2202 406 2225 V.
422 2202 482 2230 XII,
496 2206 589 2225 22.-4.
606 2202 637 2224 V.
651 2201 721 2228 XIII,
739 2206 765 2224 ¹9
777 2201 804 2224 et
817 2205 856 2223 22.

164 2237 234 2261 XIII.
252 2242 271 2259 ι.
291 2237 368 2264 Loca,
384 2242 413 2260 ex
433 2237 530 2266 quibus
549 2237 696 2265 spectetur,
714 2241 761 2265 per
779 2234 876 2264 gradus
889 2235 1004 2258 structa.
1019 2233 1143 2257 ceterum
1161 2231 1205 2255 alii
1219 2232 1370 2261 scriptores
1385 2231 1463 2256 male-

138 2267 211 2291 dicta
229 2272 336 2295 quoque
352 2267 379 2289 et
393 2267 515 2289 convicia
527 2266 665 2289 hominum
680 2265 839 2289 Neronianis
853 2270 900 2293 per
912 2263 977 2286 illud
990 2264 1041 2287 iter
1056 2262 1145 2285 oblatu
1162 2267 1220 2284 esse
1234 2262 1355 2284 narrant.

166 2302 231 2325 XIV.
249 2307 266 2324 ι.
282 2302 332 2324 Pro
344 2302 458 2328 currui,
473 2303 503 2324 ut
516 2301 580 2324 alibi
592 2300 701 2330 quando
717 2300 830 2323 deludis
846 2298 1002 2328 egum-2.
1017 2298 1050 2321 Ut
1063 2298 1090 2320 in
1103 2296 1172 2319 ludis
1186 2299 1213 2320 et
1227 2295 1390 2324 spectaculis
1403 2295 1462 2334 lieri

136 2336 215 2365 solet,
230 2341 283 2359 non
300 2337 328 2359 ut
343 2337 368 2359 in
383 2336 566 2359 oblectatione
583 2336 792 2360 domesticasic
807 2334 928 2358 ludicroe
939 2334 1017 2356 artes
1032 2338 1058 2355 c.
1075 2336 1166 2355 IG-—5.
1179 2332 1209 2356 Ul
1223 2331 1338 2359 Herculi,
1355 2330 1461 2360 Achilli,

136 2371 303 2401 principibus
318 2371 408 2394 inultis
424 2372 540 2400 Graeciae‚
555 2373 618 2400 post
632 2377 735 2395 coenam
752 2370 823 2394 inter
837 2373 963 2393 suos—⁴.
979 2368 1009 2391 VI
1021 2367 1159 2392 obtineret
1173 2368 1327 2396 utrumque,
1342 2367 1369 2390 et
1385 2367 1461 2389 auri-

139 2407 220 2436 gandi
230 2408 257 2430 et
268 2406 384 2430 cauendi
397 2406 598 2430 libidinem—3.
614 2407 695 2434 Quasi
707 2406 790 2434 dicas,
809 2404 921 2428 uIterius
934 2402 1144 2433 progrediendo.
1355 2435 1360 2440 .

167 2442 219 2465 XV.
236 2447 256 2465 ι.
271 2443 308 2465 Eo
321 2443 444 2471 tempore
458 2447 510 2470 quo
533 2440 646 2465 barbam
661 2441 777 2471 primum
791 2439 897 2469 pnsum
910 2439 994 2463 etiam
1007 2438 1121 2468 privatis
1139 2437 1202 2461 testi
1220 2436 1363 2461 domestIci
1378 2440 1459 2460 occa-
