1539 2668
488 164 529 192 Α.
550 160 808 192 ῐ];’.0..,8]σ.,Α.
831 168 868 191 υ.
892 168 947 192 σε.
1017 160 1020 161 ’
1326 165 1413 198 239»“

91 239 206 271 zxissvss
232 237 319 269 Inter
334 236 526 277 quaeyveris
538 234 702 276 vprincipio
712 258 722 274 ,
741 234 836 275 legati
853 234 1046 266 Part-horum
1063 234 1218 268 mandata
1229 237 1312 278 regis
1324 242 1390 272 Vo-

55 284 376 327 logesis·litterasque
390 284 421 315 in
439 283 574 315 eandem
592 283 730 314 formam
748 282 755 299 ¹
776 282 935 314 attulere:
956 295 971 309 «
988 291 1023 321 se
1042 282 1150 322 priora
1175 285 1207 316 et
1228 286 1323 318 toties
1343 286 1391 327 ja,-

58 347 75 363 «
91 331 483 373 etatwsuperobtinenda
498 330 650 362 Armenia
674 338 762 361 nunc
785 330 950 369 omittere,
972 330 1124 370 quoniam
1150 330 1214 371 dii,
1241 334 1391 372 quamvis

57 394 74 411 «
90 380 273 422 potentium
290 379 487 420 populorum
505 378 638 415 arbitri,
656 377 899 418 possessionem
914 377 1037 409 Parthis
1053 387 1115 409 non
1132 378 1200 410 sine
1214 379 1392 420 ignominia
1412 397 1413 400 κ

58 441 74 457 «ι
90 432 237 461 Romana
248 427 468 460 tradidissent.
488 435 589 467 nuper
604 426 753 457 clausum
766 426 922 465 Tigranen
938 428 1031 466 ;post
1050 428 1171 457 Paetum
1188 427 1392 470 legionesque

58 489 74 504 a
90 484 195 516 quum
207 474 396 515 opprimere
421 475 546 514 posset,
571 473 752 505 incolumes
777 473 950 504 dimisisse.
972 473 1050 504 satis
1069 474 1281 514 approbatam
1297 477 1391 518 vim;

58 536 74 551 κ
91 523 204 555 datum
217 521 410 553 et11enitatis
423 521 692 561 experimentum.
709 529 769 552 nec
788 523 1012 551 recusaturum
1027 521 1194 552 Tiridaten
1205 522 1393 563 accipiendo

58 583 74 598 «
90 569 315 602 diadematiin
336 569 454 600 Urbem
471 569 603 609 venire,
626 568 688 600 nisi
711 568 882 599 sacerdotii
910 568 1061 605 religione
1082 569 1310 601 attineretur2.
1332 571 1396 604 itu-

58 629 73 643 «
90 626 164 649 rum
181 616 222 647 ad
235 616 325 656 signa
339 618 370 647 et
385 616 506 656 effigies
519 616 696 657 Principis,
725 615 779 647 ubi
806 615 988 655 legionibus
1010 624 1118 647 coram
1136 625 1272 657 regnum
1286 617 1393 660 auspi-

57 676 73 690 «
88 666 257 695 caretur.»

97 713 191 742 XXV.
218 709 349 741 Talibus
364 710 530 750 Vologesis
546 710 682 749 litteris,
699 709 776 749 quia
798 712 906 741 Paetus
922 709 1050 741 diversa
1068 713 1222 750 tanquam
1238 711 1336 744 rebus
1351 712 1397 745 in-

55 756 155 798 tegris
169 757 332 789 scribebat
345 781 354 796 ‚
372 757 590 797 interrogatus
614 758 781 794 centurio,
802 757 857 796 qni
876 766 950 788 cum
971 757 1083 793 legatis
1102 759 1300 800 advenerat,
1330 768 1397 801 quo

57 805 206 836 mstacu
222 805 383 836 Armenta
401 806 514 835 esset?
530 813 646 835 omnes
662 804 743 835 inde
762 806 928 835 Romanos
943 807 1120 835 excessisse
1138 806 1314 846 respondit.
1327 808 1399 838 tum

57 851 224 884 intellecto
253 851 465 882 barbarorum
495 851 605 888 irrisu,
634 851 692 891 qui
719 853 865 890 peterent
892 851 978 890 qnod
1003 852 1208 892 erimwrant,
1233 852 1400 885 consuluit

55 897 141 931 inter
151 898 308 939 primores
318 898 462 929 civitatis
475 902 570 937 Nero,
585 898 715 929 bellum
728 906 852 937 (inceps
867 906 911 928 an
929 907 1003 937 pax
1018 898 1199 930 inhonesta
1212 901 1399 940 placeret?

56 953 117 978 nec
129 945 315 977 dubitatum
332 945 373 976 de
388 945 482 976 bello.
502 947 532 975 et
548 944 688 977 Corbulo
700 968 708 984 ,
732 947 781 975 tot
799 954 854 984 per
868 954 970 975 annos
986 945 1125 976 militum
1142 949 1242 986 atque
1256 947 1401 979 hostium

56 1001 177 1033 gnarus
190 1017 200 1033 ,
225 993 374 1033 gerendae
390 993 434 1024 rei
451 992 640 1032 praeficitur,
659 1001 699 1023 ne
717 993 811 1032 eujus
826 992 961 1023 alterins
986 992 1114 1023 inscitia
1140 1003 1270 1025 rursum
1287 1003 1399 1035 pecca-

57 1042 159 1081 retur,
175 1040 251 1080 quia
268 1040 346 1071 Paeti
363 1039 524 1080 piguerat.
555 1039 653 1079 igitur
677 1039 764 1070 irriti
790 1040 1012 1077 remittuntur,
1056 1049 1130 1070 cum
1155 1040 1251 1072 donis
1271 1042 1399 1083 tanienf,

58 1087 144 1119 unde
160 1096 234 1128 spes
251 1087 343 1118 fieret
366 1096 432 1118 non
458 1087 581 1118 frustra
608 1085 720 1118 eadem
745 1089 914 1118 oraturum
933 1086 1118 1127 Tiridaten,
1145 1088 1170 1119 si
1196 1097 1309 1129 preces
1334 1089 1403 1129 ipse

58 1135 232 1167 attulisset.
262 1134 427 1174 Syriaeque
454 1134 644 1165 exsecutio¹
667 1133 801 1173 Cincio,
828 1135 929 1174 copiae
956 1135 1114 1165 militares
1142 1135 1317 1168 Corbuloni
1331 1144 1403 1177 per-

58 1181 182 1221 missae3
198 1183 230 1213 et
241 1181 488 1221 ,quintadecima
505 1181 588 1220 legio
605 1181 745 1212 ducente
758 1181 860 1212 Mario
883 1182 974 1212 Celso
989 1191 1006 1212 c
1022 1183 1187 1214 Pannonia
1203 1183 1328 1223 adjecta
1340 1183 1401 1216 est.

59 1228 398 1260 scribiturtetrarcliis
415 1236 453 1259 ac
471 1227 600 1267 regibus
614 1228 845 1268 praefectisque
860 1231 891 1259 et
916 1229 1181 1267 procuratoribus
1198 1231 1231 1261 et
1250 1230 1307 1270 qui
1322 1239 1402 1271 prae·

60 1278 168 1307 torum
193 1275 347 1306 finitimas
370 1275 554 1315 provincias
569 1274 740 1314 regebant,
752 1274 863 1314 jussis
886 1275 1088 1306 Corbulonis
1104 1276 1260 1318 obsequi,
1278 1277 1312 1308 in
1330 1278 1401 1309 tan—

62 1325 131 1354 tum
149 1323 249 1354 ferme
277 1323 409 1354 modum
435 1324 530 1353 ancta
547 1324 722 1362 potestate,
744 1321 864 1361 quem²
886 1323 1026 1361 populns
1043 1328 1207 1355 Romanus
1231 1328 1287 1355 Cn.
1307 1329 1404 1356 Pom-

61 1369 134 1410 peio
150 1370 270 1401 bellum
289 1370 457 1409 piraticum
475 1371 605 1408 gesturo
621 1369 767 1400 dederat.
784 1374 973 1406 Regi-essum
992 1373 1127 1408 Paetum,
1141 1380 1243 1410 quum
1255 1371 1402 1411 graviora

62 1417 238 1455 metueret,
262 1416 389 1448 facetiis
415 1416 566 1447 insectari
583 1416 662 1447 satis
689 1416 803 1447 babuit
821 1421 938 1454 (la-sar,
969 1417 1017 1446 liis
1047 1418 1145 1447 terme
1162 1418 1286 1456 verbis,
1311 1420 1402 1459 iquo-

62 1471 154 1495 soere
175 1472 209 1495 se
229 1465 374 1503 statim,
405 1472 446 1495 ne
463 1466 542 1503 tam
550 1465 738 1504 promptus
760 1465 795 1495 in
807 1472 977 1504 pavorem
995 1464 1145 1503 lonyiorc
1168 1465 1403 1498 sollicitudine

65 1513 278 1551 cem-esceret.

104 1561 212 1590 XXVI.
239 1560 280 1589 At
301 1557 442 1589 Corbulo
470 1561 585 1598 quarta
613 1559 646 1589 et
675 1557 869 1589 duodecima
896 1557 1094 1597 legionibus,
1121 1567 1195 1598 quae
1226 1558 1405 1591 fortissimo

64 1614 192 1646 quoque
209 1605 328 1637 amisso
344 1609 376 1637 et
401 1606 518 1637 ceteris
540 1605 704 1637 exterritis
724 1614 836 1645 parum
864 1605 985 1635 habitos
1009 1606 1119 1644 pro-lio
1142 1605 1350 1646 videbantur,
1369 1607 1403 1638 in

64 1653 187 1693 Syriam
205 1653 369 1684 translatis
382 1678 390 1691 ,
415 1657 539 1684 sextam
558 1653 634 1684 inde
650 1662 688 1684 ac
705 1653 834 1684 tertiam
855 1653 997 1689 legioni-s
1012 1677 1018 1691 ,
1043 1654 1203 1689 initurum
1224 1653 1361 1685 militem
1373 1656 1406 1686 et

65 1700 185 1732 crebris
198 1708 236 1731 ac
249 1700 411 1740 prosperis
429 1700 596 1732 laboribus
612 1701 791 1731 exercitum
805 1723 813 1738 ‚
840 1700 873 1730 in
893 1701 1074 1731 Armeniam
1097 1700 1197 1731 ducii.
1215 1701 1405 1741 addiditque

65 1748 223 1788 legionem
246 1747 414 1787 quintam,
438 1757 512 1787 quat
528 1757 585 1788 per
611 1750 750 1779 Pontum
769 1756 867 1785 agens
893 1758 1007 1787 expers
1034 1748 1136 1777 cladis
1157 1747 1279 1788 suerat,
1306 1748 1405 1780 simul

67 1794 366 1834 quintadecimanos
394 1803 507 1826 recens
531 1794 691 1826 adductos
706 1819 714 1834 ,
742 1797 772 1826 et
793 1795 913 1825 vexilla
940 1795 1138 1824 dela-ciorum
1159 1803 1196 1825 ex
1216 1795 1345 1835 Illyrico
1372 1798 1405 1828 et

68 1843 216 1881 AEgypto,
232 1841 385 1881 quodque
402 1843 524 1873 alarum
542 1842 791 1881 cohortiumque
803 1867 812 1881 ,
837 1846 868 1872 et
891 1843 1010 1872 auxilia
1033 1852 1143 1880 regum
1163 1842 1197 1873 in
1214 1852 1316 1874 unum
1330 1852 1405 1875 con-

67 1888 166 1920 ducta
180 1888 264 1928 apud
283 1889 482 1926 Melitenen,
502 1898 566 1928 qua
582 1890 804 1919 transmittere
824 1890 1005 1928 Euphraten
1018 1890 1169 1928 >pm-nbat.
1199 1892 1268 1920 tum
1289 1890 1406 1921 lustra—

69 1936 141 1966 tum
159 1934 243 1966 rite¹
261 1935 442 1966 exercitum
459 1935 497 1967 ad
516 1936 704 1966 concionem
724 1938 817 1965 vocat
835 1936 1026 1974 entitur-qne
1043 1935 1213 1973 magnifica
1227 1935 1267 1967 de
1286 1938 1404 1977 auspi-

69 1982 131 2013 ciis
160 1983 392 2022 imperatoriis
424 1983 591 2023 rebusque
620 1991 643 2014 a
670 1991 704 2013 se
730 1984 854 2022 pestis,
881 1982 1015 2012 adversa
1052 1984 1085 2012 in
1113 1984 1288 2014 inscitiam
1314 1986 1405 2016 Pceti

70 2028 255 2069 declinans,
277 2029 379 2061 multa
399 2030 606 2069 auctoritate,
624 2038 697 2069 quae
712 2030 781 2060 viro
799 2030 931 2059 militar>
953 2038 1010 2068 pro
1029 2030 1177 2060 facundia
1197 2032 1277 2061 erat.

110 2080 233 2109 XXVII.
250 2081 326 2108 Mox
341 2077 403 2108 iter
416 2081 450 2108 L.
462 2077 595 2109 Lucullo
608 2077 772 2118 quondam
790 2080 994 2116 penetratum
1009 2077 1014 2093 ¹
1032 2077 1152 2116 apertis
1166 2085 1240 2118 quae
1256 2077 1404 2109 vetustas

99 2183 195 2207 xxw.
208 2188 228 2207 ι.
242 2183 368 2213 Ejusdem
382 2183 534 2212 sententiae,
546 2183 624 2212 cujus
640 2183 720 2206 erant
732 2182 870 2206 mandata.
882 2187 942 2206 -2.
956 2183 1089 2206 Tiridates
1104 2184 1164 2207 erat
1179 2183 1284 2214 MaguS‚
1300 2184 1400 2214 quibus

73 2223 149 2242 mare
159 2220 282 2242 sanctum
297 2218 449 2242 habebatur
463 2225 468 2242 :
481 2219 622 2248 nrwifflzre
642 2219 788 2245 noluerat,
813 2219 949 2247 (sitoniam
970 2225 1108 2248 eoespuere
1123 2220 1152 2242 ῑη
1167 2220 1265 2243 maria
1279 2220 1404 2249 aliisque

72 2253 242 2278 mortalium
261 2254 476 2279 necessitatibus
490 2255 602 2278 violare
621 2260 683 2278 eam
705 2256 856 2283 naturam,
870 2260 941 2283 magi
950 2255 1000 2283 sas
1016 2260 1071 2278 71on
1084 2256 1200 2283 putant,
1216 2255 1316 2279 Plinius
1327 2255 1402 2280 Hist.

72 2287 229 2317 nat.Xxx,
245 2293 268 2318 2,
284 2287 296 2319 S
311 2294 333 2313 e.

107 2323 191 2347 XXV.
209 2329 228 2347 ι.
244 2324 466 2352 Administratioe
480 2324 653 2354 syrianorum
663 2325 837 2354 negotiorum
851 2325 1052 2349 exsecutio—2».
1067 2326 1108 2348 Scv
1125 2325 1234 2348 modum
1246 2325 1401 2355 potestatis.

77 2359 118 2382 De
134 2364 164 2382 re
179 2358 252 2383 conf.
267 2359 402 2383 Plutarch.
415 2364 438 2383 c.
453 2365 490 2388 40,
505 2360 661 2383 Ciceronem
680 2360 706 2383 iu
717 2360 849 2384 Oratione
863 2366 911 2389 pro
928 2360 985 2389 lege
1003 2361 1121 2383 Manilia.

103 2392 197 2416 XXVI.
214 2394 305 2418 ¹-Haec
321 2394 447 2419 lustratio
460 2395 545 2419 fiebat
558 2401 642 2419 suove
654 2394 806 2425 taurilibu5‚
821 2395 855 2419 de
867 2395 965 2425 quibus
976 2395 1053 2421 alibi.
1068 2395 1165 2426 Livius,
1180 2397 1200 2426 1,
1215 2400 1253 2420 4¹.

103 2428 209 2453 xxvu.
226 2435 246 2454 ι.
269 2431 300 2454 A.
316 2430 349 2455 U.
361 2435 414 2460 685,
428 2430 457 2455 in
475 2430 548 2456 bello
567 2431 762 2456 Mithridatico.
