1539 2668
78 176 144 207 300
465 169 598 199 TACl'rl
621 167 900 199 HISTORIARUM
921 167 996 197 LIB.
1019 167 1045 196 1.

83 263 102 278 ιι
119 256 200 290 quas
226 245 352 278 mentes
376 243 608 285 imprecemur,
631 241 708 284 quid
725 241 811 274 aliud
828 250 927 282 quam
953 240 1145 273 seditionem
1168 240 1200 272 et
1221 239 1421 273 discordiam

85 309 101 323 ι(
118 294 302 335 optabunt?
317 291 329 310 ²
356 300 397 323 ne
415 291 506 323 miles
524 289 724 329 centurioni,
745 297 786 321 ne
801 288 947 321 centurio
964 287 1097 319 tribuno
1115 288 1327 327 obsequatur,
1345 287 1422 320 hinc

84 356 102 371 «
119 341 242 374 confusi
269 340 393 381 pedites
406 339 597 380 equitesque
613 337 645 368 in
663 335 799 368 exitium
824 338 982 368 ruamus?
1008 335 1153 376 parendo
1176 334 1284 375 potius
1298 359 1307 374 ‚
1334 342 1424 366 com·

84 403 102 418 «
120 389 284 421 militones
296 413 304 427 ,
332 396 431 428 quam
456 385 592 426 imperia
607 384 728 416 ducum
745 383 941 416 sciscitando
958 392 1007 415 res
1031 383 1187 414 militares
1207 382 1423 414 continentur.

84 450 101 465 n
120 439 153 469 et
176 436 369 468 fortissimus
395 435 429 465 in
460 434 529 474 ipso
553 432 745 464 discrimine
776 431 938 464 exercitus
966 434 1032 471 est,
1063 431 1118 471 qui
1148 432 1223 462 ante
1251 429 1424 461 discrimen

85 496 103 511 «
121 480 456 524 quietissimus.vobis
472 489 561 512 arma
575 481 607 512 et
620 479 747 511 animus
763 480 806 512 sit
825 490 832 510 :
847 479 927 511 mihi
939 478 1107 510 consilium
1122 481 1154 510 et
1166 477 1299 509 virtutis
1309 478 1425 508 vestrae

86 545 102 560 «
121 532 262 572 regimen
293 529 475 569 relinquite.
507 536 686 569 paucorum
710 527 806 568 culpa
828 527 913 565 suit,
937 526 1077 557 duorum
1104 534 1199 566 poena
1225 525 1308 556 erit:
1326 523 1425 556 ceteri

84 592 103 606 «
120 579 246 609 abolete
264 576 452 608 memoriam
477 575 665 607 foedissimae
681 574 800 606 noctis.
828 583 885 605 nec
903 573 973 604 illas
991 573 1148 605 adversus
1165 575 1313 604 senatum
1329 579 1426 603 voces

85 638 103 652 α
120 625 206 657 ullus
226 633 369 664 unquam
385 623 546 655 exercitus
559 622 679 654 audiat.
708 623 807 662 caput
826 621 974 661 imperii³
996 623 1027 652 et
1051 621 1167 652 decora
1185 619 1332 651 omnium
1352 627 1424 659 pro·

84 684 104 700 «
120 672 302 703 vinciarum
317 671 356 702 ad
371 679 496 711 paenam
517 679 633 701 vocare
654 678 720 701 non
737 669 845 700 hercle
862 669 920 707 illi,
939 676 1021 708 quos
1036 667 1259 698 cummaxime
1275 665 1425 697 Vitellius

84 732 101 746 ιι
120 719 152 750 in
169 728 227 750 nos
244 719 325 758 ciet,
342 718 490 750 Germani
507 717 657 749 audeant.
681 716 779 747 ulline
795 716 896 747 ltaliae
914 715 1037 746 alumni
1060 717 1092 746 et
1120 718 1264 745 Romana
1281 722 1357 744 vere
1371 713 1424 752 ju·

85 780 102 794 «
123 769 242 798 ventus
259 766 298 798 ad
313 765 502 806 sanguinem
520 766 551 796 et
566 764 688 795 caedem
703 763 954 803 depoposcerint
971 762 1131 801 ordinem,
1149 760 1243 799 cujus
1258 759 1426 801 splendore

84 828 101 838 «
120 816 151 845 et
166 815 267 853 gloria
284 814 396 845 sordes
411 816 443 845 et
459 812 692 844 obscuritatem
709 811 953 842 Vitellianarum
970 809 1111 851 partium
1128 808 1386 849 praestringimus
1397 808 1428 840 ⁴?

86 874 103 888 «
122 862 269 893 nationes
285 861 411 901 aliquas
421 860 594 900 occuparit
607 858 945 898 Vitellius,imaginem
957 856 1119 897 quandam
1132 856 1292 888 exercitus
1308 855 1425 887 habet:

85 920 102 935 ιι
121 910 256 938 senatus
274 908 444 939 nobiscnm
467 910 524 938 est.
538 906 585 937 sic
603 906 636 936 lit
653 909 687 936 ut
705 906 781 936 binc
801 904 1002 944 respublica,
1020 904 1096 934 inde
1113 903 1222 934 hostes
1238 902 1429 943 reipublicae

85 968 102 982 ss
127 955 344 985 constiterint.
364 954 465 994 quid?
486 962 543 984 vos
559 953 809 993 pulcherrimam
826 952 908 983 lianc
931 951 1049 983 Urbem
1068 950 1219 981 domibus
1239 951 1270 981 et
1291 950 1380 981 tectis
1397 952 1429 982 et

85 1014 102 1029 «ι
126 1004 278 1040 congestu
296 1001 439 1041 lapidum
465 1003 551 1031 stare
571 999 724 1031 creditis?
748 1001 839 1030 muta
860 999 922 1030 isla
947 1001 978 1030 et
1001 997 1144 1029 inanima
1170 997 1368 1028 intercedere
1391 1005 1429 1028 ac

83 1061 102 1076 ι(
126 1048 267 1088 reparari
289 1049 470 1088 promiscua
493 1050 570 1078 sunt
596 1047 606 1064 ⁵
627 1056 635 1076 ε
666 1047 834 1077 aeternitas
859 1055 966 1077 rerum
991 1047 1024 1077 et
1048 1054 1109 1085 pax
1133 1044 1277 1083 gentium
1302 1047 1333 1075 et
1355 1052 1426 1076 mea

84 1109 101 1124 «
125 1105 201 1127 cum
219 1098 325 1127 vestra
341 1096 428 1126 salus
445 1094 669 1125 incolumitate
685 1096 820 1125 senatus
838 1093 997 1124 firmatur.
1015 1092 1102 1123 bunc
1116 1092 1285 1131 auspicato
1304 1091 1315 1109 ⁶
1336 1100 1354 1122 a
1372 1100 1427 1131 pa-

84 1157 100 1171 «
126 1145 217 1175 rente
232 1146 264 1174 et
283 1143 449 1174 conditore
465 1142 561 1174 Urbis
578 1145 699 1172 nostrae
714 1141 903 1172 institutum
920 1141 952 1171 et
973 1149 991 1170 a
1016 1139 1145 1179 regibus
1163 1148 1265 1179 usque
1282 1138 1320 1170 ad
1338 1137 1428 1169 Prin-

85 1206 102 1220 «
126 1192 216 1231 cipes
246 1190 439 1222 continuum
456 1195 488 1220 et
505 1188 724 1220 immortalem
739 1188 827 1219 sicut
843 1197 862 1219 a
883 1185 1061 1227 majoribus
1080 1186 1285 1226 accepimus,
1307 1185 1354 1216 sic
1370 1194 1428 1226 po·

86 1252 102 1266 «ι
127 1238 412 1271 ster-istradamuS.
426 1245 500 1268 nam
519 1239 555 1269 ut
572 1245 611 1268 ex
626 1236 720 1268 vobis
734 1235 969 1275 senatores,ita
982 1243 1019 1265 ex
1037 1233 1244 1266 senatoribus
1262 1233 1429 1274 Principes

85 1300 100 1313 κ
126 1287 318 1318 nascuntur.
345 1298 359 1312 »ι

127 1336 277 1365 LXXXV.
297 1334 334 1364 Et
351 1332 455 1363 oratio
473 1331 514 1362 ad
535 1331 804 1372 perstringendos
820 1329 1074 1369 mulcendosque
1087 1328 1228 1359 militum
1247 1327 1373 1359 animos
1397 1333 1429 1362 et

85 1381 270 1413 severitatis
288 1381 404 1411 modus
419 1382 537 1420 (neque
554 1379 640 1410 enim
666 1379 697 1409 in
720 1379 825 1418 plures
844 1386 941 1417 quam
965 1377 998 1407 in
1021 1376 1105 1407 duos
1127 1374 1339 1407 animadverti
1357 1374 1428 1413 jus-

85 1428 188 1467 serat)
210 1430 301 1467 grate
316 1430 448 1468 accepta
460 1453 468 1467 ,
489 1425 729 1466 compositIque
746 1425 783 1456 ad
803 1433 945 1465 praesens
959 1423 1014 1464 qui
1031 1423 1170 1455 coerceri
1187 1431 1251 1453 non
1269 1422 1432 1462 poterant2

84 1484 150 1506 non
176 1477 285 1506 tamen
314 1476 405 1514 quies
427 1475 522 1506 Urbis
550 1473 690 1504 redierat
712 1482 719 1502 :
745 1473 901 1512 strepitus
931 1471 1071 1503 telorum
1095 1473 1127 1502 et
1149 1470 1245 1501 facies
1271 1469 1367 1508 belli,
1396 1468 1428 1500 et

84 1522 256 1561 militibus,
274 1524 307 1552 ut
324 1522 404 1552 nibil
421 1522 452 1552 in
469 1529 642 1552 commune
655 1520 877 1558 turbantibus,
899 1519 942 1549 ila
960 1518 1079 1558 sparsis
1095 1527 1151 1558 per
1167 1518 1283 1548 domos
1296 1515 1425 1548 occuito

88 1568 200 1600 babitu
231 1570 255 1609 ¹,
279 1572 312 1600 et
335 1569 476 1608 maligna
494 1576 571 1599 cura
593 1567 626 1598 in
649 1576 762 1598 omnes
785 1574 867 1606 quos
891 1565 1046 1596 nobilitas
1065 1566 1121 1595 aut
1144 1573 1219 1603 opes
1241 1565 1297 1594 aut
1320 1563 1428 1602 aliqua

84 1616 225 1653 insignis
260 1615 417 1646 claritudo
448 1615 633 1646 rumoribus
663 1614 835 1653 objecerat.
860 1612 1051 1644 Vitellianos
1073 1619 1205 1651 quoque
1229 1610 1348 1641 milites
1372 1618 1426 1641 ve-

83 1663 174 1693 nisse
199 1662 231 1692 in
256 1662 374 1693 Urbem
399 1662 437 1692 ad
469 1662 576 1692 studia
600 1661 742 1701 partium
768 1660 931 1691 noscenda
955 1659 1102 1699 plerique
1129 1657 1318 1688 credebant.
1342 1658 1430 1688 unde

84 1710 178 1750 plena
201 1709 309 1739 omnia
326 1708 573 1748 suspicionum,
597 1711 629 1739 et
654 1707 710 1738 vix
733 1710 856 1739 secreta
887 1707 1045 1737 domuum
1068 1706 1137 1736 sine
1166 1704 1347 1735 formidine.
1371 1704 1428 1736 sed

86 1757 267 1796 plurimum
284 1755 510 1794 trepidationis
523 1756 555 1785 in
570 1754 702 1794 publico
714 1779 723 1794 ,
740 1757 776 1785 ut
793 1762 959 1794 quemque
977 1752 1132 1784 nuntium
1148 1752 1232 1782 sama
1250 1751 1428 1792 attulisset,

86 1803 234 1833 animum
261 1802 455 1841 vultumque
482 1802 670 1840 conversis,
698 1810 739 1833 ne
768 1801 914 1831 diffidere
943 1800 1052 1831 dubiis
1078 1808 1116 1830 ac
1146 1807 1261 1839 parum
1287 1798 1428 1837 gaudere

87 1846 252 1890 prosperis
267 1849 466 1880 viderentur.
485 1853 597 1880 coacto
611 1858 687 1880 vero
702 1850 733 1880 in
749 1848 872 1879 curiam
889 1849 1000 1879 senatu
1020 1846 1139 1877 arduus
1156 1854 1265 1877 rerum
1280 1845 1427 1876 omnium

88 1896 207 1927 modus
226 1896 251 1936 ²,
271 1906 310 1928 ne
324 1897 499 1928 contumax
518 1896 684 1928 silentium
699 1919 707 1934 ‚
724 1905 763 1927 ne
779 1896 932 1935 suspecta
950 1894 1090 1925 libertas.
1114 1895 1146 1924 et
1162 1893 1290 1933 privato
1307 1893 1427 1923 Othoni

86 1951 192 1983 nuper
205 1945 303 1983 atque
319 1944 434 1975 eadem
450 1944 575 1975 dicenti
592 1945 670 1974 nota
687 1942 841 1974 adulatio.
862 1941 962 1982 igitur
975 1949 1104 1972 versare
1123 1940 1298 1971 sententias
1315 1942 1347 1970 et
1363 1939 1427 1970 buc

87 1992 187 2030 atque
204 1991 279 2022 illuc
298 1994 465 2032 torquere,
491 1991 620 2023 hostem
638 1993 671 2023 et
693 1990 914 2031 parricidam
935 1988 1101 2020 Vitellium
1120 1990 1276 2018 vocantes
1290 2011 1298 2026 ‚
1317 1986 1425 2026 provi—

88 2037 302 2069 dentissimus
319 2038 456 2079 quisque
472 2038 664 2078 vulgaribus
678 2037 854 2077 conviciis3
875 2036 1008 2077 quidam
1025 2044 1102 2067 vera
1116 2034 1234 2075 probra
1245 2034 1354 2073 jacere
1366 2056 1374 2070 ‚
1391 2032 1424 2062 in

85 2146 106 2149 —
123 2137 145 2156 2.
166 2133 258 2157 Adde:
279 2139 370 2158 nonne
385 2134 571 2163 imprecentur
584 2141 619 2159 ne
630 2135 700 2163 etc.;
714 2139 774 2164 quae
787 2133 884 2158 deinde
898 2133 924 2156 in
940 2132 1083 2162 positivam
1095 2130 1206 2160 phrasin
1221 2130 1337 2153 exeunt:
1350 2130 1377 2152 et
1391 2130 1422 2152 nt

84 2169 155 2193 hinc
169 2170 282 2199 confusi
293 2171 356 2199 etc.‚
372 2170 458 2199 qualis
472 2171 542 2195 ratio
557 2171 650 2195 notata
666 2176 691 2194 e.
705 2175 727 2194 c.
741 2172 814 2194 Ann.
826 2169 942 2199 V‚‡5.--5.
958 2168 1001 2191 Sic
1016 2166 1135 2196 appellat
1149 2167 1282 2193 senatum,
1299 2165 1325 2188 in
1339 2170 1420 2193 quem

86 2205 170 2228 ctiam
199 2210 229 2227 ex
247 2205 394 2234 provinciis
410 2205 543 2234 splendidi
561 2206 613 2229 viri
632 2205 815 2235 legebantur:
831 2209 915 2234 quare
936 2202 1011 2226 addit
1028 2202 1132 2226 decora
1152 2206 1235 2230 prov.
1263 2212 1290 2217 --
1307 2204 1329 2223 ⁴.
1341 2199 1421 2223 Coni'.

85 2240 166 2263 Ann.
180 2240 248 2265 XlV,
265 2245 303 2264 5⁴.
316 2253 343 2257 —
356 2245 378 2263 ὅ.
401 2241 533 2264 attractio
556 2247 644 2270 graeco
665 2240 785 2264 sermoni
805 2240 936 2264 consueta
948 2244 954 2261 ε
968 2239 1025 2261 sine
1038 2236 1194 2260 discrimine
1206 2234 1380 2259 intercidunt
1391 2233 1419 2256 et

86 2275 260 2303 reparantur.
287 2288 314 2292 —
337 2280 361 2299 s.
383 2276 473 2305 Captis
497 2276 633 2305 auspiciis,
657 2282 707 2305 per
733 2282 791 2306 quae
814 2274 927 2300 Roman-i
948 2278 1057 2298 omnem
1075 2277 1132 2296 rem
1151 2271 1261 2300 majoris
1287 2269 1419 2293 momenti

84 2309 270 2338 inchoabant,
285 2310 525 2340 auspicabantur.

122 2344 254 2368 LXXXV.
273 2350 292 2368 ι.
310 2346 391 2369 Veste
408 2347 521 2375 urbana,
535 2352 590 2370 non
605 2346 722 2370 militari.
737 2345 847 2370 Modum
860 2344 992 2374 ejusmodi
1010 2343 1154 2367 delationis
1178 2341 1265 2372 pingit
1282 2339 1422 2370 Epictetus

90 2379 163 2408 apud
180 2380 333 2407 Arrianum,
349 2380 396 2408 lv,
413 2387 449 2409 rs,
465 2387 489 2410 p.
511 2385 554 2404 218
572 2387 638 2405 meae
656 2382 780 2406 edit—2.
794 2382 823 2406 ln
835 2379 960 2405 omnibus
977 2378 1060 2404 rebus
1074 2378 1184 2403 modum
1198 2378 1293 2402 tenere
1306 2374 1420 2399 arduum

87 2414 117 2437 et
131 2414 239 2439 difficile
254 2417 322 2446 erat,
336 2421 371 2441 ne
385 2421 444 2441 esse
457 2416 598 2442 videretur
611 2418 687 2443 cont.
700 2418 752 2442 etc.
