1539 2668
633 144 852 173 GERMANIA.
1335 143 1394 173 ⁴51

72 220 150 261 agit.
174 219 346 260 publicatae
367 218 455 250 enim
473 216 636 258 pudicitiae
656 217 744 248 nulla
760 218 874 256 venia3
891 225 955 248 non
973 217 1076 248 forma
1089 241 1097 255 ,
1114 226 1179 248 non
1197 217 1293 248 aetate
1304 240 1313 255 ,
1331 226 1398 249 non

75 268 189 308 opibus
204 266 357 298 maritum
375 265 546 296 invenerit.
562 273 658 296 nemo
673 265 758 296 enim
773 265 838 296 illic
851 264 929 296 vitia
945 264 1049 304 ridet,
1067 273 1127 295 nec
1143 273 1350 304 corrumpere
1365 266 1400 296 et

73 313 235 354 corrumpi
249 312 437 345 seeculum³
457 313 602 342 vocatur.
624 311 740 343 melius
760 311 891 351 quidem
907 312 1014 343 adhuc
1030 320 1076 342 eae
1093 311 1241 343 civitates
1253 337 1261 351 ,
1278 312 1311 342 in
1325 312 1400 351 qui-

73 362 135 394 bns
156 365 282 395 tantum
302 361 441 401 virgines
456 360 605 392 nubunt⁴
626 362 747 392 etcum
769 370 825 401 spe
844 362 988 401 votoque
1008 360 1120 392 uxoris
1136 361 1235 392 semel
1252 360 1399 400 transigi·

72 411 154 441 tui-³¹.
171 410 218 440 sic
231 418 330 440 unum
342 408 509 449 accipiunt
519 407 671 439 maritum
687 408 850 447 quomodo
863 417 965 439 unum
979 417 1096 449 corpus
1107 417 1270 447 unamque
1283 408 1399 447 vitam,

71 466 112 488 ne
133 457 198 488 ulla
213 456 364 495 cogitatio
390 456 491 494 ultra,
510 464 549 486 ne
577 455 699 494 longior
715 455 897 495 cupiditas,
922 464 962 487 ne
976 458 1132 496 tanquam
1153 455 1323 492 maritum,
1344 454 1398 486 sed

71 505 229 543 tanquam
243 503 493 534 matrimonium
517 505 638 533 ament.
656 511 827 534 numerum
843 503 1017 534 liberorum
1029 503 1120 534 finire
1133 504 1190 534 aut
1203 510 1400 542 quemquam
1434 507 1438 511 ·

71 558 110 580 ex
124 550 248 590 agnatis
262 559 377 581 necare
392 550 549 590 flagitium
564 549 741 584 habetur-⁶3
756 550 891 590 plusque
907 549 951 581 ibi
965 550 1043 581 boni
1059 558 1165 581 mores
1178 550 1287 581 valent
1300 557 1401 589 quam
1432 547 1433 551 ’

69 596 145 627 alibi
161 597 361 637 bonaeieges.
1306 625 1308 627 .

111 647 175 674 XX.
194 648 230 675 In
253 645 341 675 omni
357 644 456 675 domo
474 643 554 674 nudi
571 652 609 675 ac
626 643 748 675 sordidi
764 645 795 676 in
812 643 871 675 hos
888 647 977 675 artus
990 668 999 683 ‚
1016 644 1049 675 in
1068 643 1139 675 haec
1155 652 1309 684 corpora,
1328 651 1400 683 quae

70 690 227 721 miramur
241 715 250 730 ‚
274 692 479 723 excrescunt.
504 699 595 721 suam
613 700 775 731 quemque
797 693 901 722 mater
922 691 1075 722 uberibus
1093 691 1170 730 alit,
1198 700 1258 722 nec
1275 690 1401 722 ancillis

69 744 108 767 ac
124 738 308 769 nutricibus
325 738 527 778 delegantur.
551 738 721 769 dominum
740 747 777 769 ac
796 747 925 769 servum
944 738 1041 769 nullis
1058 738 1259 769 educationis
1276 737 1401 768 deliciis

69 783 260 824 dignoscas;
284 786 368 816 inter
384 785 494 816 eadem
514 794 650 826 pecora,
669 786 702 816 in
718 786 830 817 eadem
855 786 956 816 humo
972 785 1112 825 degunt,
1131 785 1234 816 donec
1251 787 1330 815 aetas
1348 791 1400 815 se-

71 835 161 871 paret
178 832 332 872 ingenuos
344 857 353 872 ‚
376 833 480 864 virtus
502 835 668 871 agnoscat.
688 834 777 864 sera¹
796 834 953 873 juvenum
972 842 1075 864 venus
1090 841 1192 872 eoque
1209 832 1400 863 inexhausta

70 877 233 917 pubertas.
257 888 317 910 nec
341 879 480 918 virgines
502 880 712 918 t'estinantur3
735 880 846 910 eadem
875 881 1034 919 juventa,
1060 879 1171 910 similis
1192 878 1367 919 proceritas
1390 887 1399 907 z

72 933 163 964 pares
176 926 356 966 validaeque
371 926 569 963 miscentur3
586 935 623 956 ac
642 926 756 957 robora
777 929 948 966 pareutum
967 927 1059 958 liberi
1077 927 1231 958 referunt.
1250 933 1399 956 sororum

71 972 142 1003 filiis
164 973 249 1003 idem
268 974 354 1014 apud
375 974 573 1004 avunculum
587 997 596 1011 ‚
618 974 672 1013 qui
698 974 737 1004 ad
765 978 887 1013 patrem
912 974 1024 1004 honor.
1045 973 1182 1012 Quidam
1205 973 1398 1004 sanctiorem

67 1021 307 1060 arctiorcmque
318 1021 403 1052 hunc
413 1030 534 1052 nexum
546 1021 920 1060 sanguinisarbitrantur
929 1025 958 1052 et
972 1022 1003 1052 in
1017 1020 1218 1061 accipiundis
1232 1019 1399 1051 obsidibus

71 1068 172 1107 magis
189 1068 335 1107 exigunt,
354 1073 506 1108 tanquam
528 1068 550 1099 ii
576 1070 607 1099 et
621 1069 766 1098 animum
784 1069 906 1099 firmius
922 1070 953 1099 et
969 1068 1101 1099 domum
1118 1068 1214 1099 iatius
1228 1065 1395 1098 teneant².

72 1116 211 1146 Heredes
225 1117 333 1146 tamen
347 1124 617 1155 successoresque
634 1116 684 1146 sui
700 1116 818 1155 cuique
833 1116 940 1153 liberi,
959 1118 991 1146 et
1008 1115 1133 1146 nullum
1155 1115 1396 1146 testamentum.

70 1162 97 1193 si
110 1162 202 1193 liberi
216 1171 280 1193 non
296 1164 373 1194 sunt
385 1187 394 1202 ‚
411 1163 581 1203 proximus
596 1164 715 1203 gradus
730 1164 760 1193 in
777 1163 979 1203 possessione
994 1163 1110 1194 fratres
1123 1187 1132 1202 ‚
1153 1163 1280 1203 patrui,
1300 1170 1399 1193 avun-

68 1208 145 1240 cuii.
162 1212 287 1249 quanto
310 1210 384 1249 plus
408 1211 666 1251 propinquorum
680 1235 688 1249 ,
713 1220 778 1250 quo
800 1210 902 1249 major
919 1210 1063 1241 affinium
1077 1209 1088 1227 ³
1108 1218 1262 1241 numerus
1276 1233 1286 1249 ,
1305 1210 1398 1241 tanto

69 1255 241 1294 gratiosior
255 1258 422 1297 senectus;
438 1266 496 1289 nec
512 1259 577 1289 ulla
593 1257 743 1289 orbitatis
762 1257 862 1297 pretia
875 1258 900 1288 ⁴.

111 1306 188 1334 xxi.
214 1305 382 1344 Suscipere
399 1308 463 1335 tam
482 1305 670 1336 inimicitias
692 1313 749 1335 seu
775 1305 875 1344 patris
896 1313 952 1336 seu
972 1303 1147 1344 propinqui
1166 1312 1263 1343 quam
1287 1303 1407 1334 amici->

71 1348 134 1380 tias
150 1359 278 1382 necesse
294 1352 363 1390 est;
389 1360 449 1382 nec
465 1352 684 1392 implacabiles
706 1352 836 1383 durant.
856 1352 955 1382 luitur
972 1351 1057 1382 enim
1073 1352 1168 1382 etiam
1186 1350 1399 1382 homicidium

72 1398 161 1428 certo
186 1400 409 1430 armentorum
433 1407 470 1430 ac
494 1408 647 1439 pecorum
675 1408 826 1437 numero,
847 1399 1024 1439 recipitque
1050 1398 1305 1429 satisfactionem
1330 1398 1399 1429 uni-

71 1451 166 1474 versa
188 1444 326 1483 domus,
347 1445 469 1476 utiliter
491 1446 524 1476 in
547 1446 734 1486 publicum,
756 1446 829 1485 quia
854 1445 1100 1485 periculosiores
1119 1447 1195 1476 sunt
1220 1443 1398 1476 inimicitiae

68 1489 164 1528 juxta
177 1491 370 1523 libertatem.
386 1493 598 1525 Convictibus
612 1497 645 1525 et
658 1494 806 1533 hospitiis
821 1502 884 1523 non
898 1493 957 1523 alia
974 1502 1050 1532 gens
1067 1492 1201 1523 effusius
1215 1491 1395 1530 iudulget¹:

71 1547 299 1579 quemcunque
321 1540 507 1577 mortalium
530 1549 640 1572 arcere
653 1542 741 1572 tecto
756 1540 845 1570 nutas
864 1540 1016 1578 hahetur;
1036 1549 1094 1579 pro
1115 1540 1244 1570 fortuna
1261 1538 1398 1578 quisque

71 1586 233 1626 apparatis
249 1587 352 1626 epulis
369 1587 500 1628 excipit.
525 1597 626 1628 quum
648 1588 794 1618 defecere
810 1612 817 1626 ‚
837 1587 894 1627 qui
913 1587 1012 1617 modo
1033 1586 1148 1626 hospes
1165 1587 1283 1623 suerat,
1305 1593 1395 1616 mon-

70 1636 190 1664 strator
216 1633 350 1673 hospitii
368 1636 400 1665 et
417 1643 528 1666 comes
547 1644 554 1664 :
576 1635 759 1675 proximam
783 1634 916 1664 domum
942 1642 1007 1664 non
1030 1634 1157 1675 invitati
1176 1633 1315 1671 adeunt,
1337 1640 1398 1663 nec

70 1679 204 1711 interest
221 1688 230 1708 τ
250 1681 319 1720 pari
335 1681 537 1713 humanitate
553 1681 770 1721 accipiuntur.
793 1683 906 1712 notum
925 1681 1155 1721 ignotumque,
1179 1682 1338 1720 quantum
1357 1679 1398 1710 ad

68 1726 123 1764 jus
137 1726 293 1766 hospitis,
310 1736 407 1758 nemo
420 1727 585 1759 discernit.
602 1728 733 1760 abeunti
750 1729 775 1759 si
791 1728 866 1768 quid
884 1728 1069 1768 poposcerit
1087 1727 1262 1758 concedere
1276 1726 1395 1764 moris;

72 1776 105 1807 et
127 1775 280 1815 poscendi
302 1776 445 1808 invicem
469 1777 580 1808 eadem
604 1777 752 1808 facilitas.
774 1776 915 1816 gaudent
937 1775 1146 1816 muneribus;
1170 1776 1225 1807 sed
1246 1784 1306 1807 nec
1322 1775 1398 1807 data

71 1823 233 1861 imputant
249 1822 274 1861 ²,
295 1831 354 1854 nec
370 1824 512 1864 acceptis
528 1824 722 1863 obligantur.
738 1824 845 1855 victus
863 1824 947 1855 inter
964 1824 1110 1863 hospites
1126 1823 1240 1854 comis.
1432 1823 1435 1829 ’

113 1872 207 1900 ΧΧΙΙ.
226 1869 341 1901 Statim
360 1879 377 1902 e
397 1879 532 1908 somno,
549 1879 646 1910 quem
663 1870 853 1910 plerumque
869 1870 902 1900 in
919 1870 1004 1901 diem
1020 1870 1213 1908 extrahunt,
1232 1870 1395 1907 lavantur,

72 1916 191 1956 saepius
208 1916 311 1947 calida
323 1941 332 1956 ‚
351 1920 386 1948 ut
401 1917 486 1957 apud
503 1926 584 1957 quos
608 1916 787 1957 plurimum
813 1917 916 1948 hiems
935 1919 1082 1957 occupat.
1109 1917 1190 1948 lauti
1209 1916 1319 1947 cibum
1342 1925 1396 1946 ca-

71 1962 185 2002 piunt;
200 1966 357 2003 separatae
372 1964 503 2003 singulis
517 1964 608 1995 sedes
622 1966 655 1995 et
676 1972 736 1995 sua
752 1964 870 2003 cuique
890 1972 1012 1995 mensa.
1034 1964 1105 1995 tum
1128 1963 1168 1994 ad
1190 1963 1316 2002 negotia
1337 1970 1398 1994 nec

71 2095 256 2119 municandas.
268 2107 297 2111 —
309 2100 331 2118 5.
345 2094 439 2119 Saeculi
457 2095 619 2124 (praesentis)
639 2094 775 2124 ingenium
788 2102 795 2118 :
809 2100 822 2118 a
837 2100 890 2124 quo
903 2094 1052 2123 severiora,
1073 2095 1201 2123 tanquam
1220 2094 1396 2123 pristinorum

69 2129 240 2156 saecuiorum.
252 2130 306 2159 jam
321 2130 474 2154 absint.—-⁴.
490 2130 610 2154 Divortio
622 2131 715 2159 ignoto
729 2130 772 2153 vel
783 2131 878 2154 vetito.
901 2131 988 2153 Romae
1002 2130 1116 2153 divortia
1131 2129 1394 2158 frequentissima.—

70 2170 95 2187 5-
111 2163 288 2193 Neutraliter,
301 2171 359 2194 pro.
376 2166 430 2189 vita
443 2166 501 2188 tota
513 2165 668 2194 agitur.—e.
685 2165 753 2189 Vide
767 2167 857 2188 notam
872 2170 886 2188 5
899 2165 931 2188 ad
946 2165 1018 2188 Hist.
1037 2165 1067 2192 V,
1082 2170 1105 2188 5.

101 2199 152 2223 XX
179 2206 199 2223 i.
214 2200 290 2224 conl*-
313 2202 454 2229 Caesarem,
470 2201 510 2229 Vl,
535 2206 571 2224 21.
586 2213 612 2217 -—
626 2206 648 2223 2.
663 2201 744 2230 Quasi
764 2201 790 2227 ii,
806 2201 851 2229 qui
871 2200 931 2224 illos
954 2201 1074 2229 exigunt,
1093 2200 1192 2223 talibus
1212 2199 1352 2224 obsidibus
1366 2200 1395 2225 et

72 2235 190 2258 animum
205 2240 296 2258 corum
306 2254 312 2264 ,
327 2237 371 2265 qui
386 2236 517 2260 dederunt
531 2242 591 2263 eos,
605 2236 716 2260 firmiori
733 2237 840 2260 vinculo
853 2235 1082 2264 complectantur,
1097 2236 1125 2258 ct
1138 2235 1266 2264 maiorem
1287 2235 1396 2259 familiae

71 2269 177 2299 partem
200 2269 251 2292 sibi
266 2270 411 2300 obligatam
426 2273 546 2295 teneant.
562 2284 587 2287 -
599 2277 620 2294 5.
635 2272 742 2301 Asfines
756 2273 817 2294 sunt
840 2271 885 2300 qui
903 2276 951 2300 per
965 2270 1135 2293 matrimonia
1150 2270 1295 2299 propinqui
1313 2269 1393 2294 fiunt·

72 2309 123 2327 —4-
138 2304 201 2332 Quae
215 2309 310 2334 magna
324 2308 401 2330 erant
418 2308 505 2330 Roinae
522 2314 528 2331 ;
541 2307 601 2330 vide
615 2307 723 2331 Annul.
742 2307 797 2335 XV,
814 2312 847 2335 io,
863 2308 889 2329 et
904 2306 1016 2335 lepidam
1027 2306 1137 2329 satiram
1151 2306 1256 2329 Horatii
1269 2305 1396 2335 quintam.

73 2338 134 2363 libri
147 2339 180 2362 il.

102 2373 174 2397 XXI.
190 2379 210 2397 ι.
224 2374 323 2399 Eadem
334 2378 426 2401 narrat
436 2378 533 2406 caesan
548 2378 588 2407 Vl,
600 2382 689 2400 25.—2.
706 2378 743 2400 ne
758 2377 809 2400 hoc
826 2377 909 2401 verbo
921 2383 946 2400 v.
961 2377 994 2400 ad
1008 2376 1081 2400 Hist.
1096 2377 1114 2404 Ι,
1128 2381 1165 2399 58.
