1539 2668
512 160 548 189 A.
572 161 609 190 U.
632 160 668 189 C·
693 159 764 189 822.
788 161 824 189 A.
848 160 883 190 C.
907 161 958 190 69.
1339 162 1398 194 379

79 248 97 263 κ
112 235 233 267 adesse.
248 234 379 275 proinde
393 233 569 274 arriperent
580 233 674 265 vacui
686 236 871 274 occupatos,
884 233 999 273 integri
1010 232 1121 264 fessos.
1131 232 1208 265 dum
1219 234 1272 266 alii
1282 237 1400 277 Vespa-

80 294 95 308 «
114 282 258 321 sianum,
280 281 332 312 alii
350 280 681 319 Vitelliumtfoveant,
703 284 813 320 patere
828 281 936 312 locum
957 280 1114 311 adversus
1134 281 1324 322 utrumque.
1343 296 1360 311 n

119 335 230 363 XVIII.
255 331 304 363 sic
320 331 351 362 in
368 330 742 370 Gallias-Germaniasque
759 331 903 362 intentus
915 355 923 370 ‚
940 330 966 362 si
981 330 1141 362 destinata
1158 333 1400 375 provenissent,

78 379 351 410 validissimarum
370 376 666 417 ditissimarumque
683 378 852 409 nationum
875 386 974 416 regno
989 376 1192 409 imminebat.
1217 381 1250 410 at
1271 380 1401 414 Flaccus

78 426 280 458 Hordeonius
297 425 416 466 primos
439 424 550 456 Civilis
568 427 702 464 conatus
726 433 782 465 per
805 424 1118 456 dissimulationem¹
1145 425 1236 456 aluit.
1262 426 1317 458 ubi
1343 437 1402 459 ex-

76 476 237 514 puqnata
252 475 371 505 castra
383 497 392 511 ‚
411 471 544 503 deletas
563 472 718 503 cohortes
730 496 739 510 ,
757 472 900 511 pulsum
917 474 1136 503 Batavorum
1150 473 1268 505 insula
1287 476 1402 506 Roma·

79 529 162 552 num
179 528 321 559 nomen,
338 519 456 558 trepidi
480 518 584 550 nuntii
603 518 801 558 afferebant,
820 519 965 550 Munium
986 523 1167 559 Lupercum
1191 520 1330 560 legatum
1357 521 1404 561 (is

78 565 213 597 duarum
230 566 391 606 legionum
409 565 550 597 hibernis
566 567 721 606 praeerat)
742 566 857 606 eqredi
882 566 1046 598 adversus
1068 565 1198 598 hostem
1219 566 1321 606 jubet.
1345 572 1403 600 Lu-

77 624 193 658 percus
216 615 403 655 legionarios
422 624 439 646 e
459 614 671 655 praesentibus
683 639 691 654 ‚
710 615 809 647 Ubios
826 625 843 646 e
860 615 1032 655 proximis,
1047 619 1258 647 Treverorum
1277 618 1403 657 equites

77 665 165 699 haud
189 666 281 704 louge
299 668 428 705 agentes
452 665 567 705 raptim
588 665 791 704 transmisit,
816 665 925 697 addita
941 667 1135 696 Batavorum
1152 665 1221 705 ala,
1243 675 1316 706 quae
1335 668 1402 708 Jam

77 712 203 753 pridem
220 714 369 751 corrupta
388 712 480 742 fidem
498 711 690 751 simulabat,
706 713 742 743 ut
757 712 892 752 proditis
904 712 936 743 in
950 712 1018 753 ipsa
1035 711 1101 742 acie
1118 712 1269 744 Romanis
1284 714 1404 754 majore

77 759 182 800 pretio
209 761 343 799 fugeret.
370 758 480 790 Civilis
502 760 668 799 captarum
695 759 878 790 cohortium
892 758 903 777 ²
920 759 1016 799 signis
1034 759 1272 799 circumdatus,
1295 762 1331 793 ut
1347 771 1403 795 suo

78 806 174 838 militi
192 815 302 837 recens
319 805 417 845 ,gloria
435 807 509 836 ante
531 805 679 844 oculos³,
705 808 736 837 et
760 806 868 837 hostes
892 806 1045 837 memoria
1071 805 1172 837 cladis
1194 809 1403 852 terrerentur,

78 853 215 884 matrem
230 862 321 883 suam
342 860 532 892 sororesque
542 876 550 890 ‚
568 852 662 882 simul
677 852 763 882 omni
769 862 823 883 um
839 852 989 891 conjuges
1003 860 1181 892 parvosque
1195 853 1312 886 liberos
1326 864 1404 888 con-

78 900 194 932 sistere
207 909 226 931 a
239 902 325 940 tergo
340 899 452 938 jubet,
470 899 671 930 hortamenta
688 899 832 930 victoriae
847 899 897 930 vel
912 899 1013 939 pulsis
1025 899 1193 939 pudorem.
1209 903 1245 931 ut
1262 902 1405 935 virorum

78 949 196 987 cantu,
225 947 416 977 seminarum
443 945 590 978 ululatu⁴
613 946 720 978 sonuit
746 955 846 985 acies,
872 955 1075 986 nequaquam
1100 955 1158 986 par
1183 955 1201 977 a
1224 947 1404 987 legionibus

77 994 330 1034 cohortibusque
346 993 490 1025 redditur
503 994 634 1024 clamor.
650 993 830 1024 nudaverat
846 993 1013 1024 sinistrum
1027 1002 1128 1024 cornu
1143 995 1338 1027 Batavorum
1355 996 1405 1027 ala

76 1041 291 1080 transfugiens
317 1042 493 1080 statimque
516 1040 548 1071 in
573 1049 630 1071 nos
652 1049 756 1071 versa.
785 1040 837 1072 sed
860 1040 1052 1079 legionarius
1076 1040 1185 1079 miles,
1209 1049 1405 1083 quamquam

78 1088 175 1120 rebus
185 1088 328 1128 trepidis,
341 1097 429 1118 arina
439 1087 629 1127 ordinesque
640 1087 808 1119 retinebat.
822 1087 976 1119 Ubiorum
983 1091 1260 1129 Treverorumque
1273 1090 1405 1130 auxilia,

78 1134 161 1166 foeda
176 1135 248 1175 suga
262 1135 417 1174 dispersa,
435 1133 511 1165 totis
524 1134 647 1174 campis
661 1134 824 1173 palantur.
841 1134 917 1165 illuc
930 1133 1106 1165 incubuere
1120 1137 1285 1175 Germani3
1301 1139 1333 1168 et
1347 1135 1407 1167 fuit

77 1183 205 1216 interim
228 1184 386 1223 effugium
407 1183 587 1224 legionibus
609 1184 642 1214 in
658 1185 762 1214 castra
786 1184 903 1223 quibus
926 1185 1084 1215 Veterum
1101 1193 1220 1216 nomen
1243 1188 1301 1218 est.
1326 1193 1404 1226 prae·

78 1233 181 1265 sectus
193 1234 252 1264 alae
267 1236 461 1264 Batavorum
475 1233 628 1264 Claudius
641 1232 746 1264 Labeo
756 1257 765 1272 ,
781 1233 941 1273 oppidano
957 1232 1130 1264 certamine
1142 1235 1279 1266 aemulus
1292 1235 1405 1277 Civili,

78 1291 118 1315 ne
134 1283 321 1315 interfectus
338 1282 493 1313 invidiam
510 1282 594 1322 apud
612 1282 782 1322 populares
798 1282 869 1322 vel,
883 1282 910 1313 si
927 1282 1132 1322 retineretur,
1147 1284 1270 1317 semina
1286 1284 1406 1318 discor-

77 1332 140 1364 diae
156 1332 313 1372 praeberet
328 1356 337 1371 ,
355 1332 386 1362 in
404 1331 519 1362 Frisios
537 1330 694 1362 avehitur.

119 1382 199 1410 XIX.
218 1380 331 1410 Iisdem
346 1377 462 1409 diebus
475 1379 669 1408 Batavorum
685 1378 716 1409 et
730 1376 987 1409 Canninefatium
1001 1377 1150 1409 cohortes
1162 1379 1186 1417 ¹,
1200 1388 1303 1419 quum
1313 1380 1405 1420 Jussu

79 1425 195 1457 Vitellii
209 1425 240 1456 in
256 1425 375 1457 Urbem
390 1426 570 1465 pergerent,
584 1424 703 1455 missus
717 1433 734 1455 a
751 1424 853 1455 Civile
869 1424 1000 1456 nuntius
1014 1425 1207 1465 assequitur.
1222 1425 1406 1461 intumuere

76 1472 185 1505 statim
199 1472 347 1512 superbia
365 1471 565 1511 ferociaque,
583 1473 615 1503 et
625 1473 783 1511 pretium
801 1473 937 1503 itineris
954 1471 1175 1510 donativum,
1196 1472 1328 1513 duplex
1346 1477 1405 1507 sti-

72 1519 240 1559 pendium
253 1543 262 1557 ,
279 1521 397 1559 auyeri
415 1520 569 1559 equitum
586 1527 791 1559 numerum,
810 1518 967 1558 promissa
993 1527 1068 1550 sane
1090 1528 1108 1549 a
1125 1519 1255 1550 Vitellio
1267 1544 1276 1559 ,
1294 1525 1406 1561 postu-

77 1565 201 1606 labant,
219 1575 283 1597 non
299 1570 333 1596 ut
347 1568 607 1606 assequerentur,
627 1565 682 1597 sed
701 1574 831 1597 causam
848 1565 1009 1596 seditioni.
1027 1568 1058 1597 et
1072 1567 1204 1597 Flaccus
1218 1567 1321 1599 multa
1333 1577 1407 1600 con-

77 1612 221 1645 cedendo
244 1613 325 1643 nihil
347 1612 433 1644 aliud
455 1612 608 1644 effecerat
630 1621 727 1653 quani
755 1613 790 1644 ut
806 1612 910 1643 acrius
924 1615 1155 1653 exposcerent,
1171 1623 1246 1653 quae
1263 1615 1408 1648 sciebant

77 1662 281 1700 negaturum.
300 1661 407 1700 spreto
428 1659 540 1691 Flacco
565 1660 749 1691 inferiorem
767 1659 968 1691 Germaniam
992 1660 1151 1700 petivere,
1175 1662 1211 1692 ut
1228 1661 1321 1693 Civili
1336 1661 1407 1701 Jun-

78 1709 237 1745 gerentur.
251 1706 451 1737 Hordeonius
463 1706 615 1738 adhibitis
628 1706 767 1737 tribunis
781 1706 1086 1747 centurionibusque
1099 1708 1309 1747 consultavit,
1323 1717 1407 1740 num

76 1752 275 1793 obsequium
300 1752 488 1784 abnuentes
511 1755 542 1784 vi
564 1755 745 1784 coerceret.
771 1762 846 1783 mox
871 1753 969 1784 insita
990 1753 1118 1792 ignavia
1140 1756 1173 1786 et
1197 1755 1330 1795 trepidis
1352 1755 1407 1786 mi-

77 1799 208 1839 nistris,
237 1808 318 1839 quos
341 1799 512 1839 ambiguus
534 1799 731 1831 auxiliorum
755 1800 882 1831 animus
906 1802 939 1831 et
961 1800 1069 1832 subito
1097 1801 1224 1834 delectu
1249 1803 1406 1843 suppletae

77 1845 219 1887 legiones
235 1846 406 1885 augebant,
422 1846 535 1878 statuit
547 1846 710 1877 continere
724 1847 808 1877 intra
823 1848 928 1877 castra
946 1847 1091 1878 militem.
1108 1848 1181 1879 dein
1195 1849 1385 1888 poenitentia
1395 1873 1404 1889 ,

77 1894 111 1926 et
124 1892 336 1933 arguentibus
361 1893 436 1934 ipsis
457 1892 513 1933 qui
537 1894 703 1924 suaserant
721 1894 885 1932 tamquam
902 1895 1072 1924 secuturus
1095 1893 1222 1935 scripsit
1245 1896 1405 1928 Herennio

78 1941 186 1981 Gallo,
202 1941 335 1981 legionis
350 1941 462 1981 primae
476 1941 578 1980 legato
590 1964 599 1980 ,
613 1941 668 1981 qui
683 1945 823 1972 Bonnam
841 1940 1025 1981 obtinebat,
1044 1943 1079 1973 ut
1101 1945 1235 1974 arceret
1252 1945 1406 1976 transitu

77 1990 226 2021 Batavos
241 1997 299 2020 :se
313 1997 391 2019 cum
406 1989 560 2019 exercitu
584 1989 686 2028 teryis
702 1995 819 2019 eorum
839 1987 1025 2019 haesurum.
1047 1990 1080 2020 et
1096 1989 1232 2029 opprimi
1246 1990 1405 2032 poterant,

34 2062 35 2066 ,
76 2034 103 2066 si
117 2035 192 2066 hinc
205 2035 415 2074 Hordeonius,
433 2034 507 2066 inde
525 2034 631 2066 Gallus
649 2035 746 2066 motis
767 2034 932 2075 utrimque
942 2034 1044 2075 copiis
1068 2035 1190 2067 medios
1203 2036 1403 2070 clausissent.

77 2081 209 2114 Flaccus
242 2083 352 2114 omisit
379 2082 542 2122 inceptum
558 2105 568 2122 ‚
592 2080 727 2122 aliisque
751 2081 867 2113 litteris
885 2081 1012 2113 Gallum
1036 2082 1164 2114 monuit
1190 2091 1231 2115 ne
1259 2085 1406 2116 terreret

69 2128 252 2162 abeuntes.
267 2129 352 2161 unde
367 2129 492 2170 supicio
514 2131 628 2170 sponte
644 2129 821 2169 legatorum
836 2128 970 2160 excitari
984 2128 1102 2161 bellum
1116 2154 1124 2169 ,
1136 2131 1319 2171 cunctaque
1331 2138 1404 2171 quae

78 2175 259 2208 acciderant
281 2178 337 2208 aut
361 2176 600 2217 metuebantur,
623 2185 689 2208 non
712 2175 828 2208 inertia
851 2175 965 2208 militis
982 2184 1088 2218 neque
1111 2176 1255 2209 hostium
1277 2177 1330 2218 vi,
1347 2176 1403 2209 sed

78 2220 192 2254 fraude
203 2223 475 2256 ducum-evenire.

82 2331 203 2391 0}an
217 2339 237 2358 ι.
248 2335 299 2359 Per
313 2336 466 2360 simulatam
482 2336 728 2365 ignorationem-
736 2339 760 2358 a.
774 2333 927 2364 Demfflws
935 2339 967 2360 e,
985 2339 1053 2360 ¹⁸·-·
1062 2339 1085 2359 Ξ·
1100 2337 1142 2359 ⁵⁰-
1152 2334 1237 2359 ⁰³⁴³&-
1249 2345 1277 2351 -·
1287 2332 1403 2359 *COM-

121 2372 177 2392 m·
193 2374 218 2392 c.
232 2374 256 2393 ἦ.

107 2403 178 2427 XIx.
194 2409 214 2427 ι.
230 2404 267 2428 De
279 2404 376 2434 quibus
386 2407 525 2438 menum,
533 2411 577 2436 3θῖ
594 2408 626 2436 u,
639 2412 680 2437 απ,
690 2412 735 2436 6oe
745 2408 789 2437 W·
801 2412 844 2432 ’43-
