<?xml version="1.0" encoding="UTF-8"?>
<!DOCTYPE html PUBLIC "-//W3C//DTD XHTML 1.0 Transitional//EN"
    "http://www.w3.org/TR/xhtml1/DTD/xhtml1-transitional.dtd">
<html xmlns="http://www.w3.org/1999/xhtml" xml:lang="en" lang="en">
 <head>
  <title>
</title>
<meta http-equiv="Content-Type" content="text/html;charset=utf-8" />
  <meta name='ocr-system' content='tesseract 3.04.00' />
  <meta name='ocr-capabilities' content='ocr_page ocr_carea ocr_par ocr_line ocrx_word'/>
</head>
<body>
  <div class='ocr_page' id='page_1' title='image "./operaquaesupersu00taciuoft_0220.png"; bbox 0 0 1539 2668; ppageno 0'>
   <div class='ocr_carea' id='block_1_1' title="bbox 114 163 1082 200">
    <p class='ocr_par' dir='ltr' id='par_1_1' title="bbox 114 163 1082 200">
     <span class='ocr_line' id='line_1_1' title="bbox 114 163 1082 200; baseline 0.008 -8"><span class='ocrx_word' id='word_1_1' title='bbox 114 163 172 192; x_wconf 87' lang='lat'><strong>188</strong></span> <span class='ocrx_word' id='word_1_2' title='bbox 500 165 634 195; x_wconf 83' lang='lat' dir='ltr'>TACITI</span> <span class='ocrx_word' id='word_1_3' title='bbox 658 167 867 197; x_wconf 79' lang='lat' dir='ltr'><strong>ANNALIUM</strong></span> <span class='ocrx_word' id='word_1_4' title='bbox 892 169 964 200; x_wconf 87' lang='lat' dir='ltr'><strong>LIB.</strong></span> <span class='ocrx_word' id='word_1_5' title='bbox 997 169 1082 200; x_wconf 83' lang='lat' dir='ltr'><strong>XIII.</strong></span> 
     </span>
    </p>
   </div>
   <div class='ocr_carea' id='block_1_2' title="bbox 105 238 1439 2209">
    <p class='ocr_par' dir='ltr' id='par_1_2' title="bbox 107 238 1432 411">
     <span class='ocr_line' id='line_1_2' title="bbox 107 238 1430 280; baseline 0.005 -12"><span class='ocrx_word' id='word_1_6' title='bbox 107 246 174 277; x_wconf 90' lang='lat' dir='ltr'><strong>quo</strong></span> <span class='ocrx_word' id='word_1_7' title='bbox 186 238 275 269; x_wconf 88' lang='lat' dir='ltr'><strong>ortus</strong></span> <span class='ocrx_word' id='word_1_8' title='bbox 282 241 350 270; x_wconf 87' lang='lat' dir='ltr'><strong>erat</strong></span> <span class='ocrx_word' id='word_1_9' title='bbox 360 241 598 280; x_wconf 81' lang='lat' dir='ltr'><strong>Nero,veterem</strong></span> <span class='ocrx_word' id='word_1_10' title='bbox 608 240 788 280; x_wconf 76' lang='lat' dir='ltr'><strong>religionem</strong></span> <span class='ocrx_word' id='word_1_11' title='bbox 797 243 1011 275; x_wconf 80' lang='lat' dir='ltr'>Kalendarum</span> <span class='ocrx_word' id='word_1_12' title='bbox 1021 244 1243 276; x_wconf 72' lang='lat' dir='ltr'><strong>januariarum</strong></span> <span class='ocrx_word' id='word_1_13' title='bbox 1254 243 1430 275; x_wconf 87' lang='lat' dir='ltr'><strong>inchoando</strong></span> 
     </span>
     <span class='ocr_line' id='line_1_3' title="bbox 108 286 1431 331; baseline 0.005 -16"><span class='ocrx_word' id='word_1_14' title='bbox 108 293 193 316; x_wconf 88' lang='lat' dir='ltr'><strong>anno</strong></span> <span class='ocrx_word' id='word_1_15' title='bbox 209 286 353 318; x_wconf 78' lang='lat' dir='ltr'><strong>retinuit.</strong></span> <span class='ocrx_word' id='word_1_16' title='bbox 378 291 487 327; x_wconf 83' lang='lat' dir='ltr'><strong>Neque</strong></span> <span class='ocrx_word' id='word_1_17' title='bbox 505 288 623 328; x_wconf 78' lang='lat' dir='ltr'><strong>recepti</strong></span> <span class='ocrx_word' id='word_1_18' title='bbox 643 291 721 321; x_wconf 87' lang='lat' dir='ltr'><strong>sunt</strong></span> <span class='ocrx_word' id='word_1_19' title='bbox 734 290 816 321; x_wconf 90' lang='lat' dir='ltr'><strong>inter</strong></span> <span class='ocrx_word' id='word_1_20' title='bbox 832 300 903 323; x_wconf 90' lang='lat' dir='ltr'><strong>reos</strong></span> <span class='ocrx_word' id='word_1_21' title='bbox 919 292 1051 323; x_wconf 83' lang='lat' dir='ltr'><strong>Carinas</strong></span> <span class='ocrx_word' id='word_1_22' title='bbox 1073 292 1163 324; x_wconf 89' lang='lat' dir='ltr'><strong>Celer</strong></span> <span class='ocrx_word' id='word_1_23' title='bbox 1180 294 1320 331; x_wconf 89' lang='lat' dir='ltr'><strong>senator,</strong></span> <span class='ocrx_word' id='word_1_24' title='bbox 1338 299 1431 323; x_wconf 87' lang='lat' dir='ltr'><strong>servo</strong></span> 
     </span>
     <span class='ocr_line' id='line_1_4' title="bbox 107 335 1432 378; baseline 0.005 -16"><span class='ocrx_word' id='word_1_25' title='bbox 107 335 299 373; x_wconf 83' lang='lat' dir='ltr'><strong>accusante,</strong></span> <span class='ocrx_word' id='word_1_26' title='bbox 317 337 373 365; x_wconf 89' lang='lat' dir='ltr'><strong>aut</strong></span> <span class='ocrx_word' id='word_1_27' title='bbox 389 335 489 366; x_wconf 87' lang='lat' dir='ltr'><strong>Julius</strong></span> <span class='ocrx_word' id='word_1_28' title='bbox 507 339 631 367; x_wconf 88' lang='lat' dir='ltr'><strong>Densus</strong></span> <span class='ocrx_word' id='word_1_29' title='bbox 650 336 814 377; x_wconf 85' lang='lat' dir='ltr'><strong>equester²</strong></span> <span class='ocrx_word' id='word_1_30' title='bbox 826 363 838 378; x_wconf 90' lang='lat'><strong>,</strong></span> <span class='ocrx_word' id='word_1_31' title='bbox 852 339 904 370; x_wconf 88' lang='lat' dir='ltr'><strong>cui</strong></span> <span class='ocrx_word' id='word_1_32' title='bbox 918 340 1009 371; x_wconf 82' lang='lat' dir='ltr'><strong>favor</strong></span> <span class='ocrx_word' id='word_1_33' title='bbox 1025 339 1058 370; x_wconf 90' lang='lat' dir='ltr'><strong>in</strong></span> <span class='ocrx_word' id='word_1_34' title='bbox 1074 339 1293 371; x_wconf 83' lang='lat' dir='ltr'><strong>Britannicum</strong></span> <span class='ocrx_word' id='word_1_35' title='bbox 1306 337 1432 369; x_wconf 81' lang='lat' dir='ltr'><strong>crimini</strong></span> 
     </span>
     <span class='ocr_line' id='line_1_5' title="bbox 108 378 256 411; baseline 0.007 -1"><span class='ocrx_word' id='word_1_36' title='bbox 108 378 256 411; x_wconf 87' lang='lat' dir='ltr'><strong>dabatur.</strong></span> 
     </span>
    </p>

    <p class='ocr_par' dir='ltr' id='par_1_3' title="bbox 106 428 1434 795">
     <span class='ocr_line' id='line_1_6' title="bbox 149 428 1433 474; baseline 0.003 -16"><span class='ocrx_word' id='word_1_37' title='bbox 149 431 201 458; x_wconf 88' lang='lat' dir='ltr'><strong>XI.</strong></span> <span class='ocrx_word' id='word_1_38' title='bbox 226 428 358 459; x_wconf 90' lang='lat' dir='ltr'><strong>Claudio</strong></span> <span class='ocrx_word' id='word_1_39' title='bbox 372 433 514 469; x_wconf 84' lang='lat' dir='ltr'><strong>Nerone,</strong></span> <span class='ocrx_word' id='word_1_40' title='bbox 531 433 565 461; x_wconf 89' lang='lat' dir='ltr'><strong>L.</strong></span> <span class='ocrx_word' id='word_1_41' title='bbox 589 430 728 462; x_wconf 80' lang='lat' dir='ltr'><strong>Antistio</strong></span> <span class='ocrx_word' id='word_1_42' title='bbox 749 435 839 463; x_wconf 89' lang='lat' dir='ltr'><strong>Coss.</strong></span> <span class='ocrx_word' id='word_1_43' title='bbox 855 432 862 451; x_wconf 89' lang='lat'><strong>¹</strong></span> <span class='ocrx_word' id='word_1_44' title='bbox 891 442 991 474; x_wconf 90' lang='lat' dir='ltr'><strong>quum</strong></span> <span class='ocrx_word' id='word_1_45' title='bbox 1009 433 1042 465; x_wconf 91' lang='lat' dir='ltr'><strong>in</strong></span> <span class='ocrx_word' id='word_1_46' title='bbox 1060 435 1130 465; x_wconf 84' lang='lat' dir='ltr'><strong>acta</strong></span> <span class='ocrx_word' id='word_1_47' title='bbox 1143 434 1326 474; x_wconf 87' lang='lat' dir='ltr'><strong>Principum</strong></span> <span class='ocrx_word' id='word_1_48' title='bbox 1344 433 1433 471; x_wconf 74' lang='lat' dir='ltr'><strong>Jura·</strong></span> 
     </span>
     <span class='ocr_line' id='line_1_7' title="bbox 107 475 1432 520; baseline 0.005 -16"><span class='ocrx_word' id='word_1_49' title='bbox 107 475 179 505; x_wconf 88' lang='lat' dir='ltr'><strong>rent</strong></span> <span class='ocrx_word' id='word_1_50' title='bbox 203 475 426 516; x_wconf 77' lang='lat' dir='ltr'><strong>magistratus,</strong></span> <span class='ocrx_word' id='word_1_51' title='bbox 452 478 488 508; x_wconf 80' lang='lat' dir='ltr'><strong>in</strong></span> <span class='ocrx_word' id='word_1_52' title='bbox 505 485 571 508; x_wconf 80' lang='lat' dir='ltr'><strong>sua</strong></span> <span class='ocrx_word' id='word_1_53' title='bbox 593 479 673 509; x_wconf 82' lang='lat' dir='ltr'><strong>acta</strong></span> <span class='ocrx_word' id='word_1_54' title='bbox 697 478 865 519; x_wconf 72' lang='lat' dir='ltr'><strong>colleqam</strong></span> <span class='ocrx_word' id='word_1_55' title='bbox 891 483 1079 512; x_wconf 67' lang='lat' dir='ltr'><strong>Antistium</strong></span> <span class='ocrx_word' id='word_1_56' title='bbox 1089 482 1217 520; x_wconf 76' lang='lat' dir='ltr'><strong>jztrare</strong></span> <span class='ocrx_word' id='word_1_57' title='bbox 1246 479 1432 520; x_wconf 81' lang='lat' dir='ltr'><strong>prohibuit,</strong></span> 
     </span>
     <span class='ocr_line' id='line_1_8' title="bbox 107 521 1432 568; baseline 0.003 -16"><span class='ocrx_word' id='word_1_58' title='bbox 107 521 233 561; x_wconf 82' lang='lat' dir='ltr'><strong>magnis</strong></span> <span class='ocrx_word' id='word_1_59' title='bbox 260 523 390 554; x_wconf 89' lang='lat' dir='ltr'><strong>Patrum</strong></span> <span class='ocrx_word' id='word_1_60' title='bbox 422 523 592 563; x_wconf 82' lang='lat' dir='ltr'><strong>laudibus,</strong></span> <span class='ocrx_word' id='word_1_61' title='bbox 620 525 656 556; x_wconf 91' lang='lat' dir='ltr'><strong>ut</strong></span> <span class='ocrx_word' id='word_1_62' title='bbox 677 525 828 564; x_wconf 87' lang='lat' dir='ltr'><strong>juvenilis</strong></span> <span class='ocrx_word' id='word_1_63' title='bbox 853 527 1001 566; x_wconf 88' lang='lat' dir='ltr'><strong>animus,</strong></span> <span class='ocrx_word' id='word_1_64' title='bbox 1027 528 1147 559; x_wconf 87' lang='lat' dir='ltr'><strong>levium</strong></span> <span class='ocrx_word' id='word_1_65' title='bbox 1173 536 1301 568; x_wconf 91' lang='lat' dir='ltr'><strong>quoque</strong></span> <span class='ocrx_word' id='word_1_66' title='bbox 1324 534 1432 558; x_wconf 88' lang='lat' dir='ltr'><strong>rerum</strong></span> 
     </span>
     <span class='ocr_line' id='line_1_9' title="bbox 107 567 1434 614; baseline 0.005 -16"><span class='ocrx_word' id='word_1_67' title='bbox 107 567 208 607; x_wconf 83' lang='lat' dir='ltr'><strong>gloria</strong></span> <span class='ocrx_word' id='word_1_68' title='bbox 221 568 382 608; x_wconf 85' lang='lat' dir='ltr'><strong>sublatus,</strong></span> <span class='ocrx_word' id='word_1_69' title='bbox 401 570 538 609; x_wconf 86' lang='lat' dir='ltr'><strong>maj0res</strong></span> <span class='ocrx_word' id='word_1_70' title='bbox 553 571 756 603; x_wconf 81' lang='lat' dir='ltr'><strong>continuaret</strong></span> <span class='ocrx_word' id='word_1_71' title='bbox 769 572 795 604; x_wconf 84' lang='lat'><strong>².</strong></span> <span class='ocrx_word' id='word_1_72' title='bbox 818 576 997 614; x_wconf 87' lang='lat' dir='ltr'><strong>secutaque</strong></span> <span class='ocrx_word' id='word_1_73' title='bbox 1020 575 1134 606; x_wconf 88' lang='lat' dir='ltr'><strong>lenitas</strong></span> <span class='ocrx_word' id='word_1_74' title='bbox 1151 575 1182 605; x_wconf 90' lang='lat' dir='ltr'><strong>in</strong></span> <span class='ocrx_word' id='word_1_75' title='bbox 1197 574 1357 605; x_wconf 80' lang='lat' dir='ltr'><strong>Plautium</strong></span> <span class='ocrx_word' id='word_1_76' title='bbox 1374 577 1434 604; x_wconf 90' lang='lat' dir='ltr'><strong>La-</strong></span> 
     </span>
     <span class='ocr_line' id='line_1_10' title="bbox 106 616 1434 656; baseline 0.005 -11"><span class='ocrx_word' id='word_1_77' title='bbox 106 616 398 656; x_wconf 76' lang='lat' dir='ltr'><strong>teranum³‚quem</strong></span> <span class='ocrx_word' id='word_1_78' title='bbox 416 617 458 648; x_wconf 90' lang='lat' dir='ltr'><strong>ob</strong></span> <span class='ocrx_word' id='word_1_79' title='bbox 476 617 672 649; x_wconf 86' lang='lat' dir='ltr'><strong>adulterium</strong></span> <span class='ocrx_word' id='word_1_80' title='bbox 689 619 869 651; x_wconf 79' lang='lat' dir='ltr'><strong>Messalinae</strong></span> <span class='ocrx_word' id='word_1_81' title='bbox 889 620 1001 652; x_wconf 89' lang='lat' dir='ltr'><strong>ordine</strong></span> <span class='ocrx_word' id='word_1_82' title='bbox 1013 624 1173 653; x_wconf 89' lang='lat' dir='ltr'><strong>remotum</strong></span> <span class='ocrx_word' id='word_1_83' title='bbox 1191 620 1331 652; x_wconf 83' lang='lat' dir='ltr'><strong>reddidit</strong></span> <span class='ocrx_word' id='word_1_84' title='bbox 1344 629 1434 651; x_wconf 83' lang='lat' dir='ltr'><strong>sena-</strong></span> 
     </span>
     <span class='ocr_line' id='line_1_11' title="bbox 107 661 1432 708; baseline 0.004 -16"><span class='ocrx_word' id='word_1_85' title='bbox 107 661 166 699; x_wconf 87' lang='lat' dir='ltr'><strong>tui,</strong></span> <span class='ocrx_word' id='word_1_86' title='bbox 181 663 400 695; x_wconf 76' lang='lat' dir='ltr'><strong>clementiam</strong></span> <span class='ocrx_word' id='word_1_87' title='bbox 423 673 526 696; x_wconf 81' lang='lat' dir='ltr'><strong>suam</strong></span> <span class='ocrx_word' id='word_1_88' title='bbox 549 664 751 706; x_wconf 84' lang='lat' dir='ltr'><strong>obstringens</strong></span> <span class='ocrx_word' id='word_1_89' title='bbox 765 666 774 684; x_wconf 74' lang='lat'><strong>⁴</strong></span> <span class='ocrx_word' id='word_1_90' title='bbox 799 667 920 698; x_wconf 87' lang='lat' dir='ltr'><strong>crebris</strong></span> <span class='ocrx_word' id='word_1_91' title='bbox 946 668 1167 707; x_wconf 85' lang='lat' dir='ltr'><strong>orationibus,</strong></span> <span class='ocrx_word' id='word_1_92' title='bbox 1192 677 1272 708; x_wconf 87' lang='lat' dir='ltr'><strong>quas</strong></span> <span class='ocrx_word' id='word_1_93' title='bbox 1294 671 1432 704; x_wconf 88' lang='lat' dir='ltr'><strong>Seneca,</strong></span> 
     </span>
     <span class='ocr_line' id='line_1_12' title="bbox 106 709 1434 754; baseline 0.004 -15"><span class='ocrx_word' id='word_1_94' title='bbox 106 709 309 741; x_wconf 83' lang='lat' dir='ltr'><strong>testificando</strong></span> <span class='ocrx_word' id='word_1_95' title='bbox 321 720 420 751; x_wconf 90' lang='lat' dir='ltr'><strong>quam</strong></span> <span class='ocrx_word' id='word_1_96' title='bbox 436 712 569 743; x_wconf 87' lang='lat' dir='ltr'><strong>honesta</strong></span> <span class='ocrx_word' id='word_1_97' title='bbox 584 713 789 753; x_wconf 62' lang='lat' dir='ltr'><strong>praeciperet,</strong></span> <span class='ocrx_word' id='word_1_98' title='bbox 803 715 854 746; x_wconf 80' lang='lat' dir='ltr'><strong>vel</strong></span> <span class='ocrx_word' id='word_1_99' title='bbox 871 714 1013 754; x_wconf 86' lang='lat' dir='ltr'><strong>jactandi</strong></span> <span class='ocrx_word' id='word_1_100' title='bbox 1031 715 1163 754; x_wconf 84' lang='lat' dir='ltr'><strong>ingenii,</strong></span> <span class='ocrx_word' id='word_1_101' title='bbox 1182 723 1261 746; x_wconf 86' lang='lat' dir='ltr'><strong>voce</strong></span> <span class='ocrx_word' id='word_1_102' title='bbox 1278 713 1434 753; x_wconf 83' lang='lat' dir='ltr'><strong>Principis</strong></span> 
     </span>
     <span class='ocr_line' id='line_1_13' title="bbox 106 756 271 795; baseline 0.018 -10"><span class='ocrx_word' id='word_1_103' title='bbox 106 756 271 795; x_wconf 82' lang='lat' dir='ltr'><strong>vulgabat.</strong></span> 
     </span>
    </p>

    <p class='ocr_par' dir='ltr' id='par_1_4' title="bbox 105 805 1437 1223">
     <span class='ocr_line' id='line_1_14' title="bbox 147 805 1436 849; baseline 0.001 -14"><span class='ocrx_word' id='word_1_104' title='bbox 147 807 214 835; x_wconf 88' lang='lat' dir='ltr'><strong>XII.</strong></span> <span class='ocrx_word' id='word_1_105' title='bbox 239 806 387 836; x_wconf 87' lang='lat' dir='ltr'><strong>Ceterum</strong></span> <span class='ocrx_word' id='word_1_106' title='bbox 414 806 549 838; x_wconf 84' lang='lat' dir='ltr'><strong>infracta</strong></span> <span class='ocrx_word' id='word_1_107' title='bbox 573 808 738 847; x_wconf 81' lang='lat' dir='ltr'><strong>paullatim</strong></span> <span class='ocrx_word' id='word_1_108' title='bbox 767 809 908 848; x_wconf 79' lang='lat' dir='ltr'><strong>potentia</strong></span> <span class='ocrx_word' id='word_1_109' title='bbox 936 809 1070 847; x_wconf 87' lang='lat' dir='ltr'><strong>matris,</strong></span> <span class='ocrx_word' id='word_1_110' title='bbox 1098 808 1227 849; x_wconf 86' lang='lat' dir='ltr'><strong>delapso</strong></span> <span class='ocrx_word' id='word_1_111' title='bbox 1249 811 1375 839; x_wconf 86' lang='lat' dir='ltr'><strong>Nerone</strong></span> <span class='ocrx_word' id='word_1_112' title='bbox 1400 805 1436 836; x_wconf 88' lang='lat' dir='ltr'><strong>in</strong></span> 
     </span>
     <span class='ocr_line' id='line_1_15' title="bbox 105 851 1436 896; baseline 0.002 -15"><span class='ocrx_word' id='word_1_113' title='bbox 105 859 249 882; x_wconf 89' lang='lat' dir='ltr'><strong>amorem</strong></span> <span class='ocrx_word' id='word_1_114' title='bbox 266 851 406 892; x_wconf 75' lang='lat' dir='ltr'><strong>libertae,</strong></span> <span class='ocrx_word' id='word_1_115' title='bbox 433 854 487 893; x_wconf 89' lang='lat' dir='ltr'><strong>qui</strong></span> <span class='ocrx_word' id='word_1_116' title='bbox 505 855 699 886; x_wconf 87' lang='lat' dir='ltr'><strong>vocabulum</strong></span> <span class='ocrx_word' id='word_1_117' title='bbox 716 857 795 886; x_wconf 77' lang='lat' dir='ltr'><strong>Acte</strong></span> <span class='ocrx_word' id='word_1_118' title='bbox 815 855 894 895; x_wconf 83' lang='lat' dir='ltr'><strong>fuit,</strong></span> <span class='ocrx_word' id='word_1_119' title='bbox 918 856 1014 887; x_wconf 86' lang='lat' dir='ltr'><strong>simul</strong></span> <span class='ocrx_word' id='word_1_120' title='bbox 1031 857 1200 896; x_wconf 82' lang='lat' dir='ltr'><strong>assumptis</strong></span> <span class='ocrx_word' id='word_1_121' title='bbox 1218 855 1249 886; x_wconf 89' lang='lat' dir='ltr'><strong>in</strong></span> <span class='ocrx_word' id='word_1_122' title='bbox 1271 853 1436 885; x_wconf 86' lang='lat' dir='ltr'><strong>conscien-</strong></span> 
     </span>
     <span class='ocr_line' id='line_1_16' title="bbox 105 898 1436 942; baseline 0.002 -13"><span class='ocrx_word' id='word_1_123' title='bbox 105 898 184 929; x_wconf 84' lang='lat' dir='ltr'><strong>tiam</strong></span> <span class='ocrx_word' id='word_1_124' title='bbox 206 899 333 930; x_wconf 87' lang='lat' dir='ltr'><strong>Othone</strong></span> <span class='ocrx_word' id='word_1_125' title='bbox 349 901 380 931; x_wconf 91' lang='lat' dir='ltr'><strong>et</strong></span> <span class='ocrx_word' id='word_1_126' title='bbox 396 900 530 932; x_wconf 87' lang='lat' dir='ltr'><strong>Claudio</strong></span> <span class='ocrx_word' id='word_1_127' title='bbox 546 902 720 933; x_wconf 86' lang='lat' dir='ltr'><strong>Senecione</strong></span> <span class='ocrx_word' id='word_1_128' title='bbox 734 926 742 940; x_wconf 88' lang='lat'><strong>,</strong></span> <span class='ocrx_word' id='word_1_129' title='bbox 760 902 1006 934; x_wconf 76' lang='lat' dir='ltr'><strong>adolescentulis</strong></span> <span class='ocrx_word' id='word_1_130' title='bbox 1030 903 1155 934; x_wconf 86' lang='lat' dir='ltr'><strong>decoris</strong></span> <span class='ocrx_word' id='word_1_131' title='bbox 1177 905 1325 942; x_wconf 86' lang='lat' dir='ltr'><strong>(quorum</strong></span> <span class='ocrx_word' id='word_1_132' title='bbox 1351 900 1436 932; x_wconf 86' lang='lat' dir='ltr'><strong>Otho</strong></span> 
     </span>
     <span class='ocr_line' id='line_1_17' title="bbox 106 945 1434 990; baseline 0.002 -14"><span class='ocrx_word' id='word_1_133' title='bbox 106 945 228 976; x_wconf 87' lang='lat' dir='ltr'><strong>familia</strong></span> <span class='ocrx_word' id='word_1_134' title='bbox 246 947 404 978; x_wconf 87' lang='lat' dir='ltr'><strong>consulari</strong></span> <span class='ocrx_word' id='word_1_135' title='bbox 421 948 444 987; x_wconf 86' lang='lat'><strong>¹,</strong></span> <span class='ocrx_word' id='word_1_136' title='bbox 458 949 588 980; x_wconf 86' lang='lat' dir='ltr'><strong>Senecio</strong></span> <span class='ocrx_word' id='word_1_137' title='bbox 613 949 726 980; x_wconf 82' lang='lat' dir='ltr'><strong>liberto</strong></span> <span class='ocrx_word' id='word_1_138' title='bbox 743 950 875 980; x_wconf 76' lang='lat' dir='ltr'><strong>Caesaris</strong></span> <span class='ocrx_word' id='word_1_139' title='bbox 898 952 989 990; x_wconf 83' lang='lat' dir='ltr'><strong>patre</strong></span> <span class='ocrx_word' id='word_1_140' title='bbox 1008 951 1133 990; x_wconf 78' lang='lat' dir='ltr'><strong>genitus</strong></span> <span class='ocrx_word' id='word_1_141' title='bbox 1145 973 1153 987; x_wconf 96' lang='lat'>‚</span> <span class='ocrx_word' id='word_1_142' title='bbox 1180 949 1288 987; x_wconf 57' lang='lat' dir='ltr'><strong>ignara</strong></span> <span class='ocrx_word' id='word_1_143' title='bbox 1310 950 1410 979; x_wconf 86' lang='lat' dir='ltr'><strong>matre</strong></span> <span class='ocrx_word' id='word_1_144' title='bbox 1425 969 1434 985; x_wconf 91' lang='lat'>‚</span> 
     </span>
     <span class='ocr_line' id='line_1_18' title="bbox 106 991 1436 1036; baseline 0.002 -14"><span class='ocrx_word' id='word_1_145' title='bbox 106 991 182 1023; x_wconf 88' lang='lat' dir='ltr'><strong>dein</strong></span> <span class='ocrx_word' id='word_1_146' title='bbox 202 992 320 1024; x_wconf 85' lang='lat' dir='ltr'><strong>frustra</strong></span> <span class='ocrx_word' id='word_1_147' title='bbox 331 993 497 1026; x_wconf 84' lang='lat' dir='ltr'><strong>obnitente</strong></span> <span class='ocrx_word' id='word_1_148' title='bbox 509 1019 518 1034; x_wconf 85' lang='lat'><strong>,</strong></span> <span class='ocrx_word' id='word_1_149' title='bbox 534 995 664 1035; x_wconf 86' lang='lat' dir='ltr'><strong>penitus</strong></span> <span class='ocrx_word' id='word_1_150' title='bbox 679 996 852 1035; x_wconf 80' lang='lat' dir='ltr'><strong>irrepserat</strong></span> <span class='ocrx_word' id='word_1_151' title='bbox 868 1006 923 1036; x_wconf 81' lang='lat' dir='ltr'><strong>per</strong></span> <span class='ocrx_word' id='word_1_152' title='bbox 940 997 1052 1027; x_wconf 78' lang='lat' dir='ltr'><strong>luxum</strong></span> <span class='ocrx_word' id='word_1_153' title='bbox 1076 1000 1107 1028; x_wconf 89' lang='lat' dir='ltr'><strong>et</strong></span> <span class='ocrx_word' id='word_1_154' title='bbox 1121 996 1271 1035; x_wconf 82' lang='lat' dir='ltr'><strong>ambigua</strong></span> <span class='ocrx_word' id='word_1_155' title='bbox 1288 995 1436 1032; x_wconf 81' lang='lat' dir='ltr'><strong>secreta),</strong></span> 
     </span>
     <span class='ocr_line' id='line_1_19' title="bbox 107 1040 1436 1082; baseline 0.002 -12"><span class='ocrx_word' id='word_1_156' title='bbox 107 1046 149 1070; x_wconf 89' lang='lat' dir='ltr'><strong>ne</strong></span> <span class='ocrx_word' id='word_1_157' title='bbox 170 1040 353 1071; x_wconf 89' lang='lat' dir='ltr'><strong>senioribus</strong></span> <span class='ocrx_word' id='word_1_158' title='bbox 370 1041 500 1080; x_wconf 85' lang='lat' dir='ltr'><strong>quidem</strong></span> <span class='ocrx_word' id='word_1_159' title='bbox 520 1042 677 1082; x_wconf 87' lang='lat' dir='ltr'><strong>Principis</strong></span> <span class='ocrx_word' id='word_1_160' title='bbox 693 1043 804 1073; x_wconf 83' lang='lat' dir='ltr'><strong>amicis</strong></span> <span class='ocrx_word' id='word_1_161' title='bbox 824 1043 1090 1082; x_wconf 81' lang='lat' dir='ltr'><strong>adversantilms,</strong></span> <span class='ocrx_word' id='word_1_162' title='bbox 1113 1042 1299 1073; x_wconf 81' lang='lat' dir='ltr'><strong>muliercula</strong></span> <span class='ocrx_word' id='word_1_163' title='bbox 1316 1041 1436 1073; x_wconf 84' lang='lat' dir='ltr'><strong>nemini</strong></span> 
     </span>
     <span class='ocr_line' id='line_1_20' title="bbox 106 1086 1437 1129; baseline 0.002 -11"><span class='ocrx_word' id='word_1_164' title='bbox 106 1086 260 1124; x_wconf 86' lang='lat' dir='ltr'><strong>injuriam</strong></span> <span class='ocrx_word' id='word_1_165' title='bbox 275 1087 451 1127; x_wconf 82' lang='lat' dir='ltr'><strong>asserente,</strong></span> <span class='ocrx_word' id='word_1_166' title='bbox 469 1089 599 1128; x_wconf 84' lang='lat' dir='ltr'><strong>quando</strong></span> <span class='ocrx_word' id='word_1_167' title='bbox 619 1098 718 1119; x_wconf 79' lang='lat' dir='ltr'><strong>uxore</strong></span> <span class='ocrx_word' id='word_1_168' title='bbox 736 1089 776 1119; x_wconf 82' lang='lat' dir='ltr'><strong>ab</strong></span> <span class='ocrx_word' id='word_1_169' title='bbox 791 1091 923 1120; x_wconf 68' lang='lat' dir='ltr'><strong>octavia</strong></span> <span class='ocrx_word' id='word_1_170' title='bbox 937 1114 945 1126; x_wconf 96' lang='lat'><strong>,</strong></span> <span class='ocrx_word' id='word_1_171' title='bbox 961 1090 1063 1121; x_wconf 87' lang='lat' dir='ltr'><strong>nubili</strong></span> <span class='ocrx_word' id='word_1_172' title='bbox 1078 1089 1209 1129; x_wconf 82' lang='lat' dir='ltr'><strong>quidem</strong></span> <span class='ocrx_word' id='word_1_173' title='bbox 1223 1090 1255 1119; x_wconf 86' lang='lat' dir='ltr'><strong>et</strong></span> <span class='ocrx_word' id='word_1_174' title='bbox 1270 1088 1437 1128; x_wconf 83' lang='lat' dir='ltr'><strong>probitatis</strong></span> 
     </span>
     <span class='ocr_line' id='line_1_21' title="bbox 106 1134 1437 1176; baseline 0.002 -12"><span class='ocrx_word' id='word_1_175' title='bbox 106 1135 270 1173; x_wconf 81' lang='lat' dir='ltr'><strong>spectatae,</strong></span> <span class='ocrx_word' id='word_1_176' title='bbox 287 1134 352 1165; x_wconf 89' lang='lat' dir='ltr'><strong>fato</strong></span> <span class='ocrx_word' id='word_1_177' title='bbox 375 1135 534 1174; x_wconf 81' lang='lat' dir='ltr'><strong>quodam,</strong></span> <span class='ocrx_word' id='word_1_178' title='bbox 558 1145 598 1166; x_wconf 89' lang='lat' dir='ltr'><strong>an</strong></span> <span class='ocrx_word' id='word_1_179' title='bbox 615 1137 690 1176; x_wconf 88' lang='lat' dir='ltr'><strong>quia</strong></span> <span class='ocrx_word' id='word_1_180' title='bbox 706 1136 880 1176; x_wconf 80' lang='lat' dir='ltr'><strong>praevalent</strong></span> <span class='ocrx_word' id='word_1_181' title='bbox 896 1136 1005 1167; x_wconf 84' lang='lat' dir='ltr'><strong>illicita</strong></span> <span class='ocrx_word' id='word_1_182' title='bbox 1018 1159 1025 1173; x_wconf 93' lang='lat'>‚</span> <span class='ocrx_word' id='word_1_183' title='bbox 1048 1136 1239 1167; x_wconf 81' lang='lat' dir='ltr'><strong>abhorrebat</strong></span> <span class='ocrx_word' id='word_1_184' title='bbox 1252 1135 1262 1153; x_wconf 82' lang='lat'>²</span> <span class='ocrx_word' id='word_1_185' title='bbox 1281 1146 1290 1175; x_wconf 92' lang='lat'>;</span> <span class='ocrx_word' id='word_1_186' title='bbox 1315 1139 1437 1167; x_wconf 84' lang='lat' dir='ltr'><strong>metue-</strong></span> 
     </span>
     <span class='ocr_line' id='line_1_22' title="bbox 107 1178 1226 1223; baseline 0.003 -12"><span class='ocrx_word' id='word_1_187' title='bbox 107 1178 266 1222; x_wconf 80' lang='lat' dir='ltr'><strong>baturque</strong></span> <span class='ocrx_word' id='word_1_188' title='bbox 279 1192 318 1214; x_wconf 91' lang='lat' dir='ltr'><strong>ne</strong></span> <span class='ocrx_word' id='word_1_189' title='bbox 334 1182 367 1212; x_wconf 91' lang='lat' dir='ltr'><strong>in</strong></span> <span class='ocrx_word' id='word_1_190' title='bbox 388 1182 523 1213; x_wconf 81' lang='lat' dir='ltr'><strong>feminas</strong></span> <span class='ocrx_word' id='word_1_191' title='bbox 539 1182 681 1214; x_wconf 81' lang='lat' dir='ltr'><strong>illustres</strong></span> <span class='ocrx_word' id='word_1_192' title='bbox 694 1186 858 1222; x_wconf 83' lang='lat' dir='ltr'><strong>peccaret,</strong></span> <span class='ocrx_word' id='word_1_193' title='bbox 875 1183 902 1213; x_wconf 82' lang='lat' dir='ltr'><strong>si</strong></span> <span class='ocrx_word' id='word_1_194' title='bbox 920 1183 973 1214; x_wconf 73' lang='lat' dir='ltr'><strong>illa</strong></span> <span class='ocrx_word' id='word_1_195' title='bbox 991 1184 1226 1223; x_wconf 83' lang='lat' dir='ltr'><strong>prohiberetur.</strong></span> 
     </span>
    </p>

    <p class='ocr_par' dir='ltr' id='par_1_5' title="bbox 105 1230 1439 2158">
     <span class='ocr_line' id='line_1_23' title="bbox 146 1230 1437 1270; baseline 0.003 -11"><span class='ocrx_word' id='word_1_196' title='bbox 146 1232 230 1260; x_wconf 84' lang='lat' dir='ltr'>XIII.</span> <span class='ocrx_word' id='word_1_197' title='bbox 254 1230 315 1261; x_wconf 87' lang='lat' dir='ltr'><strong>Sed</strong></span> <span class='ocrx_word' id='word_1_198' title='bbox 343 1230 516 1270; x_wconf 81' lang='lat' dir='ltr'><strong>Agrippina</strong></span> <span class='ocrx_word' id='word_1_199' title='bbox 547 1230 708 1263; x_wconf 76' lang='lat' dir='ltr'><strong>libertam</strong></span> <span class='ocrx_word' id='word_1_200' title='bbox 736 1230 922 1269; x_wconf 78' lang='lat' dir='ltr'><strong>oemulam,</strong></span> <span class='ocrx_word' id='word_1_201' title='bbox 953 1239 1083 1262; x_wconf 75' lang='lat' dir='ltr'><strong>nurum.</strong></span> <span class='ocrx_word' id='word_1_202' title='bbox 1109 1230 1293 1262; x_wconf 68' lang='lat' dir='ltr'><strong>(ancillam¹</strong></span> <span class='ocrx_word' id='word_1_203' title='bbox 1312 1231 1437 1270; x_wconf 86' lang='lat' dir='ltr'><strong>aliaque</strong></span> 
     </span>
     <span class='ocr_line' id='line_1_24' title="bbox 107 1278 1439 1319; baseline -0.002 -9"><span class='ocrx_word' id='word_1_204' title='bbox 107 1280 247 1311; x_wconf 77' lang='lat' dir='ltr'><strong>eundem</strong></span> <span class='ocrx_word' id='word_1_205' title='bbox 264 1280 297 1311; x_wconf 90' lang='lat' dir='ltr'><strong>in</strong></span> <span class='ocrx_word' id='word_1_206' title='bbox 318 1279 450 1310; x_wconf 79' lang='lat' dir='ltr'><strong>modurn</strong></span> <span class='ocrx_word' id='word_1_207' title='bbox 467 1278 670 1310; x_wconf 75' lang='lat' dir='ltr'><strong>muliebriter</strong></span> <span class='ocrx_word' id='word_1_208' title='bbox 694 1279 841 1311; x_wconf 75' lang='lat' dir='ltr'><strong>fremere.</strong></span> <span class='ocrx_word' id='word_1_209' title='bbox 869 1288 974 1319; x_wconf 85' lang='lat' dir='ltr'><strong>neque</strong></span> <span class='ocrx_word' id='word_1_210' title='bbox 993 1278 1217 1319; x_wconf 82' lang='lat' dir='ltr'><strong>poenitentiam</strong></span> <span class='ocrx_word' id='word_1_211' title='bbox 1243 1278 1298 1308; x_wconf 80' lang='lat' dir='ltr'><strong>filii</strong></span> <span class='ocrx_word' id='word_1_212' title='bbox 1320 1280 1374 1309; x_wconf 84' lang='lat' dir='ltr'><strong>aut</strong></span> <span class='ocrx_word' id='word_1_213' title='bbox 1393 1287 1439 1308; x_wconf 84' lang='lat' dir='ltr'><strong>sa-</strong></span> 
     </span>
     <span class='ocr_line' id='line_1_25' title="bbox 109 1325 1439 1366; baseline -0.001 -9"><span class='ocrx_word' id='word_1_214' title='bbox 109 1328 252 1358; x_wconf 66' lang='lat' dir='ltr'><strong>tivtatem</strong></span> <span class='ocrx_word' id='word_1_215' title='bbox 273 1326 412 1366; x_wconf 86' lang='lat' dir='ltr'><strong>opperiri</strong></span> <span class='ocrx_word' id='word_1_216' title='bbox 431 1337 436 1353; x_wconf 80' lang='lat' dir='ltr'><em>z</em></span> <span class='ocrx_word' id='word_1_217' title='bbox 453 1327 638 1365; x_wconf 86' lang='lat' dir='ltr'><strong>quantoque</strong></span> <span class='ocrx_word' id='word_1_218' title='bbox 656 1326 786 1357; x_wconf 79' lang='lat' dir='ltr'><strong>foediora</strong></span> <span class='ocrx_word' id='word_1_219' title='bbox 801 1325 1034 1366; x_wconf 80' lang='lat' dir='ltr'><strong>exprobrabat,</strong></span> <span class='ocrx_word' id='word_1_220' title='bbox 1056 1326 1162 1356; x_wconf 85' lang='lat' dir='ltr'><strong>acrius</strong></span> <span class='ocrx_word' id='word_1_221' title='bbox 1178 1325 1367 1365; x_wconf 78' lang='lat' dir='ltr'><strong>accendere,</strong></span> <span class='ocrx_word' id='word_1_222' title='bbox 1382 1325 1439 1356; x_wconf 86' lang='lat' dir='ltr'><strong>do-</strong></span> 
     </span>
     <span class='ocr_line' id='line_1_26' title="bbox 108 1372 1438 1413; baseline 0 -8"><span class='ocrx_word' id='word_1_223' title='bbox 108 1384 166 1405; x_wconf 72' lang='lat' dir='ltr'><strong>nec</strong></span> <span class='ocrx_word' id='word_1_224' title='bbox 184 1375 214 1404; x_wconf 71' lang='lat' dir='ltr'><strong>ri</strong></span> <span class='ocrx_word' id='word_1_225' title='bbox 238 1373 358 1404; x_wconf 88' lang='lat' dir='ltr'><strong>amoris</strong></span> <span class='ocrx_word' id='word_1_226' title='bbox 375 1372 550 1410; x_wconf 82' lang='lat' dir='ltr'><strong>subactus,</strong></span> <span class='ocrx_word' id='word_1_227' title='bbox 578 1375 710 1405; x_wconf 80' lang='lat' dir='ltr'><strong>exueret</strong></span> <span class='ocrx_word' id='word_1_228' title='bbox 737 1373 927 1413; x_wconf 88' lang='lat' dir='ltr'><strong>obsequium</strong></span> <span class='ocrx_word' id='word_1_229' title='bbox 956 1373 986 1403; x_wconf 89' lang='lat' dir='ltr'><strong>in</strong></span> <span class='ocrx_word' id='word_1_230' title='bbox 1010 1374 1164 1411; x_wconf 83' lang='lat' dir='ltr'><strong>matrem,</strong></span> <span class='ocrx_word' id='word_1_231' title='bbox 1191 1381 1288 1411; x_wconf 82' lang='lat' dir='ltr'><strong>seque</strong></span> <span class='ocrx_word' id='word_1_232' title='bbox 1310 1376 1438 1405; x_wconf 82' lang='lat' dir='ltr'><strong>Senecae</strong></span> 
     </span>
     <span class='ocr_line' id='line_1_27' title="bbox 107 1419 1436 1462; baseline -0.001 -11"><span class='ocrx_word' id='word_1_233' title='bbox 107 1423 319 1462; x_wconf 68' lang='lat' dir='ltr'><strong>permitteret.</strong></span> <span class='ocrx_word' id='word_1_234' title='bbox 339 1429 377 1450; x_wconf 82' lang='lat' dir='ltr'><strong>ex</strong></span> <span class='ocrx_word' id='word_1_235' title='bbox 396 1421 487 1458; x_wconf 74' lang='lat' dir='ltr'><strong>cujus</strong></span> <span class='ocrx_word' id='word_1_236' title='bbox 505 1420 718 1451; x_wconf 86' lang='lat' dir='ltr'><strong>familiaribus</strong></span> <span class='ocrx_word' id='word_1_237' title='bbox 736 1424 878 1452; x_wconf 69' lang='lat' dir='ltr'><strong>Annaeus</strong></span> <span class='ocrx_word' id='word_1_238' title='bbox 900 1423 1037 1451; x_wconf 84' lang='lat' dir='ltr'><strong>Serenus</strong></span> <span class='ocrx_word' id='word_1_239' title='bbox 1055 1419 1066 1436; x_wconf 86' lang='lat'><em>²</em></span> <span class='ocrx_word' id='word_1_240' title='bbox 1089 1420 1294 1450; x_wconf 84' lang='lat' dir='ltr'><strong>simulatione</strong></span> <span class='ocrx_word' id='word_1_241' title='bbox 1319 1419 1436 1451; x_wconf 87' lang='lat' dir='ltr'><strong>amoris</strong></span> 
     </span>
     <span class='ocr_line' id='line_1_28' title="bbox 109 1466 1439 1507; baseline -0.002 -7"><span class='ocrx_word' id='word_1_242' title='bbox 109 1471 261 1501; x_wconf 73' lang='lat' dir='ltr'><strong>adversus</strong></span> <span class='ocrx_word' id='word_1_243' title='bbox 278 1467 413 1499; x_wconf 80' lang='lat' dir='ltr'><strong>eandem</strong></span> <span class='ocrx_word' id='word_1_244' title='bbox 438 1467 584 1497; x_wconf 84' lang='lat' dir='ltr'><strong>libertam</strong></span> <span class='ocrx_word' id='word_1_245' title='bbox 612 1468 735 1507; x_wconf 83' lang='lat' dir='ltr'><strong>primas</strong></span> <span class='ocrx_word' id='word_1_246' title='bbox 762 1467 976 1498; x_wconf 84' lang='lat' dir='ltr'><strong>adolescentis</strong></span> <span class='ocrx_word' id='word_1_247' title='bbox 993 1466 1161 1507; x_wconf 80' lang='lat' dir='ltr'><strong>cupidines</strong></span> <span class='ocrx_word' id='word_1_248' title='bbox 1178 1466 1339 1497; x_wconf 75' lang='lat' dir='ltr'><strong>velaverat</strong></span> <span class='ocrx_word' id='word_1_249' title='bbox 1357 1475 1439 1506; x_wconf 83' lang='lat' dir='ltr'><strong>prae·</strong></span> 
     </span>
     <span class='ocr_line' id='line_1_29' title="bbox 107 1513 1438 1555; baseline -0.003 -6"><span class='ocrx_word' id='word_1_250' title='bbox 107 1519 285 1555; x_wconf 81' lang='lat' dir='ltr'><strong>bueratque</strong></span> <span class='ocrx_word' id='word_1_251' title='bbox 301 1523 430 1553; x_wconf 86' lang='lat' dir='ltr'><strong>nomen,</strong></span> <span class='ocrx_word' id='word_1_252' title='bbox 448 1515 484 1544; x_wconf 89' lang='lat' dir='ltr'><strong>ut</strong></span> <span class='ocrx_word' id='word_1_253' title='bbox 497 1538 505 1552; x_wconf 87' lang='lat'><strong>,</strong></span> <span class='ocrx_word' id='word_1_254' title='bbox 524 1523 596 1553; x_wconf 81' lang='lat' dir='ltr'><strong>quae</strong></span> <span class='ocrx_word' id='word_1_255' title='bbox 611 1514 621 1531; x_wconf 81' lang='lat'>³</span> <span class='ocrx_word' id='word_1_256' title='bbox 644 1514 794 1554; x_wconf 83' lang='lat' dir='ltr'><strong>Princeps</strong></span> <span class='ocrx_word' id='word_1_257' title='bbox 826 1514 938 1544; x_wconf 86' lang='lat' dir='ltr'><strong>furtim</strong></span> <span class='ocrx_word' id='word_1_258' title='bbox 959 1514 1155 1544; x_wconf 77' lang='lat' dir='ltr'><strong>mulierculae</strong></span> <span class='ocrx_word' id='word_1_259' title='bbox 1175 1513 1357 1551; x_wconf 83' lang='lat' dir='ltr'><strong>tribuebat,</strong></span> <span class='ocrx_word' id='word_1_260' title='bbox 1385 1513 1438 1545; x_wconf 84' lang='lat' dir='ltr'><strong>itte</strong></span> 
     </span>
     <span class='ocr_line' id='line_1_30' title="bbox 106 1559 1437 1605; baseline -0.003 -10"><span class='ocrx_word' id='word_1_261' title='bbox 106 1565 212 1605; x_wconf 80' lang='lat' dir='ltr'><strong>palam</strong></span> <span class='ocrx_word' id='word_1_262' title='bbox 229 1561 406 1601; x_wconf 72' lang='lat' dir='ltr'><strong>largiretur.</strong></span> <span class='ocrx_word' id='word_1_263' title='bbox 426 1564 508 1591; x_wconf 81' lang='lat' dir='ltr'><strong>Tum</strong></span> <span class='ocrx_word' id='word_1_264' title='bbox 527 1560 722 1600; x_wconf 78' lang='lat' dir='ltr'><strong>Agrippina,</strong></span> <span class='ocrx_word' id='word_1_265' title='bbox 742 1560 844 1591; x_wconf 83' lang='lat' dir='ltr'><strong>versis</strong></span> <span class='ocrx_word' id='word_1_266' title='bbox 867 1560 992 1592; x_wconf 84' lang='lat' dir='ltr'><strong>artibus</strong></span> <span class='ocrx_word' id='word_1_267' title='bbox 1006 1584 1014 1598; x_wconf 87' lang='lat'><strong>,</strong></span> <span class='ocrx_word' id='word_1_268' title='bbox 1032 1569 1087 1600; x_wconf 90' lang='lat' dir='ltr'><strong>per</strong></span> <span class='ocrx_word' id='word_1_269' title='bbox 1105 1560 1324 1590; x_wconf 87' lang='lat' dir='ltr'><strong>blandimenta</strong></span> <span class='ocrx_word' id='word_1_270' title='bbox 1343 1559 1437 1598; x_wconf 89' lang='lat' dir='ltr'><strong>juve-</strong></span> 
     </span>
     <span class='ocr_line' id='line_1_31' title="bbox 105 1607 1438 1649; baseline -0.002 -7"><span class='ocrx_word' id='word_1_271' title='bbox 105 1619 180 1642; x_wconf 92' lang='lat' dir='ltr'><strong>nem</strong></span> <span class='ocrx_word' id='word_1_272' title='bbox 195 1609 341 1649; x_wconf 73' lang='lat' dir='ltr'><strong>aggredi,</strong></span> <span class='ocrx_word' id='word_1_273' title='bbox 359 1616 461 1639; x_wconf 77' lang='lat' dir='ltr'><strong>suum</strong></span> <span class='ocrx_word' id='word_1_274' title='bbox 476 1609 593 1647; x_wconf 62' lang='lat' dir='ltr'><strong>potius</strong></span> <span class='ocrx_word' id='word_1_275' title='bbox 609 1609 722 1638; x_wconf 68' lang='lat' dir='ltr'><strong>sinum</strong></span> <span class='ocrx_word' id='word_1_276' title='bbox 742 1607 859 1638; x_wconf 85' lang='lat' dir='ltr'><strong>offerre</strong></span> <span class='ocrx_word' id='word_1_277' title='bbox 881 1607 1093 1647; x_wconf 71' lang='lat' dir='ltr'><strong>conteqendis</strong></span> <span class='ocrx_word' id='word_1_278' title='bbox 1119 1615 1197 1647; x_wconf 73' lang='lat' dir='ltr'><strong>quse</strong></span> <span class='ocrx_word' id='word_1_279' title='bbox 1218 1608 1334 1646; x_wconf 78' lang='lat' dir='ltr'><strong>prima</strong></span> <span class='ocrx_word' id='word_1_280' title='bbox 1350 1608 1438 1640; x_wconf 83' lang='lat' dir='ltr'><strong>aetas</strong></span> 
     </span>
     <span class='ocr_line' id='line_1_32' title="bbox 106 1653 1436 1695; baseline -0.003 -6"><span class='ocrx_word' id='word_1_281' title='bbox 106 1659 142 1689; x_wconf 78' lang='lat' dir='ltr'><strong>et</strong></span> <span class='ocrx_word' id='word_1_282' title='bbox 157 1665 293 1688; x_wconf 82' lang='lat' dir='ltr'><strong>summa</strong></span> <span class='ocrx_word' id='word_1_283' title='bbox 303 1655 459 1695; x_wconf 80' lang='lat' dir='ltr'><strong>fortuna</strong></span> <span class='ocrx_word' id='word_1_284' title='bbox 475 1656 686 1693; x_wconf 57' lang='lat' dir='ltr'><strong>empeterent.</strong></span> <span class='ocrx_word' id='word_1_285' title='bbox 706 1654 783 1693; x_wconf 90' lang='lat' dir='ltr'><strong>quin</strong></span> <span class='ocrx_word' id='word_1_286' title='bbox 800 1655 832 1685; x_wconf 88' lang='lat' dir='ltr'><strong>et</strong></span> <span class='ocrx_word' id='word_1_287' title='bbox 850 1653 1008 1684; x_wconf 80' lang='lat' dir='ltr'><strong>fatebatur</strong></span> <span class='ocrx_word' id='word_1_288' title='bbox 1022 1655 1299 1693; x_wconf 72' lang='lat' dir='ltr'><strong>intempestivam</strong></span> <span class='ocrx_word' id='word_1_289' title='bbox 1313 1657 1436 1686; x_wconf 78' lang='lat' dir='ltr'><strong>severi·</strong></span> 
     </span>
     <span class='ocr_line' id='line_1_33' title="bbox 106 1700 1437 1740; baseline -0.003 -3"><span class='ocrx_word' id='word_1_290' title='bbox 106 1706 217 1737; x_wconf 76' lang='lat' dir='ltr'><strong>tatem</strong></span> <span class='ocrx_word' id='word_1_291' title='bbox 230 1725 240 1739; x_wconf 92' lang='lat'><strong>,</strong></span> <span class='ocrx_word' id='word_1_292' title='bbox 263 1706 293 1734; x_wconf 90' lang='lat' dir='ltr'><strong>et</strong></span> <span class='ocrx_word' id='word_1_293' title='bbox 308 1710 437 1733; x_wconf 86' lang='lat' dir='ltr'><strong>suarum</strong></span> <span class='ocrx_word' id='word_1_294' title='bbox 456 1709 571 1740; x_wconf 89' lang='lat' dir='ltr'><strong>opum,</strong></span> <span class='ocrx_word' id='word_1_295' title='bbox 592 1709 665 1740; x_wconf 82' lang='lat' dir='ltr'><strong>quae</strong></span> <span class='ocrx_word' id='word_1_296' title='bbox 683 1700 766 1731; x_wconf 87' lang='lat' dir='ltr'><strong>haud</strong></span> <span class='ocrx_word' id='word_1_297' title='bbox 791 1700 903 1740; x_wconf 83' lang='lat' dir='ltr'><strong>procul</strong></span> <span class='ocrx_word' id='word_1_298' title='bbox 922 1700 1137 1740; x_wconf 85' lang='lat' dir='ltr'><strong>imperatoriis</strong></span> <span class='ocrx_word' id='word_1_299' title='bbox 1155 1700 1310 1738; x_wconf 85' lang='lat' dir='ltr'><strong>aberant,</strong></span> <span class='ocrx_word' id='word_1_300' title='bbox 1329 1700 1437 1740; x_wconf 84' lang='lat' dir='ltr'><strong>copias</strong></span> 
     </span>
     <span class='ocr_line' id='line_1_34' title="bbox 106 1747 1436 1788; baseline -0.004 -5"><span class='ocrx_word' id='word_1_301' title='bbox 106 1751 273 1788; x_wconf 83' lang='lat' dir='ltr'><strong>tradebat,</strong></span> <span class='ocrx_word' id='word_1_302' title='bbox 301 1751 337 1780; x_wconf 89' lang='lat' dir='ltr'><strong>ut</strong></span> <span class='ocrx_word' id='word_1_303' title='bbox 356 1748 455 1779; x_wconf 83' lang='lat' dir='ltr'><strong>nimia</strong></span> <span class='ocrx_word' id='word_1_304' title='bbox 472 1756 577 1787; x_wconf 85' lang='lat' dir='ltr'><strong>nuper</strong></span> <span class='ocrx_word' id='word_1_305' title='bbox 602 1747 781 1778; x_wconf 85' lang='lat' dir='ltr'><strong>coercendo</strong></span> <span class='ocrx_word' id='word_1_306' title='bbox 799 1748 881 1785; x_wconf 85' lang='lat' dir='ltr'><strong>tilio,</strong></span> <span class='ocrx_word' id='word_1_307' title='bbox 904 1747 948 1778; x_wconf 84' lang='lat' dir='ltr'><strong>ita</strong></span> <span class='ocrx_word' id='word_1_308' title='bbox 971 1756 1098 1778; x_wconf 87' lang='lat' dir='ltr'><strong>rursum</strong></span> <span class='ocrx_word' id='word_1_309' title='bbox 1116 1747 1367 1786; x_wconf 81' lang='lat' dir='ltr'><strong>intemperanter</strong></span> <span class='ocrx_word' id='word_1_310' title='bbox 1379 1747 1436 1780; x_wconf 91' lang='lat' dir='ltr'><strong>de-</strong></span> 
     </span>
     <span class='ocr_line' id='line_1_35' title="bbox 106 1794 1439 1837; baseline -0.002 -7"><span class='ocrx_word' id='word_1_311' title='bbox 106 1799 216 1830; x_wconf 84' lang='lat' dir='ltr'><strong>missa.</strong></span> <span class='ocrx_word' id='word_1_312' title='bbox 233 1806 306 1837; x_wconf 84' lang='lat' dir='ltr'><strong>quae</strong></span> <span class='ocrx_word' id='word_1_313' title='bbox 323 1795 461 1827; x_wconf 81' lang='lat' dir='ltr'><strong>mutatio</strong></span> <span class='ocrx_word' id='word_1_314' title='bbox 476 1803 581 1834; x_wconf 87' lang='lat' dir='ltr'><strong>neque</strong></span> <span class='ocrx_word' id='word_1_315' title='bbox 597 1798 753 1825; x_wconf 85' lang='lat' dir='ltr'><strong>Neronem</strong></span> <span class='ocrx_word' id='word_1_316' title='bbox 772 1794 900 1833; x_wconf 86' lang='lat' dir='ltr'><strong>fefellit,</strong></span> <span class='ocrx_word' id='word_1_317' title='bbox 918 1796 950 1825; x_wconf 89' lang='lat' dir='ltr'><strong>et</strong></span> <span class='ocrx_word' id='word_1_318' title='bbox 967 1794 1105 1834; x_wconf 82' lang='lat' dir='ltr'><strong>proximi</strong></span> <span class='ocrx_word' id='word_1_319' title='bbox 1122 1794 1300 1824; x_wconf 78' lang='lat' dir='ltr'><strong>amicorum</strong></span> <span class='ocrx_word' id='word_1_320' title='bbox 1319 1797 1439 1827; x_wconf 81' lang='lat' dir='ltr'><strong>metue·</strong></span> 
     </span>
     <span class='ocr_line' id='line_1_36' title="bbox 105 1840 1434 1882; baseline -0.003 -5"><span class='ocrx_word' id='word_1_321' title='bbox 105 1845 185 1877; x_wconf 86' lang='lat' dir='ltr'><strong>bant</strong></span> <span class='ocrx_word' id='word_1_322' title='bbox 200 1845 402 1882; x_wconf 86' lang='lat' dir='ltr'><strong>orabantque</strong></span> <span class='ocrx_word' id='word_1_323' title='bbox 414 1850 534 1873; x_wconf 77' lang='lat' dir='ltr'><strong>cavere</strong></span> <span class='ocrx_word' id='word_1_324' title='bbox 550 1840 695 1872; x_wconf 74' lang='lat' dir='ltr'><strong>insidias</strong></span> <span class='ocrx_word' id='word_1_325' title='bbox 708 1842 866 1872; x_wconf 71' lang='lat' dir='ltr'><strong>ntulierts</strong></span> <span class='ocrx_word' id='word_1_326' title='bbox 879 1849 1012 1881; x_wconf 80' lang='lat' dir='ltr'><strong>semper</strong></span> <span class='ocrx_word' id='word_1_327' title='bbox 1026 1842 1152 1871; x_wconf 76' lang='lat' dir='ltr'><strong>atrocis</strong></span> <span class='ocrx_word' id='word_1_328' title='bbox 1162 1864 1170 1877; x_wconf 95' lang='lat'>‚</span> <span class='ocrx_word' id='word_1_329' title='bbox 1182 1842 1255 1871; x_wconf 77' lang='lat' dir='ltr'><strong>tum</strong></span> <span class='ocrx_word' id='word_1_330' title='bbox 1272 1842 1305 1871; x_wconf 75' lang='lat' dir='ltr'><strong>ct</strong></span> <span class='ocrx_word' id='word_1_331' title='bbox 1312 1840 1434 1879; x_wconf 84' lang='lat' dir='ltr'><strong>salsae.</strong></span> 
     </span>
     <span class='ocr_line' id='line_1_37' title="bbox 106 1887 1436 1928; baseline -0.003 -4"><span class='ocrx_word' id='word_1_332' title='bbox 106 1894 199 1924; x_wconf 90' lang='lat' dir='ltr'><strong>Forte</strong></span> <span class='ocrx_word' id='word_1_333' title='bbox 214 1892 279 1922; x_wconf 88' lang='lat' dir='ltr'><strong>illis</strong></span> <span class='ocrx_word' id='word_1_334' title='bbox 295 1889 407 1921; x_wconf 89' lang='lat' dir='ltr'><strong>diebus</strong></span> <span class='ocrx_word' id='word_1_335' title='bbox 424 1893 543 1926; x_wconf 81' lang='lat' dir='ltr'><strong>Caesar,</strong></span> <span class='ocrx_word' id='word_1_336' title='bbox 560 1888 706 1927; x_wconf 83' lang='lat' dir='ltr'><strong>inspecto</strong></span> <span class='ocrx_word' id='word_1_337' title='bbox 723 1891 838 1919; x_wconf 84' lang='lat' dir='ltr'><strong>ornatu</strong></span> <span class='ocrx_word' id='word_1_338' title='bbox 865 1897 929 1928; x_wconf 90' lang='lat' dir='ltr'><strong>quo</strong></span> <span class='ocrx_word' id='word_1_339' title='bbox 946 1887 1130 1927; x_wconf 85' lang='lat' dir='ltr'><strong>Principum</strong></span> <span class='ocrx_word' id='word_1_340' title='bbox 1154 1888 1307 1927; x_wconf 82' lang='lat' dir='ltr'><strong>conjuges</strong></span> <span class='ocrx_word' id='word_1_341' title='bbox 1325 1896 1362 1918; x_wconf 87' lang='lat' dir='ltr'><strong>ac</strong></span> <span class='ocrx_word' id='word_1_342' title='bbox 1378 1897 1436 1928; x_wconf 83' lang='lat' dir='ltr'><strong>pa-</strong></span> 
     </span>
     <span class='ocr_line' id='line_1_38' title="bbox 105 1934 1432 1975; baseline -0.004 -5"><span class='ocrx_word' id='word_1_343' title='bbox 105 1941 212 1970; x_wconf 86' lang='lat' dir='ltr'><strong>rentes</strong></span> <span class='ocrx_word' id='word_1_344' title='bbox 237 1938 445 1975; x_wconf 82' lang='lat' dir='ltr'><strong>effulserant,</strong></span> <span class='ocrx_word' id='word_1_345' title='bbox 475 1935 586 1975; x_wconf 82' lang='lat' dir='ltr'><strong>deligit</strong></span> <span class='ocrx_word' id='word_1_346' title='bbox 610 1939 733 1966; x_wconf 82' lang='lat' dir='ltr'><strong>vestem</strong></span> <span class='ocrx_word' id='word_1_347' title='bbox 751 1937 783 1966; x_wconf 86' lang='lat' dir='ltr'><strong>et</strong></span> <span class='ocrx_word' id='word_1_348' title='bbox 808 1944 968 1974; x_wconf 79' lang='lat' dir='ltr'><strong>gemmas,</strong></span> <span class='ocrx_word' id='word_1_349' title='bbox 987 1935 1140 1974; x_wconf 85' lang='lat' dir='ltr'><strong>misitque</strong></span> <span class='ocrx_word' id='word_1_350' title='bbox 1166 1934 1290 1965; x_wconf 87' lang='lat' dir='ltr'><strong>donum</strong></span> <span class='ocrx_word' id='word_1_351' title='bbox 1315 1934 1432 1970; x_wconf 86' lang='lat' dir='ltr'><strong>matri,</strong></span> 
     </span>
     <span class='ocr_line' id='line_1_39' title="bbox 105 1980 1435 2026; baseline -0.005 -9"><span class='ocrx_word' id='word_1_352' title='bbox 105 1986 194 2017; x_wconf 86' lang='lat' dir='ltr'><strong>nulla</strong></span> <span class='ocrx_word' id='word_1_353' title='bbox 206 1984 402 2026; x_wconf 85' lang='lat' dir='ltr'><strong>parcimonia</strong></span> <span class='ocrx_word' id='word_1_354' title='bbox 416 2007 424 2022; x_wconf 98' lang='lat'><strong>,</strong></span> <span class='ocrx_word' id='word_1_355' title='bbox 439 1991 541 2022; x_wconf 85' lang='lat' dir='ltr'><strong>quum</strong></span> <span class='ocrx_word' id='word_1_356' title='bbox 556 1982 718 2022; x_wconf 78' lang='lat' dir='ltr'><strong>praecipua</strong></span> <span class='ocrx_word' id='word_1_357' title='bbox 730 1983 763 2013; x_wconf 89' lang='lat' dir='ltr'><strong>et</strong></span> <span class='ocrx_word' id='word_1_358' title='bbox 778 1981 886 2021; x_wconf 78' lang='lat' dir='ltr'><strong>cupita</strong></span> <span class='ocrx_word' id='word_1_359' title='bbox 904 1981 973 2012; x_wconf 87' lang='lat' dir='ltr'><strong>aliis</strong></span> <span class='ocrx_word' id='word_1_360' title='bbox 990 1981 1077 2021; x_wconf 86' lang='lat' dir='ltr'><strong>prior</strong></span> <span class='ocrx_word' id='word_1_361' title='bbox 1090 1981 1238 2012; x_wconf 88' lang='lat' dir='ltr'><strong>deferret.</strong></span> <span class='ocrx_word' id='word_1_362' title='bbox 1254 1980 1309 2012; x_wconf 89' lang='lat' dir='ltr'><strong>sed</strong></span> <span class='ocrx_word' id='word_1_363' title='bbox 1323 1980 1435 2020; x_wconf 83' lang='lat' dir='ltr'><strong>Agrip-</strong></span> 
     </span>
     <span class='ocr_line' id='line_1_40' title="bbox 106 2026 1436 2073; baseline -0.005 -9"><span class='ocrx_word' id='word_1_364' title='bbox 106 2034 182 2073; x_wconf 89' lang='lat' dir='ltr'><strong>pina</strong></span> <span class='ocrx_word' id='word_1_365' title='bbox 198 2041 262 2064; x_wconf 77' lang='lat' dir='ltr'><strong>non</strong></span> <span class='ocrx_word' id='word_1_366' title='bbox 282 2032 334 2062; x_wconf 79' lang='lat' dir='ltr'><strong>Itis</strong></span> <span class='ocrx_word' id='word_1_367' title='bbox 356 2031 484 2061; x_wconf 72' lang='lat' dir='ltr'><strong>instrui</strong></span> <span class='ocrx_word' id='word_1_368' title='bbox 501 2029 617 2060; x_wconf 77' lang='lat' dir='ltr'><strong>cultus</strong></span> <span class='ocrx_word' id='word_1_369' title='bbox 639 2037 717 2059; x_wconf 80' lang='lat' dir='ltr'><strong>suos</strong></span> <span class='ocrx_word' id='word_1_370' title='bbox 730 2053 738 2067; x_wconf 93' lang='lat'><strong>,</strong></span> <span class='ocrx_word' id='word_1_371' title='bbox 762 2027 821 2059; x_wconf 80' lang='lat' dir='ltr'><strong>sed</strong></span> <span class='ocrx_word' id='word_1_372' title='bbox 838 2029 961 2059; x_wconf 70' lang='lat' dir='ltr'><strong>ceteris</strong></span> <span class='ocrx_word' id='word_1_373' title='bbox 983 2029 1097 2059; x_wconf 69' lang='lat' dir='ltr'><strong>arceri</strong></span> <span class='ocrx_word' id='word_1_374' title='bbox 1120 2027 1318 2066; x_wconf 88' lang='lat' dir='ltr'><strong>proclamat,</strong></span> <span class='ocrx_word' id='word_1_375' title='bbox 1337 2028 1370 2057; x_wconf 81' lang='lat' dir='ltr'><strong>et</strong></span> <span class='ocrx_word' id='word_1_376' title='bbox 1385 2026 1436 2057; x_wconf 83' lang='lat' dir='ltr'><strong>di-</strong></span> 
     </span>
     <span class='ocr_line' id='line_1_41' title="bbox 107 2072 1434 2118; baseline -0.005 -8"><span class='ocrx_word' id='word_1_377' title='bbox 107 2079 225 2112; x_wconf 79' lang='lat' dir='ltr'><strong>videre</strong></span> <span class='ocrx_word' id='word_1_378' title='bbox 233 2077 354 2118; x_wconf 61' lang='lat' dir='ltr'><strong>filium</strong></span> <span class='ocrx_word' id='word_1_379' title='bbox 373 2085 451 2117; x_wconf 85' lang='lat' dir='ltr'><strong>quae</strong></span> <span class='ocrx_word' id='word_1_380' title='bbox 467 2077 592 2108; x_wconf 79' lang='lat' dir='ltr'><strong>cuncta</strong></span> <span class='ocrx_word' id='word_1_381' title='bbox 610 2084 654 2107; x_wconf 77' lang='lat' dir='ltr'><strong>ex</strong></span> <span class='ocrx_word' id='word_1_382' title='bbox 670 2077 747 2115; x_wconf 72' lang='lat' dir='ltr'><strong>ipsa</strong></span> <span class='ocrx_word' id='word_1_383' title='bbox 764 2074 916 2106; x_wconf 73' lang='lat' dir='ltr'><strong>haberet.</strong></span> <span class='ocrx_word' id='word_1_384' title='bbox 938 2082 997 2105; x_wconf 90' lang='lat' dir='ltr'><strong>nec</strong></span> <span class='ocrx_word' id='word_1_385' title='bbox 1013 2074 1141 2105; x_wconf 80' lang='lat' dir='ltr'><strong>defuere</strong></span> <span class='ocrx_word' id='word_1_386' title='bbox 1161 2073 1215 2113; x_wconf 90' lang='lat' dir='ltr'><strong>qui</strong></span> <span class='ocrx_word' id='word_1_387' title='bbox 1243 2073 1276 2104; x_wconf 88' lang='lat' dir='ltr'><strong>in</strong></span> <span class='ocrx_word' id='word_1_388' title='bbox 1292 2072 1434 2104; x_wconf 87' lang='lat' dir='ltr'><strong>deterius</strong></span> 
     </span>
     <span class='ocr_line' id='line_1_42' title="bbox 108 2126 275 2158; baseline -0.018 -1"><span class='ocrx_word' id='word_1_389' title='bbox 108 2126 275 2158; x_wconf 79' lang='lat' dir='ltr'><strong>referrent.</strong></span> 
     </span>
    </p>

    <p class='ocr_par' dir='ltr' id='par_1_6' title="bbox 148 2165 1433 2209">
     <span class='ocr_line' id='line_1_43' title="bbox 148 2165 1433 2209; baseline -0.004 -6"><span class='ocrx_word' id='word_1_390' title='bbox 148 2175 229 2204; x_wconf 84' lang='lat' dir='ltr'><strong>XIV.</strong></span> <span class='ocrx_word' id='word_1_391' title='bbox 254 2171 291 2202; x_wconf 87' lang='lat' dir='ltr'><strong>Et</strong></span> <span class='ocrx_word' id='word_1_392' title='bbox 308 2175 407 2209; x_wconf 88' lang='lat' dir='ltr'><strong>Nero,</strong></span> <span class='ocrx_word' id='word_1_393' title='bbox 426 2170 573 2201; x_wconf 84' lang='lat' dir='ltr'><strong>infensus</strong></span> <span class='ocrx_word' id='word_1_394' title='bbox 589 2169 628 2200; x_wconf 90' lang='lat' dir='ltr'><strong>iis</strong></span> <span class='ocrx_word' id='word_1_395' title='bbox 644 2168 763 2209; x_wconf 89' lang='lat' dir='ltr'><strong>quibus</strong></span> <span class='ocrx_word' id='word_1_396' title='bbox 786 2167 938 2209; x_wconf 86' lang='lat' dir='ltr'><strong>superbia</strong></span> <span class='ocrx_word' id='word_1_397' title='bbox 963 2166 1128 2198; x_wconf 88' lang='lat' dir='ltr'><strong>muliebris</strong></span> <span class='ocrx_word' id='word_1_398' title='bbox 1146 2165 1354 2205; x_wconf 86' lang='lat' dir='ltr'><strong>innitebatur,</strong></span> <span class='ocrx_word' id='word_1_399' title='bbox 1379 2165 1433 2198; x_wconf 86' lang='lat' dir='ltr'><strong>de-</strong></span> 
     </span>
    </p>
   </div>
   <div class='ocr_carea' id='block_1_3' title="bbox 104 2261 1430 2467">
    <p class='ocr_par' dir='ltr' id='par_1_7' title="bbox 107 2261 546 2293">
     <span class='ocr_line' id='line_1_44' title="bbox 107 2261 546 2293; baseline -0.002 -8"><span class='ocrx_word' id='word_1_400' title='bbox 107 2277 138 2285; x_wconf 87' lang='lat'><strong>...</strong></span> <span class='ocrx_word' id='word_1_401' title='bbox 155 2270 177 2289; x_wconf 77' lang='lat'><strong>2.</strong></span> <span class='ocrx_word' id='word_1_402' title='bbox 194 2263 331 2293; x_wconf 81' lang='lat' dir='ltr'><strong>Equestris</strong></span> <span class='ocrx_word' id='word_1_403' title='bbox 345 2261 447 2285; x_wconf 89' lang='lat' dir='ltr'><strong>ordinis</strong></span> <span class='ocrx_word' id='word_1_404' title='bbox 457 2261 546 2285; x_wconf 85' lang='lat' dir='ltr'><strong>homo.</strong></span> 
     </span>
    </p>

    <p class='ocr_par' dir='ltr' id='par_1_8' title="bbox 108 2292 1430 2363">
     <span class='ocr_line' id='line_1_45' title="bbox 137 2292 1430 2327; baseline -0.005 -3"><span class='ocrx_word' id='word_1_405' title='bbox 137 2300 184 2324; x_wconf 81' lang='lat' dir='ltr'><strong>Xl.</strong></span> <span class='ocrx_word' id='word_1_406' title='bbox 201 2305 220 2323; x_wconf 87' lang='grc' dir='ltr'><strong>ι.</strong></span> <span class='ocrx_word' id='word_1_407' title='bbox 239 2300 267 2323; x_wconf 83' lang='grc' dir='ltr'><strong>Α.</strong></span> <span class='ocrx_word' id='word_1_408' title='bbox 279 2298 307 2322; x_wconf 84' lang='lat' dir='ltr'><strong>U.</strong></span> <span class='ocrx_word' id='word_1_409' title='bbox 316 2303 366 2321; x_wconf 65' lang='lat' dir='ltr'><strong>soa.</strong></span> <span class='ocrx_word' id='word_1_410' title='bbox 378 2303 405 2327; x_wconf 90' lang='lat' dir='ltr'><strong>p.</strong></span> <span class='ocrx_word' id='word_1_411' title='bbox 415 2298 477 2321; x_wconf 86' lang='lat' dir='ltr'><strong>Chr.</strong></span> <span class='ocrx_word' id='word_1_412' title='bbox 490 2303 526 2320; x_wconf 65' lang='lat' dir='ltr'><strong>uc.</strong></span> <span class='ocrx_word' id='word_1_413' title='bbox 535 2310 561 2313; x_wconf 97' lang='lat'><strong>—</strong></span> <span class='ocrx_word' id='word_1_414' title='bbox 570 2295 910 2326; x_wconf 74' lang='lat' dir='ltr'><strong>2.Gatttce,sacresuivre.</strong></span> <span class='ocrx_word' id='word_1_415' title='bbox 921 2306 950 2312; x_wconf 89' lang='lat'><em>-</em></span> <span class='ocrx_word' id='word_1_416' title='bbox 959 2299 983 2318; x_wconf 78' lang='grc'><strong>5.</strong></span> <span class='ocrx_word' id='word_1_417' title='bbox 996 2294 1094 2323; x_wconf 86' lang='lat' dir='ltr'><strong>Dequo</strong></span> <span class='ocrx_word' id='word_1_418' title='bbox 1105 2293 1194 2322; x_wconf 56' lang='lat' dir='ltr'><strong>Kissa.</strong></span> <span class='ocrx_word' id='word_1_419' title='bbox 1207 2305 1235 2310; x_wconf 92' lang='lat'><em>-</em></span> <span class='ocrx_word' id='word_1_420' title='bbox 1246 2298 1267 2317; x_wconf 74' lang='lat'><strong>⁴.</strong></span> <span class='ocrx_word' id='word_1_421' title='bbox 1278 2292 1430 2322; x_wconf 78' lang='lat' dir='ltr'><strong>Affirmans,</strong></span> 
     </span>
     <span class='ocr_line' id='line_1_46' title="bbox 108 2335 224 2363; baseline -0.026 -3"><span class='ocrx_word' id='word_1_422' title='bbox 108 2336 139 2360; x_wconf 88' lang='lat' dir='ltr'><strong>ut</strong></span> <span class='ocrx_word' id='word_1_423' title='bbox 150 2335 170 2363; x_wconf 85' lang='lat' dir='ltr'><strong>l,</strong></span> <span class='ocrx_word' id='word_1_424' title='bbox 187 2339 224 2358; x_wconf 75' lang='lat' dir='ltr'><strong>u.</strong></span> 
     </span>
    </p>

    <p class='ocr_par' dir='ltr' id='par_1_9' title="bbox 139 2368 553 2395">
     <span class='ocr_line' id='line_1_47' title="bbox 139 2368 553 2395; baseline -0.007 -3"><span class='ocrx_word' id='word_1_425' title='bbox 139 2370 197 2395; x_wconf 70' lang='lat' dir='ltr'><strong>xil.</strong></span> <span class='ocrx_word' id='word_1_426' title='bbox 214 2374 233 2392; x_wconf 74' lang='lat' dir='ltr'><strong>t.</strong></span> <span class='ocrx_word' id='word_1_427' title='bbox 245 2369 287 2392; x_wconf 85' lang='lat' dir='ltr'><strong>Sc.</strong></span> <span class='ocrx_word' id='word_1_428' title='bbox 302 2369 369 2391; x_wconf 81' lang='lat' dir='ltr'><strong>erat.</strong></span> <span class='ocrx_word' id='word_1_429' title='bbox 383 2379 413 2384; x_wconf 91' lang='lat'>—</span> <span class='ocrx_word' id='word_1_430' title='bbox 429 2372 452 2390; x_wconf 76' lang='grc'><strong>9..</strong></span> <span class='ocrx_word' id='word_1_431' title='bbox 474 2368 553 2391; x_wconf 79' lang='lat' dir='ltr'><strong>Nero.</strong></span> 
     </span>
    </p>

    <p class='ocr_par' dir='ltr' id='par_1_10' title="bbox 104 2397 1430 2467">
     <span class='ocr_line' id='line_1_48' title="bbox 140 2397 1430 2428; baseline -0.006 0"><span class='ocrx_word' id='word_1_432' title='bbox 140 2404 213 2428; x_wconf 82' lang='lat' dir='ltr'><strong>Xltl.</strong></span> <span class='ocrx_word' id='word_1_433' title='bbox 233 2409 251 2427; x_wconf 81' lang='grc' dir='ltr'><strong>ι.</strong></span> <span class='ocrx_word' id='word_1_434' title='bbox 265 2403 330 2426; x_wconf 80' lang='lat' dir='ltr'><strong>Nam</strong></span> <span class='ocrx_word' id='word_1_435' title='bbox 346 2403 436 2426; x_wconf 77' lang='lat' dir='ltr'><strong>terunt</strong></span> <span class='ocrx_word' id='word_1_436' title='bbox 448 2402 584 2425; x_wconf 77' lang='lat' dir='ltr'><strong>Neronem</strong></span> <span class='ocrx_word' id='word_1_437' title='bbox 598 2408 657 2426; x_wconf 79' lang='lat' dir='ltr'><strong>eam</strong></span> <span class='ocrx_word' id='word_1_438' title='bbox 670 2403 697 2426; x_wconf 93' lang='lat' dir='ltr'><strong>in</strong></span> <span class='ocrx_word' id='word_1_439' title='bbox 714 2401 916 2426; x_wconf 77' lang='lat' dir='ltr'><strong>matrimonium</strong></span> <span class='ocrx_word' id='word_1_440' title='bbox 934 2400 1035 2423; x_wconf 82' lang='lat' dir='ltr'><strong>ducere</strong></span> <span class='ocrx_word' id='word_1_441' title='bbox 1052 2399 1178 2423; x_wconf 81' lang='lat' dir='ltr'><strong>votuisse.</strong></span> <span class='ocrx_word' id='word_1_442' title='bbox 1196 2412 1224 2416; x_wconf 96' lang='lat'>—</span> <span class='ocrx_word' id='word_1_443' title='bbox 1241 2404 1264 2422; x_wconf 65' lang='grc' dir='ltr'><strong>α.</strong></span> <span class='ocrx_word' id='word_1_444' title='bbox 1283 2397 1430 2422; x_wconf 77' lang='lat' dir='ltr'><strong>Praercctus</strong></span> 
     </span>
     <span class='ocr_line' id='line_1_49' title="bbox 104 2437 580 2467; baseline -0.008 -4"><span class='ocrx_word' id='word_1_445' title='bbox 104 2438 225 2467; x_wconf 75' lang='lat' dir='ltr'><strong>vigilum.</strong></span> <span class='ocrx_word' id='word_1_446' title='bbox 236 2451 257 2456; x_wconf 96' lang='lat'><em>-</em></span> <span class='ocrx_word' id='word_1_447' title='bbox 271 2444 292 2462; x_wconf 68' lang='grc' dir='ltr'><strong>τι.</strong></span> <span class='ocrx_word' id='word_1_448' title='bbox 308 2441 351 2462; x_wconf 63' lang='lat' dir='ltr'><strong>tc.</strong></span> <span class='ocrx_word' id='word_1_449' title='bbox 365 2444 484 2465; x_wconf 86' lang='lat' dir='ltr'><strong>munera,</strong></span> <span class='ocrx_word' id='word_1_450' title='bbox 502 2437 580 2460; x_wconf 78' lang='lat' dir='ltr'><strong>dona.</strong></span> 
     </span>
    </p>
   </div>
  </div>
 </body>
</html>
