1539 2668
106 182 179 213 *292
496 182 629 212 TACITI
651 182 931 212 HISTORIARUM
953 183 1026 212 LIB.
1051 182 1075 211 1.

114 245 240 277 telliuin
259 244 444 285 perfugerit.
464 245 557 285 quies
573 246 749 286 provinciae
777 255 971 286 quamquam
989 245 1114 277 remoto
1133 243 1292 276 consulari
1308 246 1447 280 mansit:

106 302 229 326 rexere
245 292 338 333 legati
362 293 523 333 legionum
536 318 546 334 ‚
565 303 657 334 pares
672 294 744 334 Jure
756 318 765 334 ‚
782 294 897 326 caelius
914 293 1062 325 audendo
1076 291 1248 333 potentior.

159 350 236 378 LXI,
261 345 420 384 Adjimcto
437 346 618 378 Britannico
634 347 797 387 exercitu,
823 347 932 387 ingens
951 346 1076 377 viribus
1096 346 1278 387 opibusque
1297 347 1447 379 Vitellius

114 394 197 425 duos
213 392 332 432 duces,
360 392 425 424 duo
447 393 562 425 itinera
590 393 673 425 bello
690 394 875 426 destinavit.
894 394 1011 426 Fabius
1027 393 1142 424 Valens
1165 393 1310 425 allicere
1333 395 1403 436 vel,
1418 398 1447 429 εἰ

109 441 303 473 abnuerim
315 464 323 478 ‚
343 442 483 472 vastare
502 441 637 473 Gallius
649 467 659 481 ,
679 443 711 473 et
731 443 900 473 Cottianis
915 441 1055 482 Alpibus
1071 441 1215 472 Italiam
1230 442 1446 482 irrumpere,

110 487 242 519 Caecina
267 488 426 526 promere
445 489 618 528 (ramim,
644 490 779 520 Peninis
800 489 888 529 ‘'uqis
911 488 1049 529 deyrcclz‘
1074 488 1194 528 jussus.
1214 488 1340 520 Valenti
1366 489 1448 522 infe-

112 534 207 566 rioris
227 535 387 565 exercitus
411 534 504 566 electi
527 544 603 566 cum
619 535 725 576 aquila
740 536 862 576 quintae
878 536 1014 575 legionis
1042 537 1073 566 et
1096 535 1284 567 cohortibus
1302 536 1425 577 alisque
1437 560 1448 576 ,

109 581 152 613 ad
169 581 379 621 quffllraginta
396 582 493 612 millia
507 585 703 613 armatorum
718 582 791 614 data
808 594 814 612 :
831 583 963 622 triginta
980 582 1080 614 millia
1095 583 1220 614 Caecina
1240 591 1257 614 e
1282 584 1447 624 superiore

110 629 282 661 Germania
299 628 601 669 (lucelmt‚quoi·um
616 629 714 661 robur
733 630 812 669 legio
828 639 889 660 una
900 654 907 668 ,
924 630 1229 669 prbnaetvicesima,
1251 630 1321 662 suit.
1337 631 1446 663 addita

110 676 240 715 utrique
254 678 486 706 Germanorum
500 677 636 716 auxilia,
662 686 678 708 e
701 676 820 717 quibus
839 677 988 708 Vitellius
1007 685 1082 708 suas
1102 685 1231 717 quoque
1247 678 1354 718 copias
1372 688 1445 720 sup·

108 723 227 762 plexit,
254 724 320 753 tota
338 722 421 753 mole
446 723 519 754 belli
539 727 719 755 secuturus.

152 772 243 801 LXlI.
271 770 349 801 Mira
377 770 459 801 inter
483 771 661 802 exercitum
684 775 978 812 imperatoremque
994 771 1178 803 diversitas.
1200 771 1318 804 instare
1334 773 1444 815 miles,

110 825 199 848 arma
211 826 357 856 poscere,
380 817 463 848 (lum
482 818 609 849 Gallice
625 819 821 858 trepident,
842 818 925 850 (lum
943 821 1125 859 Hispania?
1136 821 1356 851 cunctentur.
1379 828 1446 851 non

110 863 249 895 obstare
264 864 406 895 leietm’m
428 873 535 904 neque
549 867 684 904 iquavoe
700 867 796 905 pacis
813 874 939 897 moras.
954 865 1183 897 invadendam
1202 866 1368 906 Nullam,
1393 875 1430 899 oc

106 911 308 951 cchamlcmz
327 911 460 943 Urbem.
486 911 575 942 nillil
590 913 623 942 iu
642 911 818 944 discordiis
831 912 1226 951 civilibusfestinatione
1242 915 1368 953 tectius,
1387 913 1445 945 ubi

98 957 205 998 sacto
232 959 343 997 maqis
369 966 475 997 quam
495 959 649 990 consutio
675 968 759 999 opus
776 961 873 990 esset.
891 959 1039 999 torpebat
1065 960 1210 990 vitellius
1229 961 1258 990 et
1281 960 1444 992 sor-tunam

103 1005 309 1046 :principatus
329 1004 424 1035 inerti
442 1005 519 1035 luxu
536 1014 572 1036 ac
591 1006 733 1045 prodigis
751 1006 855 1046 epulis
877 1005 1093 1046 praesumebat
1109 1031 1117 1045 ‚
1142 1006 1248 1037 medio
1265 1006 1325 1038 diei
1340 1008 1444 1039 temu-

105 1053 214 1084 lentus
233 1055 265 1082 et
285 1050 394 1090 sagina
419 1052 543 1090 gravis,
569 1062 669 1091 quum
687 1055 794 1083 tamen
822 1053 914 1083 ardor
945 1055 975 1084 et
1004 1053 1053 1083 vis
1077 1053 1217 1084 militum
1240 1053 1326 1085 ultro
1351 1053 1444 1086 ducis

107 1099 218 1131 munia
243 1098 420 1137 implebat,
448 1100 482 1128 ut
507 1098 532 1129 si
556 1098 561 1115 ¹
582 1099 710 1129 adesset
733 1100 907 1139 imperator
933 1102 965 1130 et
989 1099 1129 1130 strenuis
1145 1100 1194 1130 vel
1212 1100 1334 1139 ignavis
1353 1109 1443 1141 spem

104 1147 295 1184 metumque
313 1144 454 1175 adderet.
475 1145 624 1175 instructi
643 1146 823 1186 intentique
848 1148 983 1186 sianum
1004 1146 1228 1186 profectionis
1249 1149 1440 1187 exposcunt.

104 1192 236 1224 nomine
269 1193 463 1223 Germanici
492 1191 620 1222 Vitellio
647 1193 759 1224 statim
786 1192 909 1230 addite,
931 1195 1103 1225 Csesarem
1123 1202 1156 1224 se
1178 1194 1330 1234 appellari
1345 1195 1441 1227 etiam

103 1239 210 1271 victor
228 1237 422 1279 proliibuit2.
440 1239 552 1270 laetum
580 1240 750 1279 augurium
768 1240 863 1271 Fabio
881 1239 1008 1271 Valenti
1033 1240 1271 1280 exercituique,
1296 1250 1392 1281 quem
1409 1243 1441 1274 in

104 1284 224 1317 bellum
242 1286 356 1325 agebat
369 1310 377 1325 ‚
402 1286 471 1326 ipso
491 1286 699 1326 profectionis
713 1287 765 1319 die
783 1288 889 1327 aquila
911 1287 970 1318 leni
992 1290 1119 1327 meatu,
1150 1289 1246 1328 prout
1267 1296 1379 1327 agmen
1397 1290 1441 1322 in-

100 1333 252 1373 cederet,
272 1333 361 1364 velut
388 1333 452 1364 dux
468 1333 529 1364 viae
543 1334 755 1374 praevolavit3
771 1335 966 1374 longumque
980 1335 1177 1375 perspatium
1192 1335 1218 1366 is
1231 1334 1440 1375 gaudentium

103 1381 246 1413 militum
265 1381 397 1420 elamor,
415 1389 452 1412 ea
472 1381 563 1421 quies
580 1381 735 1414 interritae
751 1382 835 1413 alitis
853 1381 914 1413 Mt
927 1404 936 1421 ,
955 1384 991 1413 ut
1008 1381 1095 1413 haud
1109 1382 1245 1413 dubium
1265 1391 1389 1423 magnee
1407 1385 1440 1417 et

102 1436 266 1469 prosperae
284 1428 329 1459 rei
346 1436 441 1459 omen
459 1428 672 1469 acciperetur.

145 1479 251 1507 LXIII.
276 1478 311 1506 El
331 1479 487 1507 Treveros
505 1476 636 1516 quidem
655 1476 691 1507 ut
709 1476 814 1508 socios
830 1476 935 1507 securi
950 1476 1067 1507 adiere.
1087 1476 1241 1508 Divoduri
1256 1477 1438 1517 (Medioma-

102 1521 259 1555 uicorum
284 1523 316 1553 id
342 1523 497 1563 oppidum
525 1523 587 1563 est)
610 1532 809 1564 quamquain
836 1524 925 1555 omni
953 1523 1105 1555 comitate
1130 1527 1284 1565 exceptos
1312 1525 1455 1557 subitus·

102 1579 204 1611 pavor
219 1570 353 1610 terruit,
380 1571 479 1610 raptis
496 1570 667 1611 derepente
682 1571 781 1602 armis
799 1571 839 1601 ad
856 1571 978 1602 caedem
994 1571 1133 1602 innoxiae
1154 1571 1304 1612 civitatis,
1318 1581 1384 1603 non
1397 1572 1438 1603 ob

102 1617 244 1658 praedam
262 1620 317 1648 aut
333 1617 491 1657 spoliandi
517 1618 700 1658 cupidinem
713 1642 721 1657 ,
751 1617 804 1649 sed
831 1618 937 1649 surore
957 1619 989 1649 et
1003 1618 1090 1649 rabie
1105 1621 1136 1649 et
1159 1619 1266 1650 causis
1294 1619 1436 1660 incertis,

101 1673 205 1704 eoque
219 1663 453 1694 difficilioribus
469 1664 640 1703 remediis,
663 1664 767 1695 donec
782 1665 931 1705 precibus
960 1664 1052 1696 ducis
1080 1665 1218 1705 mitigati
1246 1665 1287 1697 ab
1310 1665 1436 1698 excidio

98 1711 242 1745 civitatis
261 1713 480 1751 temperavere
497 1711 520 1743 ¹.
547 1720 630 1743 caesa
650 1714 758 1743 tamen
784 1712 824 1742 ad
841 1714 995 1752 quattuor
1013 1711 1111 1743 millia
1137 1712 1315 1744 hominum.
1345 1714 1437 1754 isque

100 1758 205 1791 terror
219 1758 334 1789 Gallias
348 1757 486 1797 invasit,
505 1760 540 1790 ut
554 1758 697 1789 venienti
712 1767 788 1789 mox
808 1759 927 1798 agmini
944 1759 1102 1790 universae
1118 1759 1265 1791 civitates
1281 1768 1356 1792 cum
1370 1769 1435 1793 ma—

99 1804 291 1845 gistratibus
315 1808 346 1837 et
362 1805 511 1846 precibus
535 1807 763 1845 occurrerent,
794 1806 903 1838 stratis
914 1815 969 1846 per
986 1806 1056 1837 vias
1083 1807 1192 1846 pueris
1222 1806 1434 1850 feminisque,

100 1860 241 1893 quaeque
258 1853 318 1884 alia
336 1852 538 1892 placamenta
558 1853 684 1884 hostilis
709 1853 766 1884 irae
783 1861 849 1884 non
868 1853 999 1894 quidem
1017 1854 1051 1884 in
1070 1853 1172 1894 bello,
1200 1854 1256 1887 sed
1278 1864 1336 1896 pro
1358 1862 1436 1896 pace

100 1900 318 1932 tendebantur
331 1900 355 1932 ².

142 1951 248 1979 LXIV.
277 1947 435 1979 Nuntium
456 1946 496 1979 de
524 1947 613 1979 caede
634 1947 743 1979 Galbae
756 1948 789 1979 et
810 1947 945 1988 imperio
963 1949 1100 1980 Othonis
1124 1948 1241 1981 Fabius
1263 1949 1379 1982 Valens
1401 1949 1433 1981 in

100 1994 231 2027 civitate
245 1999 422 2026 Leucorum
440 1995 576 2035 accepit.
595 2004 653 2026 nec
669 1994 811 2026 militum
839 1995 968 2026 animus
990 1996 1022 2026 in
1037 1995 1193 2035 gaudium
1211 1999 1268 2028 aut
1290 1996 1431 2028 formidi-

101 2051 176 2074 nem
192 2045 378 2083 permotus:
392 2042 513 2074 bellum
532 2042 693 2074 volvebat.
714 2042 811 2074 Gallis
825 2043 988 2074 cunctatio
1005 2046 1167 2083 exempta,
1178 2045 1211 2075 et
1225 2043 1258 2074 in
1272 2043 1432 2076 Othonem

99 2099 139 2122 ac
161 2090 327 2122 Vitellium
344 2090 456 2122 odium
474 2099 544 2131 par,
560 2099 600 2121 ex
620 2090 750 2122 Vitellio
767 2091 799 2121 et
812 2092 929 2122 metus.
947 2090 1098 2122 Proxima
1123 2090 1300 2131 Lingonum
1316 2090 1432 2124 civitas

99 2137 186 2176 erat,
201 2137 263 2168 sida
279 2137 438 2176 partibus.
455 2137 594 2177 benigne
607 2138 731 2178 excepti
749 2137 906 2169 modestia
923 2140 1087 2169 certavere
1105 2147 1112 2168 ε
1128 2137 1183 2169 sed
1201 2137 1306 2169 brevis
1322 2137 1433 2171 laetitia

100 2183 164 2216 fuit
180 2184 362 2215 cohortium
376 2184 580 2226 intemperie¹
590 2209 599 2225 ,
613 2193 694 2225 quas
707 2193 724 2216 a
737 2185 860 2225 legione
873 2185 1125 2226 quartadecima,
1145 2184 1181 2215 ut
1197 2192 1295 2225 supra
1307 2193 1431 2218 memo-

97 2232 258 2270 ravimus,
268 2232 423 2271 digressas
437 2232 592 2264 exercitui
605 2241 664 2264 suo
682 2232 799 2264 Fabius
809 2232 923 2264 Valens
938 2232 1140 2272 adjunxerat.
1158 2232 1263 2273 jurgia
1275 2232 1429 2273 primum,

96 2285 178 2310 mox
204 2277 273 2309 rixa
296 2279 380 2311 inter
393 2282 527 2312 Batavos
539 2281 572 2312 et
587 2280 801 2321 legionarios,
818 2280 895 2312 dum
912 2279 962 2311 his
989 2283 1045 2311 aut
1070 2279 1133 2311 illis
1155 2278 1263 2311 studia
1288 2278 1429 2311 militum

131 2354 214 2378 an.
235 2360 254 2378 i.
272 2355 307 2379 Ac
324 2356 354 2383 si,
370 2358 511 2386 quasi—2.
527 2358 603 2383 Conf.
622 2358 654 2388 11,
666 2364 711 2386 ως
727 2358 771 2388 111,
789 2363 826 2382 εε-

131 2390 226 2414 LXlll.
244 2390 276 2413 Se
293 2392 497 2417 continuerunt.
512 2394 611 2418 Notum
628 2393 730 2423 Virgilii
745 2394 808 2423 uns
822 2392 957 2422 temperet
968 2398 986 2417 a
1001 2391 1150 2416 lacrimis?
1164 2403 1189 2409 —
1205 2396 1226 2415 2.
1243 2390 1427 2420 porrigeban-

93 2424 159 2453 ssur,
176 2427 205 2450 ut
218 2427 284 2449 rami
298 2425 429 2451 olivarum
444 2434 505 2452 cum
516 2429 616 2453 intulis,
627 2429 701 2453 cont.
717 2435 740 2453 c.
752 2434 781 2453 66
807 2429 902 2453 Caesar.
918 2428 987 2452 Bell.
998 2429 1053 2452 civ.
1069 2428 1101 2456 11,
1115 2432 1149 2451 η.

129 2460 219 2486 LXlV.
239 2468 260 2486 ι.
275 2461 342 2492 Quia
359 2462 410 2487 sibi
420 2465 573 2494 temperare
593 2471 648 2490 non
662 2466 791 2495 poterant
805 2464 933 2489 cohortes
947 2463 999 2488 illae
1013 2464 1128 2494 Batavae,
1144 2463 1177 2488 de
1198 2462 1295 2494 qulbus
1310 2467 1336 2488 c.
1346 2466 1384 2488 ³9.
1398 2474 1427 2480 —
