1539 2668
146 172 205 202 492

489 170 788 200 NOMENCLATOR
811 169 1121 198 GEOGRAPHICUS.

187 245 406 284 Vangionibus
424 246 456 276 et
476 244 639 275 Triboccis
663 246 785 274 conter-
826 242 1020 281 Cenchrius,
1050 242 1153 274 amnis
1185 243 1284 274 Ioniae
1316 243 1349 275 in
1372 245 1465 285 Asia,

189 287 306 325 minus,
325 287 447 317 incerto
461 286 535 316 situ.

147 332 303 366 Caesarea,
321 327 397 358 urbs
412 327 530 358 sud-‹ra-
543 351 550 363 ‚
574 326 606 356 in
633 325 787 365 paschatu

189 374 396 407 Damasceno,
413 368 467 398 ubi
482 369 571 398 vicus
588 367 786 398 Kaisarielz.

147 410 247 442 Caesia
274 410 354 440 silva
383 409 577 446 Germaniae,
609 408 640 438 h.
672 410 789 438 Hexer-

188 451 294 489 wald,
307 451 337 481 in
348 450 506 481 Bornssici
523 450 610 488 regni
625 449 789 490 provincia

189 494 361 523 Micnslcr.

147 533 293 565 Calabria
307 558 315 571 ‚
351 532 517 572 peninsula
553 531 652 562 italizc
667 556 675 569 ,
708 532 790 563 inter

189 575 422 609 Brundusium,
448 577 620 604 Tarentum
643 576 675 603 et
701 577 788 612 lapy-

188 616 277 653 ⁴aium
293 615 563 655 promontorium,
589 616 696 645 Terra
710 615 788 646 d'O-

192 659 320 687 tranlo.

149 697 340 735 Caledonia,
365 706 438 736 pars
464 696 636 735 Britanniae
652 721 660 735 ‚
684 697 790 736 paullo

190 739 282 770 latior
298 747 396 778 quam
414 737 566 769 hodierna
584 740 713 769 Ecosse.

148 780 257 818 Cales,
288 779 500 819 municipium
530 779 732 820 Campaniae,
756 780 787 811 h.

192 823 303 860 Calvi,
322 821 353 851 in
376 823 481 852 Terra
498 820 533 851 dt
551 823 693 852 Lat-oro.

148 863 347 900 Camerium,
365 862 519 902 oppidum
538 862 635 893 ltaliae
659 863 690 892 in
707 861 792 893 Sabi-

189 903 240 934 nis
255 913 352 943 prope
370 904 536 934 Collatiam
556 904 641 943 (quac
658 903 687 934 h.
708 906 789 935 Car-

191 954 282 976 vnra
303 945 454 982 videtur).

147 987 333 1026 Campania,
358 986 444 1026 regni
459 985 656 1025 Neapolitani
681 987 789 1017 inlen-

190 1027 315 1058 dauces
340 1027 381 1058 (Ie
412 1029 515 1058 Terre
541 1026 581 1058 de
605 1027 742 1058 Labour
757 1029 790 1058 et

188 1069 230 1100 de.
248 1069 386 1107 leples.

148 1110 406 1142 Camulmlunmn
419 1133 427 1146 ,
452 1109 575 1139 colonia
594 1110 767 1140 Britannice
780 1134 788 1148 ‚

189 1151 221 1181 in
250 1151 469 1190 Brigantibus,
496 1159 594 1190 prope
630 1150 706 1181 hod.
738 1152 790 1182 Al-

188 1192 396 1230 qnondam-qs.

146 1233 265 1272 cangi,
285 1234 421 1272 populns
436 1232 607 1263 Britanniae
621 1257 629 1271 ,
648 1234 685 1264 ut
707 1233 791 1264 vide·

187 1275 253 1311 tur,
272 1274 302 1304 in
320 1275 472 1304 comitatu
497 1276 695 1306 Lccncczster.

147 1316 382 1351 Canninefates,
402 1315 537 1355 populus
552 1315 592 1345 ab
607 1315 697 1346 alveo
712 1315 790 1347 Rhe-

188 1357 221 1387 ni
240 1357 321 1386 iulcr
342 1357 536 1395 eginonduin
551 1358 582 1388 et
601 1357 788 1388 Alcmariam

188 1397 256 1428 sive
270 1398 427 1435 Kinlzem,
438 1398 468 1428 in
479 1397 585 1428 insula
595 1401 788 1430 Batavorum

187 1447 275 1469 mare
293 1448 412 1469 versus.

145 1482 306 1519 Canopus,
322 1480 475 1520 oppidum
492 1481 610 1520 AEgypti
627 1481 789 1513 Inferioris

187 1522 220 1551 in
239 1522 339 1560 Delta,
358 1520 513 1552 Aboulfir.

145 1562 368 1602 Cappadocia,
389 1571 502 1601 magna
526 1563 689 1603 provincia
705 1564 788 1595 Asiae

188 1603 337 1642 Minoris,
363 1604 456 1635 hodie
481 1605 654 1644 provinciae
669 1607 787 1644 Slvos,

187 1646 349 1683 Mantele,
371 1647 592 1677 Caramanie.

145 1689 253 1725 Capua
266 1711 273 1723 ,
293 1688 389 1726 caput
405 1686 606 1725 Campaniae,
627 1687 660 1717 in
679 1689 787 1718 Terra

188 1727 221 1758 di
235 1729 377 1764 Lavoro,
391 1727 445 1758 nbi
457 1728 488 1758 h.
505 1727 596 1758 vicus
609 1730 788 1759 ‘sa-Maria

187 1767 280 1798 della
302 1770 440 1799 Grczzia.

146 1809 326 1847 Carmanii,
351 1810 489 1848 populus
516 1810 601 1840 Asiae
626 1810 658 1840 in
688 1811 788 1841 Iram

188 1850 361 1889 provinciis
386 1851 564 1882 lillerman
590 1852 621 1881 et
647 1851 788 1890 Moqln's-

189 1892 262 1922 tan.

146 1933 321 1971 Carmelus,
335 1942 427 1964 mons
435 1933 785 1971 Judaeae‚El-Carmel.

146 1974 299 2012 Carsulae,
315 1974 468 2013 oppidum
484 1974 623 2005 Umbriae
637 1974 669 2005 in
684 1975 785 2014 ltalia,

189 2015 241 2045 uhi
259 2015 290 2045 h.
309 2015 398 2045 vicus
415 2016 618 2055 Cccsiqliano.

145 2056 256 2095 Caspia
273 2056 419 2087 Claustra
432 2057 501 2088 sive
520 2057 643 2096 Caspiae
660 2060 763 2088 Portae
777 2082 785 2096 ,

186 2096 270 2127 inter
286 2097 423 2128 Mediam
439 2099 470 2129 et
484 2098 688 2138 Hyrcaniam,
704 2099 787 2130 inter

187 2139 313 2169 montes
353 2139 580 2170 Harlca-Koh
620 2141 652 2171 et
688 2139 785 2171 siah-

187 2179 273 2210 Kolz.

145 2220 302 2251 Caudium
314 2245 322 2259 ,
352 2220 506 2261 oppidum
535 2221 670 2261 Samnii,
701 2222 785 2253 inter

185 2264 405 2333 Bgneventum
419 2265 451 2293 et
467 2266 623 2304 Capuam,
644 2263 676 2294 h.
696 2265 782 2295 For-

187 2311 204 2333 c
232 2312 270 2333 ee.

144 2343 346 2382 Celenderis,
372 2345 534 2376 castellum
561 2345 681 2377 Cilicize
711 2350 783 2377 Tra-

186 2385 273 2457 chelae
298 2385 366 2417 sive
392 2391 540 2426 Aspcrae,
563 2388 601 2418 ad
626 2398 730 2427 mare,
750 2388 781 2418 h.

186 2427 238 2458 ΚΘ
255 2435 331 2458 nar.

868 284 1035 323 Ephesium
1053 293 1165 324 agrum
1188 286 1353 325 perlapsus
1369 285 1401 317 in
1421 286 1465 318 si-

869 334 945 354 num
960 326 1128 365 Ephesium
1144 325 1299 357 incidens.

828 365 959 397 Cercina
975 390 982 404 ‚
1013 367 1116 397 insula
1145 368 1261 398 Africae
1288 368 1325 398 ad
1360 369 1467 408 Syrtin

868 408 1036 447 Minorem,
1049 408 1079 438 h.
1095 408 1239 440 Kerlsem
1252 418 1277 439 s.
1295 410 1467 441 ΚΝΑ-(ινα.

828 448 1027 488 Chalcedon,
1047 450 1122 480 urbs
1136 451 1292 490 Bithyniae
1310 461 1327 481 e
1343 451 1469 490 regione

870 491 1164 531 Constantinopolis
1179 516 1186 529 ,
1231 493 1344 523 Turcis
1385 493 1469 524 dicta

872 531 1037 562 [factumve
1052 542 1077 562 s.
1094 532 1266 571 Kaclihjoz'.

829 572 998 610 Chamavi,
1026 574 1162 612 populus
1187 575 1364 606 Germaniae
1387 576 1470 606 inter

870 614 1002 653 Lupiam
1027 616 1157 654 (Lippa)
1181 618 1213 646 et
1239 617 1412 655 Amisiam,
1438 617 1470 647 in

872 658 1048 686 Hanoverae
1087 656 1230 695 partibus
1274 658 1468 697 Eichsselcl,

875 696 1123 736 Grecbenlzayen
1135 720 1143 735 ,
1166 698 1384 729 Holzenssein.

829 737 993 775 Chasuari,
1010 738 1146 777 populus
1155 739 1331 770 Germaniae
1348 740 1378 770 in
1398 744 1471 771 Has-

870 779 916 809 sia
935 779 1078 810 inferiori
1095 782 1127 810 et
1146 782 1234 819 parte
1257 780 1394 811 ducatus
1415 785 1471 812 Pa-

871 819 1106 851 derhornensis.
1122 824 1238 851 Eorum
1255 822 1345 853 sedes
1361 824 1470 862 postea

871 861 982 891 Franci
996 864 1208 901 occuparunt.

830 902 958 940 Chatti,
986 904 1123 942 populus
1146 905 1339 942 Germaniae,
1366 905 1470 936 maxi-

871 952 956 974 mam
971 946 1094 983 partem
1109 946 1244 982 Hassiae,
1262 946 1470 986 Wesiphaliae

870 986 901 1015 et
918 985 1081 1016 Nassoviae
1099 985 1261 1018 tenebant.

829 1025 962 1064 Chauci,
981 1027 1119 1065 populns
1132 1028 1308 1059 Germaniae
1324 1038 1330 1058 2
1349 1029 1470 1060 Chauci

871 1067 1008 1105 Majores
1026 1068 1107 1098 inter
1125 1069 1229 1098 Albim
1247 1071 1279 1099 et
1295 1070 1470 1109 Visurgim,

872 1108 925 1138 ubi
941 1109 969 1137 h.
981 1108 1117 1139 ducatus
1130 1111 1273 1140 Bremen
1289 1112 1320 1140 et
1336 1112 1470 1142 Lacaen-

872 1148 989 1188 boum.
1017 1150 1073 1180 Cli.
1098 1151 1255 1187 Minores,
1283 1150 1364 1182 inter
1386 1153 1469 1183 Ami-

870 1189 950 1220 siam
980 1192 1012 1221 et
1046 1191 1205 1230 Visurgim
1235 1193 1389 1231 (Weser),
1417 1194 1471 1224 ubi

871 1231 970 1262 Frisia
984 1232 1148 1263 orientalis
1164 1236 1196 1263 et
1214 1233 1441 1274 oldenhourq.

829 1272 995 1310 Cherusci,
1013 1274 1151 1313 populus
1166 1276 1354 1312 Ger-inanire,
1372 1285 1470 1316 quan·

871 1313 912 1343 do
921 1314 1147 1354 florentissimi,
1157 1316 1309 1348 tenebant
1317 1318 1470 1349 hodierna

870 1356 1086 1395 Luuellozcrss,
1103 1357 1314 1393 Br'zcnswichu
1335 1359 1470 1399 alayde-

872 1396 977 1436 houry
994 1400 1026 1428 et
1045 1398 1079 1429 la
1100 1398 1307 1438 lenreiiifsue.

828 1437 957 1476 Cibyra,
973 1438 1048 1469 urbs
1066 1440 1208 1479 Phrygiae
1224 1444 1357 1480 Magnae,
1378 1442 1412 1472 in
1432 1441 1467 1472 fi-

869 1478 964 1510 nibus
981 1480 1094 1519 Cariae,
1112 1481 1142 1511 h.
1160 1483 1290 1513 Buruz.

828 1519 959 1559 Cilices,
981 1522 1014 1551 in
1039 1522 1113 1552 Asia
1135 1522 1257 1554 Minore
1280 1532 1392 1555 versus
1414 1528 1468 1564 Sy-

869 1561 949 1592 riam
961 1586 969 1600 ,
989 1562 1041 1593 ubi
1062 1563 1135 1594 hod.
1154 1564 1329 1602 provinciae
1344 1565 1468 1597 Adana

870 1605 903 1632 et
919 1603 1079 1634 illaraclz.

827 1643 960 1682 Cimbri,
973 1645 1110 1683 populus
1124 1647 1313 1685 Germaniae,
1327 1656 1367 1678 ex
1377 1648 1469 1679 Cher-

867 1693 981 1716 soneso
1003 1685 1162 1717 Cimbrica
1178 1688 1342 1723 (chClcmd
1353 1711 1362 1727 ,
1379 1690 1467 1721 Sles·

868 1725 964 1764 wicht,
985 1727 1151 1765 Holstein)
1169 1727 1223 1758 diu
1240 1729 1320 1767 vagi.

827 1767 959 1802 Cinithii
975 1790 982 1805 ,
1015 1768 1154 1808 populus
1183 1770 1296 1800 Ali-icae
1325 1770 1358 1801 in
1384 1771 1467 1811 Syrti

869 1808 1002 1847 Minore,
1023 1818 1088 1840 sec.
1106 1810 1327 1842 Ptolemaeum.

827 1849 926 1888 Cirta,
943 1849 1018 1880 urbs
1035 1851 1161 1890 Africae,
1178 1852 1210 1882 in
1225 1852 1376 1884 Numidia
1389 1857 1467 1885 Mas·

868 1891 1029 1930 sylorum,
1050 1892 1135 1932 regia
1163 1893 1358 1933 Masinissae,
1385 1896 1467 1926 Con-

866 1934 1034 1963 stantiae.

826 1973 945 2012 Clanis,
962 1974 1081 2005 fluvius
1094 1976 1287 2016 campaniae,
1299 1976 1420 2008 Clanio
1437 1986 1463 2008 s.

869 2014 997 2054 l’Aqno.

826 2055 916 2087 Clitar!
928 2080 937 2095 ,
977 2057 1116 2096 populus
1154 2058 1272 2089 Ciliciae
1314 2059 1464 2090 Tracheac

868 2097 1050 2138 (montosae)
1060 2098 1092 2128 in
1110 2098 1227 2130 linibus
1241 2100 1359 2131 Ciliciae
1372 2104 1463 2131 Cam·

866 2139 992 2178 pesti-is.

824 2180 930 2218 Clota,
947 2181 1134 2211 aestuarium
1155 2181 1325 2212 Britanniae
1347 2182 1379 2212 in
1395 2181 1463 2213 fini—

865 2221 925 2252 bus
953 2222 1088 2261 Scotiae,
1114 2222 1218 2254 Fz'rtlz
1243 2222 1283 2260 of
1304 2222 1408 2262 Clytie
1434 2232 1462 2256 S.

867 2262 1100 2302 Clytie-Firtlz.

823 2304 980 2335 Coelaletae
993 2328 1001 2342 ,
1030 2305 1165 2344 populus
1199 2304 1342 2335 Thraciae
1378 2305 1462 2337 inter

865 2346 1037 2385 Rhodopen
1052 2348 1084 2376 et
1104 2349 1263 2376 Haemum.

822 2387 961 2419 Cohibns
974 2412 982 2426 ,
998 2387 1115 2417 llnvius
1133 2387 1305 2427 Colchidis,
1320 2388 1374 2427 qui
1392 2387 1461 2419 aliis

863 2429 967 2460 cobus
981 2452 990 2467 ,
1024 2437 1042 2460 e
1079 2432 1219 2460 Caucaso
1253 2428 1285 2460 in
1319 2430 1457 2460 Pontum
