1539 2668
497 179 522 206 A
557 178 595 206 U.
620 178 654 206 C.
681 177 752 206 817.
777 178 812 206 A.
837 178 872 207 C.
897 177 947 207 64.
1327 184 1384 213 241

59 259 173 282 causas
185 274 193 290 ,
213 250 338 291 quoties
354 259 473 281 novum
492 249 612 290 aliquid
628 249 830 290 adverterat,
848 253 884 282 ut
898 251 990 283 initia
1006 251 1187 292 vigiliarum
1204 263 1260 294 per
1270 258 1386 287 centu-

57 297 200 330 rionem¹
223 298 376 336 nuntiari,
389 297 574 329 convivium
595 297 730 328 buccina
745 297 863 330 dimitti
876 297 887 316 ²
906 300 938 330 et
953 299 1107 330 structam
1125 303 1199 332 ante
1213 305 1362 343 augurale
1373 305 1385 323 ³

57 352 147 375 aram
165 344 295 376 subdita
321 345 389 376 face
414 344 567 383 accendi,
594 347 712 375 cuncta
726 344 759 375 in
776 346 880 385 majus
896 345 1044 377 attollens
1060 347 1272 381 admiratione
1289 352 1385 390 prisci

53 391 158 423 moris
175 392 293 423 affecit.
312 394 440 432 postero
453 392 503 422 die
518 392 670 431 spatium
686 391 809 430 oravit,
826 401 892 433 quo
908 394 1044 424 tamum
1065 396 1202 426 itineris
1221 396 1385 432 aclilurns

47 436 190 476 fratre-s·
205 441 286 471 ante
301 441 515 479 matremque
529 440 672 470 viseret:
684 438 828 470 obsidem
845 440 964 471 interea
977 440 1075 472 filiam
1090 442 1187 474 tradit
1201 442 1386 487 litterasque

55 485 219 525 supplices
240 486 278 517 ad
299 490 471 517 Neronem.
1413 486 1425 491 “

97 535 201 564 XXXI.
214 535 251 565 Et
267 533 429 573 digressus
446 537 599 564 Pacorum
617 533 703 574 apud
721 533 843 573 Medos,
857 535 1034 575 Vologesen
1047 535 1214 569 Ecbatanis
1230 542 1384 582 repperit,

53 587 120 609 non
136 580 333 611 incuriosum
354 580 460 611 fratris
478 590 485 610 ε
507 580 626 621 quippe
639 582 671 612 ct
686 580 823 621 propriis
849 582 970 613 nuntiis
991 592 1010 613 a
1031 583 1211 616 Corbulone
1230 587 1384 627 petierat,

55 633 97 656 ne
111 635 216 666 quam
232 629 416 667 inzaqinem
429 629 564 658 servitii
586 627 758 659 Tiridates
770 628 956 669 perferret,
967 630 1180 669 neuserrwn
1198 633 1352 667 traderet
1359 637 1383 676 ¹,

54 675 118 704 auc
143 675 323 714 complexu
346 676 544 714 provincias
573 674 799 706 obtinenlinm
816 674 827 692 ²
858 678 1039 708 arceretur
1057 677 1236 717 foribusve
1266 690 1385 715 eorum

54 721 249 760 assisterem
268 723 455 762 tantusque
472 723 500 752 ei
520 724 651 761 Romoe,
670 724 823 762 quantus
841 723 1035 755 consulibus
1050 747 1058 763 ,
1078 724 1184 756 honor
1201 729 1296 759 esset.
1319 729 1385 761 sci·

51 766 127 798 licet
144 770 283 799 externae
301 769 460 808 superbiae
477 770 570 799 sueto
590 777 656 799 non
678 768 782 801 inerat
799 769 915 801 notitia
928 771 1045 810 nostri,
1063 772 1149 812 apud
1167 782 1247 812 quos
1259 775 1309 806 vis
1326 776 1387 808 im·-

53 813 135 851 perii
151 815 256 854 valet,
275 817 382 847 inania
402 816 684 847 transmittuntur.

95 864 214 893 XXXII.
242 863 358 894 Eodem
380 871 462 893 anno
478 864 587 894 Caesar
600 862 748 893 nationes
764 863 891 903 Alpium
906 863 1140 896 maritimarum
1161 866 1193 897 in
1210 868 1261 907 jus
1277 870 1379 901 Latii¹

51 907 231 940 transtulit.
259 911 411 949 Equitum
436 914 654 940 Romanorum
672 909 760 940 locos
785 910 939 941 sedilibus
966 910 1070 951 plebis
1097 914 1281 953 anteposuit
1295 917 1381 956 apud

53 954 187 987 circum.
205 965 346 997 namque
374 957 414 988 ad
432 965 501 988 eam
519 957 604 987 diem
630 956 796 988 indiscreti
824 956 971 995 inibant,
1001 958 1076 997 quia
1097 958 1146 989 lex
1168 962 1283 993 Roscia
1304 963 1384 996 nihil

51 1001 115 1033 nisi
127 1001 166 1034 de
182 1003 441 1043 quattuordecim
457 1003 626 1035 ordinibus
638 1002 648 1021 ²
663 1004 781 1036 sanxit.
792 1004 979 1044 Spectacula
991 1004 1205 1044 gladiatorum
1223 1008 1307 1040 idem
1323 1018 1382 1041 an-

51 1058 114 1081 nus
129 1050 242 1082 habuit
254 1075 262 1090 ‚
280 1051 348 1090 pari
365 1051 604 1091 magnificentia
620 1060 657 1082 ac
673 1051 797 1091 priora,
814 1051 870 1083 sed
887 1051 1079 1083 seminarum
1095 1052 1271 1087 illustrium
1286 1065 1381 1089 sena-

51 1097 226 1137 torumque
241 1098 348 1138 plures
360 1107 416 1138 per
434 1107 563 1129 arenam
582 1098 693 1129 foedati
708 1099 785 1129 sunt
800 1098 825 1129 ³.

95 1148 232 1176 XXXIII.
257 1148 291 1176 C.
311 1145 465 1183 Lecanio,
488 1149 529 1176 M.
546 1145 669 1176 Licinio
686 1149 776 1176 Coss.
800 1145 807 1162 ¹
826 1144 947 1176 acriore
964 1145 996 1176 in
1011 1145 1080 1178 dies
1101 1147 1253 1188 cupidine
1277 1151 1382 1191 adige-

52 1191 150 1222 batur
166 1193 251 1224 Nero
266 1192 465 1232 promiscuas
485 1201 595 1223 scenas
623 1192 857 1232 frequentandi.
876 1201 951 1222 nam
974 1192 1078 1224 adhuc
1096 1203 1152 1234 per
1173 1195 1305 1229 domum
1326 1200 1384 1231 ait

51 1238 165 1270 hortos
178 1238 355 1278 cecinerat,
369 1239 574 1278 Juvenalihus
589 1239 671 1270 ludis
686 1238 712 1278 ²,
726 1248 807 1278 quos
822 1241 857 1269 ut
870 1247 983 1278 parum
998 1240 1138 1271 celebres
1152 1243 1183 1273 et
1195 1243 1293 1275 tantae
1309 1246 1383 1277 voci

54 1287 206 1326 angustos
221 1286 404 1326 spernebat.
436 1296 499 1317 non
528 1290 635 1317 tamen
667 1290 778 1317 Romae
807 1286 949 1325 incipere
978 1295 1076 1318 ausus
1100 1289 1265 1328 Neapolim
1287 1293 1381 1331 quasi

53 1337 196 1365 Graecam
211 1333 340 1364 urbem³
354 1333 489 1373 delegit:
507 1333 586 1364 inde
599 1334 734 1364 ‘initiam
743 1332 888 1372 forestal
906 1335 1138 1373 transm-cessus
1152 1338 1185 1366 in
1198 1337 1377 1370 Achaiamst¹

53 1381 266 1421 insiqnesque
283 1382 317 1411 et
333 1382 528 1421 antiquans
547 1388 668 1411 sacras
690 1388 831 1411 coronas
845 1379 990 1419 adeptus
1007 1382 1248 1421 nznjoresama
1261 1385 1382 1418 studia

53 1429 180 1459 civium
194 1427 331 1459 eliceret
347 1427 370 1458 ⁵.
397 1436 471 1467 ergo
485 1429 686 1458 contractum
703 1426 939 1467 oppidanorum
965 1428 1097 1467 vulgus,
1123 1432 1155 1460 et
1175 1439 1256 1470 quos
1271 1441 1288 1463 e
1313 1442 1383 1473 pro-

52 1474 150 1506 ximis
164 1474 297 1506 coloniis
313 1476 345 1506 et
362 1475 547 1516 municipiis
565 1475 634 1514 ejus
658 1474 702 1505 rei
731 1474 817 1504 fama
839 1474 974 1513 civerat,
993 1475 1113 1515 quique
1139 1480 1294 1510 Caesarem
1326 1489 1383 1520 per

51 1522 208 1554 honorem
225 1524 281 1553 aut
300 1522 408 1553 varios
425 1531 503 1554 usus
528 1523 707 1561 sectantur,
727 1521 825 1553 etiam
848 1520 990 1552 militum
1013 1523 1194 1563 manipuli,
1216 1525 1380 1559 theatrum

52 1569 338 1610 Neapolitanorum
355 1570 528 1610 complent.

94 1620 227 1648 XXXIV.
253 1617 337 1656 Illic,
365 1617 509 1657 plerique
539 1618 575 1647 ut
603 1615 863 1655 arbitrabantur,
891 1615 999 1655 triste,
1028 1618 1065 1648 ut
1093 1618 1162 1657 ipse
1175 1643 1183 1657 ,
1208 1620 1380 1659 providum

52 1663 162 1705 potius
173 1665 205 1696 et
221 1664 368 1696 secundis
392 1664 577 1695 numinibus
598 1663 717 1694 evenit.
737 1671 809 1694 nam
833 1672 975 1703 egresso,
999 1663 1055 1706 qudi
1078 1664 1234 1706 assuerat,
1263 1668 1382 1708 populo

51 1714 193 1737 vacuum
209 1708 240 1737 et
266 1708 335 1737 sine
351 1706 447 1737 ullius
463 1714 546 1736 noxa
562 1706 723 1736 theatrum
741 1705 915 1744 collapsum
934 1707 993 1736 est.
1018 1714 1091 1745 ergo
1110 1715 1166 1746 per
1179 1709 1380 1748 compositos

52 1754 167 1784 cantus
183 1755 289 1792 grates
303 1753 366 1784 diis
386 1755 483 1793 atque
507 1753 609 1792 ipsam
627 1752 766 1783 recentis
782 1760 876 1783 casus
894 1752 1058 1783 fortunam
1080 1753 1245 1786 celebrans
1262 1756 1378 1795 petitu-

53 1807 173 1839 rusque
186 1800 284 1831 maris
298 1800 437 1832 Hadriae¹
460 1800 624 1840 traiectus,
642 1799 728 1840 apud
748 1803 966 1831 Beneventum
980 1799 1111 1831 interim
1130 1802 1277 1834 consedit
1296 1812 1303 1833 τ
1323 1803 1379 1835 ubi

82 1911 169 1935 XXX.
185 1916 204 1934 i.
217 1910 266 1934 Cui
282 1910 378 1940 vigiles
392 1910 486 1934 ordine
501 1909 619 1934 obeundi
634 1911 714 1933 erant
730 1909 810 1932 unius
827 1909 958 1938 cujusque
976 1910 1106 1938 quattuor
1118 1911 1272 1940 vigiliarum
1287 1915 1378 1944 :ideo,

51 1950 82 1972 ut
96 1947 212 1974 videtur,
226 1946 341 1974 nuntiat,
365 1946 461 1975 siquid
486 1945 557 1969 forte
571 1946 636 1969 novi
652 1946 742 1974 jussus
760 1944 1000 1968 transmittendum
1013 1945 1058 1968 sit.
1076 1950 1136 1969 -ε,
1152 1947 1186 1970 L‘t
1203 1948 1284 1971 etlam
1301 1949 1379 1974 inmo

46 1983 172 2008 convivii
187 1981 304 2005 buccina
315 1981 529 2006 canebatur.——⁵.
541 1981 579 2005 De
590 1987 644 2011 quo
658 1980 720 2004 vide
733 1980 761 2003 in
773 1980 803 2008 li,
818 1985 851 2003 15.
870 1980 933 2003 Ara
947 1984 996 2008 pro
1013 1980 1155 2004 sacrificiis
1169 1982 1212 2005 vei
1223 1982 1379 2010 libamentis

52 2025 104 2044 arae
122 2017 262 2047 impositis.

81 2053 179 2077 XXXI.
203 2057 224 2076 ι.
241 2053 298 2081 Quo
319 2052 392 2075 omni
407 2053 538 2081 tempore,
555 2051 597 2076 vel
619 2052 690 2075 inter
704 2050 808 2080 epulaS,
827 2048 946 2072 accincti
966 2051 1045 2073 erant
1068 2051 1177 2075 Parthi:
1193 2057 1284 2076 coram
1300 2054 1377 2078 PrIn—

50 2089 112 2119 cipe
126 2089 173 2112 aut
190 2088 352 2116 magistratu
366 2089 486 2111 Romano
504 2086 698 2117 deponendum
710 2086 831 2111 erat,—2.
844 2084 1039 2108 proconsulum
1054 2087 1081 2109 et
1089 2085 1377 2118 legatorum,qu0ruiv.

50 2124 195 2154 complexu
207 2129 302 2147 severe
313 2123 490 2146 interdictum
506 2124 566 2146 erat
580 2121 808 2152 provincialibus,

81 2159 192 2184 xxxn.
209 2164 230 2183 ι.
244 2159 363 2183 Medium
378 2159 502 2187 interius
516 2158 640 2182 Italicum
653 2158 681 2180 et
699 2157 741 2186 jus
757 2155 875 2180 civitatis
896 2155 1029 2179 nomanae.
1050 2156 1085 2180 Ex
1111 2162 1143 2181 eo
1158 2157 1207 2182 soli
1228 2158 1274 2188 qui
1290 2160 1378 2189 magi-

47 2193 182 2219 stratibus
201 2193 287 2218 functi
308 2195 387 2218 erant
412 2194 483 2223 apud
503 2200 572 2222 suos¹
589 2194 663 2217 cives
683 2192 795 2216 Romani
809 2191 973 2214 fiebant—2.
987 2192 1028 2214 Sc.
1047 2192 1169 2216 sedilium
1191 2193 1299 2222 theatri,
1320 2199 1376 2218 non

52 2229 126 2253 circi.
138 2229 194 2252 Vid.
209 2229 242 2252 ad
253 2229 295 2258 VI,
310 2235 331 2253 z.
347 2229 472 2253 Claudius
484 2229 655 2253 senatoribus
666 2228 729 2251 solis
743 2227 888 2251 discretam
902 2226 929 2249 in
946 2225 1020 2250 circo
1033 2227 1124 2251 sedern
1139 2229 1273 2252 tribuerat
1285 2235 1290 2251 :
1300 2234 1375 2252 nune

51 2264 123 2289 Nero
137 2264 313 2292 Equitibus.—-
322 2270 343 2288 5.
358 2264 388 2288 In
399 2271 478 2294 quain
499 2264 696 2288 descenderant
709 2263 753 2287 alii
766 2268 813 2286 suu
826 2267 908 2292 prava
922 2260 1040 2290 libidine,
1058 2263 1101 2287 alii
1117 2264 1207 2288 coacti
1226 2270 1241 2287 a
1254 2265 1377 2289 Nerone.

50 2298 119 2324 Vide
131 2305 212 2328 supra
224 2300 291 2328 XIV,
308 2305 334 2324 14
354 2301 382 2324 et
394 2301 504 2324 Sueton.
519 2306 541 2324 c.
556 2305 590 2324 12-

81 2334 208 2358 XXXIII.
221 2339 244 2357 ι.
259 2336 289 2358 Α.
303 2335 332 2359 U.
344 2341 396 2364 ευ,
410 2342 433 2365 p.
445 2336 505 2360 Chr.
516 2341 585 2360 cen-
595 2341 617 2359 Ξ.
638 2337 676 2359 De
690 2335 787 2365 quibus
802 2334 867 2361 XIV,
885 2336 973 2357 15.—5-
991 2334 1011 2357 A
1028 2333 1247 2359 Chalcidensibus
1267 2339 1299 2358 ex
1313 2334 1371 2357 Eu-

52 2369 114 2395 hoea
128 2369 237 2393 condita
256 2370 382 2394 servabat
401 2372 492 2395 Graeca
518 2371 668 2400 gymnasia,
687 2371 805 2400 theatra,
820 2364 1050 2406 ἀγῶναᾳ-ιᾸΠ
1073 2369 1159 2400 ipsam
1171 2370 1315 2400 Graeciam,
1336 2368 1379 2394 ad.

54 2404 202 2429 certamina
215 2403 362 2434 olympica,
381 2407 489 2430 eto—5.
504 2407 641 2431 Excitaret
1384 2405 1387 2408 ⁴

69 2439 189 2465 xxxw.
204 2444 225 2465 ι.
246 2439 290 2465 Sic
305 2440 398 2467 Graeco
412 2443 440 2466 et
452 2442 558 2473 poetico
572 2441 652 2466 modo
669 2447 718 2473 pro
739 2441 881 2469 Adriatici.

1222 2496 1265 2520 11
