1539 2668
96 169 133 199 18
499 170 631 199 TACITI
652 169 863 199 ANNALIUM
884 171 957 199 LIB.
982 171 1005 201 Ι.

90 246 254 283 militum,
269 243 329 275 sed
342 242 443 275 deam
460 244 517 274 ira
530 251 710 284 resurqere
722 267 731 283 ‚
749 252 806 275 cur
819 244 967 276 venerint
982 243 1077 284 legati
1091 268 1099 284 ,
1112 244 1217 284 aperit
1227 256 1236 284 3
1246 245 1307 284 jus
1323 247 1412 288 ἱερα-

91 294 192 326 tionis
207 291 218 309 ⁰
237 292 341 331 acque
353 292 460 330 ‘ipsius
477 290 602 322 Planci
617 298 758 330 gravem
770 292 804 322 ec
817 292 1030 322 immeritum
1047 299 1177 330 casum,
1195 291 1290 323 simul
1306 301 1413 333 quan-

92 343 167 372 tum
180 337 351 370 dedecoris
366 337 493 368 adierit
511 337 608 378 leym,
628 336 763 368 facunde
777 337 966 378 miseratur,
984 338 1188 378 attonitaque
1203 338 1303 379 magis
1316 347 1411 378 quam

90 386 198 426 quieta
215 384 370 416 concione
383 384 502 424 legatos
517 383 670 424 praesidio
686 383 891 415 auxiliarium
909 384 1054 425 equitum
1070 384 1214 416 dimittit.

130 436 192 464 XL.
216 436 259 463 Eo
276 431 308 462 in
329 433 415 462 metu
434 430 440 447 ¹
459 439 589 470 arguere
612 429 833 462 Germanicum
847 440 959 462 omnes
971 455 979 470 ,
998 444 1012 458 «
1028 432 1115 472 quod
1138 440 1200 462 non
1218 430 1258 462 ad
1273 431 1413 472 superio-

91 492 108 508 «
124 488 193 512 rem
207 478 387 510 exercitum
404 479 569 518 pergeret,
590 476 645 508 ubi
670 476 826 518 obsequia
850 479 882 509 et
899 480 1010 509 contra
1031 478 1164 510 rebelles
1181 478 1349 509 auxilium.
1365 488 1413 510 sa-

90 539 106 554 «
121 527 163 558 tis
177 533 337 566 superque
353 524 506 556 missione
525 525 557 555 et
573 523 709 564 pecunia
731 526 764 556 et
778 525 931 556 mollibus
957 525 1114 556 consultis
1131 527 1298 566 peccatum
1316 535 1323 555 :
1341 525 1412 565 vel,

89 586 105 601 (ι
120 574 149 605 si
169 573 244 604 vilis
260 572 321 613 ipsi
338 572 426 603 salus
439 595 447 610 ,
463 581 520 602 cur
537 571 640 602 filium
660 572 849 612 parvulum,
871 581 928 603 cur
949 572 1115 611 gravidam
1137 573 1306 612 conjugem
1332 573 1414 604 inter

89 634 105 649 «
120 621 262 652 furentes
277 622 308 651 et
329 619 434 650 omnis
448 618 578 649 humani
591 618 673 658 juris
697 618 867 650 violatores
894 619 1046 650 liaberet?
1067 619 1140 650 illos
1166 620 1280 651 saltem
1298 628 1360 650 avo
1382 619 1414 650 et

88 680 105 695 «ι
118 667 305 708 reipublicae
321 666 478 697 redderet.
496 678 509 692 n
528 666 590 696 Diu
608 668 778 697 cunctatus
798 669 1022 706 aspernantem
1040 665 1050 683 ²
1078 675 1210 697 uxorem
1224 690 1232 705 ,
1256 675 1358 706 quum
1379 673 1414 697 se

85 714 164 747 divo
179 715 332 753 Auyusto
346 714 459 743 ortam
474 721 582 753 neque
595 712 793 752 deyenercm
808 712 854 743 acl
866 713 1028 753 pericula
1043 715 1215 744 testaretur
1225 736 1233 751 ‚
1252 714 1414 753 postremo

85 769 291 794 communem
307 760 408 790 lilium
425 759 526 790 multo
540 768 615 790 cum
634 759 709 790 ssetu
728 760 928 799 complexus,
944 761 980 790 ut
994 759 1108 798 abiret,
1126 759 1276 801 perpulit.
1294 759 1415 791 incede-

85 809 141 841 bat
154 807 311 840 muliebre
330 810 362 838 et
389 806 571 838 miserabile
597 815 711 846 agmen
725 829 735 845 ,
753 806 888 846 profuga
903 806 996 837 ducis
1021 815 1122 845 uxor,
1145 807 1315 847 parvulum
1340 805 1414 837 sinu

84 856 187 887 filium
201 863 325 895 gerens,
342 853 557 884 lamentantes
571 853 694 884 circum
711 854 894 885 amicorum
908 854 1072 894 conjuges,
1098 862 1171 894 quae
1190 853 1287 885 simul
1308 852 1415 885 trahe·

84 904 202 935 bantur
217 911 224 932 :
240 910 301 932 nec
313 900 421 931 minus
438 900 545 931 tristes
559 900 615 940 qui
632 900 817 932 manebant.

125 953 203 982 XLI.
228 953 298 980 Non
315 947 457 979 florentis
472 948 607 979 caesaris
623 955 726 986 neque
742 947 808 978 suis
828 947 860 977 in
882 947 996 978 castris
1009 971 1017 986 ,
1042 947 1097 978 sed
1115 947 1204 978 velut
1223 947 1256 978 in
1277 945 1356 978 urbe
1370 943 1414 974 vi-

83 999 136 1030 cta
154 997 161 1014 ¹
181 996 290 1034 facies,
309 995 512 1035 gemitusque
529 1003 567 1025 ac
584 993 734 1034 planctus
750 993 761 1011 2
781 994 878 1025 etiam
894 994 1033 1025 militum
1054 1003 1147 1025 aures
1163 1002 1283 1034 oraque
1302 993 1415 1024 adver-

83 1048 161 1078 tere.
187 1041 437 1084 progrediuntur
460 1040 708 1073 contuberniis:
731 1042 881 1082 quisille
903 1041 1037 1082 flebilis
1065 1044 1197 1073 sonus?
1226 1039 1317 1082 quod
1342 1041 1415 1072 tam

83 1094 184 1124 triste
196 1093 212 1122 P
223 1089 378 1130 feminas
393 1088 561 1127 illustres,
580 1097 646 1120 non
663 1090 901 1120 centurionem
925 1089 971 1120 ad
987 1089 1148 1127 tutelam,
1167 1097 1234 1119 non
1253 1087 1413 1127 militem,

82 1138 171 1171 ⁷22}th
186 1137 423 1177 imperaror-tce
439 1137 560 1166 uxoris
585 1137 650 1166 atet
667 1137 852 1167 comitatus
872 1136 980 1174 soliti,
999 1144 1144 1175 perqere
1160 1135 1171 1153 ³
1189 1135 1236 1166 acl
1258 1135 1414 1166 Treviros

82 1188 115 1217 et
130 1187 283 1217 externae
292 1183 377 1222 fidei
392 1182 418 1213 ⁴.
434 1182 540 1222 pudor
561 1182 636 1212 inde
661 1184 694 1213 et
718 1182 880 1212 miseratio
909 1183 941 1212 et
967 1182 1070 1221 patris
1096 1181 1260 1221 Agrippae,
1278 1179 1414 1219 Augusti

82 1231 318 1268 avi,1nein01·ia
338 1240 345 1260 ε
361 1238 451 1261 socer
469 1234 611 1267 Drusns3
629 1228 697 1268 ipsa
711 1228 829 1267 insigni
847 1228 1052 1267 fecunditate,
1073 1228 1226 1268 praeclara
1241 1226 1412 1268 pudicitia;

79 1279 147 1320 jam
172 1278 278 1310 infans
302 1277 334 1307 in
360 1275 475 1307 castris
494 1275 643 1315 genitus,
660 1275 693 1306 in
712 1274 924 1306 coutubernio
948 1275 1109 1314 legionum
1136 1274 1291 1312 eductus,
1316 1282 1411 1314 quem

81 1325 213 1358 militari
229 1323 387 1355 vocabulo
410 1322 610 1362 Caliqulam
624 1321 846 1362 appellabant,
864 1320 939 1362 quia
956 1322 1147 1361 plerummie
1161 1321 1200 1351 ad
1224 1320 1413 1351 concilanda

81 1373 170 1413 vulgi
185 1371 292 1403 studia
307 1379 345 1401 eo
360 1369 498 1409 tegmine
517 1368 636 1408 pedum
654 1368 664 1385 ⁵
692 1368 897 1399 induebatur.
925 1367 980 1398 sed
1007 1368 1084 1398 1111111
1102 1376 1194 1408 aeque
1212 1367 1299 1398 ssexit
1315 1375 1413 1410 quam

82 1419 205 1454 invidia
218 1419 251 1449 111
264 1417 411 1448 Treviros
427 1426 433 1445 :
448 1417 551 1448 orant,
566 1415 747 1453 obsistunt,
764 1415 915 1454 rediret,
932 1417 1089 1446 maneret
1102 1440 1110 1454 ‚
1133 1424 1207 1455 pars
1230 1414 1412 1455 Agrippinae

82 1467 303 1502 occursantes,
317 1462 446 1504 plurimi
463 1462 501 1492 ad
522 1462 745 1494 Germanicum
760 1462 906 1501 regressi.
926 1463 1031 1502 isque,
1046 1465 1080 1492 ut
1094 1466 1162 1493 erat
1175 1470 1287 1493 reeens
1301 1461 1413 1494 dolore

81 1517 113 1547 et
129 1515 193 1551 ira,
209 1511 296 1552 apud
310 1509 527 1541 circumfusos
544 1509 589 1540 ita
606 1509 722 1549 eoepit:

123 1564 215 1594 XLll.
242 1572 258 1586 «
272 1562 343 1590 Non
359 1557 438 1588 mihi
458 1566 539 1588 uxor
556 1558 611 1588 aut
625 1556 708 1587 silius
721 1557 811 1596 patre
826 1555 832 1573 ¹
854 1557 885 1587 et
902 1555 1063 1596 republica
1080 1556 1220 1587 cariores
1243 1555 1318 1587 sunt
1332 1567 1339 1584 ι
1354 1553 1412 1587 sed

84 1623 99 1637 «1
117 1608 209 1640 11111111
226 1604 358 1646 quidem
374 1613 431 1634 sua
449 1605 600 1643 majestas
613 1627 622 1643 ,
638 1603 808 1643 imperium
824 1607 1004 1634 Romanum
1020 1603 1115 1634 ceteri
1129 1603 1290 1634 exercitus
1304 1601 1409 1633 desen-

82 1668 97 1682 ·
117 1655 204 1686 dent.
230 1652 397 1692 conjugem
421 1652 453 1681 et
479 1650 596 1682 liberos
614 1659 726 1688 meos,
744 1658 827 1690 quos
844 1659 901 1690 pro
917 1650 1017 1689 gloria
1037 1651 1142 1681 vestra
1167 1649 1269 1680 libens
1291 1649 1331 1680 ad
1346 1649 1411 1680 exi·

84 1716 99 1730 1(
114 1702 197 1734 tium
215 1700 383 1737 offerrem,
395 1707 481 1728 nunc
495 1697 606 1738 procul
624 1706 643 1728 a
660 1697 840 1728 furentibus
853 1706 1043 1728 summoveo
1055 1721 1062 1735 ,
1079 1699 1115 1728 ut
1126 1721 1133 1735 ‚
1152 1696 1309 1736 quicquid
1326 1696 1410 1727 istuc

84 1763 99 1777 «
117 1748 245 1781 sceleris
260 1746 425 1784 imminet,
447 1754 518 1776 meo
534 1747 660 1776 tantum
686 1744 840 1783 sanguine
866 1744 992 1784 pietur,
1010 1752 1090 1775 neve
1115 1744 1241 1774 occisus
1275 1741 1410 1782 Augusti

85 1810 100 1824 «
116 1803 294 1836 pronepos,
324 1792 491 1823 interfecta
510 1791 629 1823 Tiberii
654 1800 756 1823 nurus
768 1815 776 1829 ‚
794 1791 996 1822 nocentiores
1014 1800 1070 1821 vos
1099 1791 1205 1821 faciat.
1224 1789 1302 1830 quid
1322 1788 1408 1820 enim

83 1857 99 1872 ιι
115 1852 172 1883 per
188 1842 247 1872 hos
265 1840 333 1871 dies
352 1839 503 1870 inausum
524 1839 794 1870 intemeratumve
812 1837 929 1868 vobis?
964 1838 1051 1877 quod
1074 1846 1191 1868 nomeu
1217 1836 1291 1868 111110
1311 1834 1411 1867 coetui

82 1903 97 1917 <‹
114 1889 220 1920 dabo?
245 1887 412 1918 'nez'licesne
432 1886 612 1926 appellem?
626 1885 681 1924 qui
705 1884 805 1915 filium
826 1884 1030 1925 Imperatoris
1044 1884 1142 1915 vestri
1160 1884 1243 1915 vallo
1257 1885 1289 1915 et
1310 1882 1410 1916 armis

84 1949 98 1962 «
115 1933 379 1966 circumsedistis.
396 1941 437 1963 an
454 1936 568 1963 cives?
585 1932 702 1972 quibus
719 1934 785 1963 tani
803 1931 943 1972 projecta
955 1930 965 1948 ²
983 1933 1114 1962 senatus
1143 1930 1330 1962 auctoritas.
1348 1930 1408 1962 ho-

83 1996 98 2009 «
114 1983 212 2013 stium
238 1989 367 2021 quoque
391 1979 445 2019 Jus
460 1978 471 1996 ³
503 1982 535 2010 et
554 1987 646 2010 sacra
667 1978 838 2018 legationis
854 1981 886 2009 et
910 1978 956 2008 fas
973 1977 1116 2018 gentium
1142 1977 1285 2018 rupistis.
1305 1977 1408 2008 Divus

83 2042 98 2055 n
114 2029 218 2060 Julius
229 2027 239 2045 ⁴
262 2027 453 2059 seditionem
470 2026 632 2058 exercitus
645 2025 745 2057 verbo
759 2034 824 2057 uno
839 2024 1054 2066 compescuit,
1072 2026 1222 2062 Quirites
1230 2022 1379 2055 vocando
1394 2022 1405 2040 ⁵

80 2112 141 2130 cum
163 2105 350 2134 increpatione
373 2105 466 2128 dicens
481 2105 607 2134 fatalem
618 2110 675 2128 esse
695 2104 769 2128 hanc
794 2102 917 2131 rabiem,
932 2108 1021 2132 neque
1035 2103 1088 2126 etc.
1101 2115 1128 2118 —
1141 2107 1165 2126 e.
1188 2101 1249 2126 Scil-
1267 2101 1406 2125 violatum.

110 2145 163 2168 XI..
178 2149 197 2167 1.
212 2143 326 2172 Trepido
344 2149 432 2166 rerum
449 2144 530 2171 statu,
542 2144 604 2166 (111111
623 2142 795 2166 metuebatur
806 2147 839 2165 ne
850 2141 939 2165 rabies
956 2142 1010 2165 cito
1024 2141 1171 2165 rediret.—
1183 2145 1205 2164 2.
1220 2140 1407 2164 Recusantem.

109 2181 175 2205 XLI.
196 2185 218 2204 1.
229 2179 293 2203 Scit.
312 2174 409 2208 ὄντος,
426 2177 514 2207 positi.
525 2190 553 2194 —
564 2182 586 2200 2.
597 2179 640 2202 Sc.
654 2178 767 2207 agminis
781 2177 932 2200 mulierum.
942 2182 1000 2199 —5.
1017 2177 1105 2206 Junge
1117 2181 1179 2200 cum
1190 2175 1315 2204 subjecto
1323 2173 1408 2204 semi-

80 2222 132 2240 nas
144 2216 287 2243 illustres‚·
307 2213 409 2243 reliqua
425 2219 522 2242 magno
534 2213 635 2236 affectu
650 2214 720 2236 nude
734 2213 954 2242 interponuntur,
969 2211 1020 2235 hoc
1037 2217 1116 2235 sensu
1131 2217 1137 2234 z
1156 2211 1253 2240 quibus
1272 2215 1327 2234 non
1341 2213 1407 2233 een-

80 2252 150 2277 turio
167 2250 283 2274 addatur
296 2250 329 2273 ad
343 2249 471 2277 tutelam,
486 2254 520 2272 ne
537 2248 636 2272 milites
649 2248 757 2277 quidem
771 2247 901 2277 gregarii,
916 2246 1012 2277 quibus
1026 2246 1090 2270 nihii
1103 2247 1137 2270 sit
1150 2246 1221 2276 quod
1234 2244 1407 2275 imperatoris

80 2292 192 2312 uxorem
206 2285 322 2314 indicet,
337 2284 403 2308 niiul
414 2285 558 2308 comitatus
570 2283 722 2307 honorifici.
737 2295 766 2300 —
779 2289 800 2307 s.
815 2282 875 2307 Scil-
890 2282 1030 2310 homines:
1050 2287 1166 2311 quorum
1187 2281 1253 2305 fides
1267 2281 1302 2305 sit
1320 2279 1407 2310 qualis

76 2323 164 2347 soleat
179 2327 237 2345 esse
248 2322 436 2350 externorum,
452 2319 573 2343 minima.
591 2330 616 2334 —
634 2323 655 2342 ⁴.
669 2319 770 2348 Caliga,
787 2324 839 2348 qua
854 2317 968 2347 gregarii
984 2317 1081 2341 milites
1093 2317 1248 2341 utebantur.

108 2358 186 2381 XLII.
202 2361 222 2380 1.
236 2356 379 2385 Δόορῑίνυ,
396 2354 515 2378 Tiberio.
530 2366 557 2370 —
573 2358 594 2377 α.
613 2354 631 2376 Α
645 2354 744 2383 quibus
756 2354 824 2377 adeo
838 2354 928 2382 spreta
941 2354 991 2376 est.
1005 2365 1034 2369 —
1044 2357 1058 2376 ι’,
1079 2353 1127 2377 Jus
1140 2352 1221 2381 quale
1237 2350 1406 2376 etiaminter
1419 2354 1424 2358 ·

80 2391 268 2417 hostes‘valet.
280 2403 310 2408 —-
325 2396 347 2414 ⁴.
362 2390 448 2414 Julius
461 2390 562 2416 caesar,
577 2394 658 2417 quum
672 2389 801 2413 adversus
819 2389 929 2412 sextum
952 2388 1107 2417 Pompeium
1119 2387 1148 2411 in
1164 2387 1280 2411 Africam
1298 2383 1406 2416 expedi-

81 2428 183 2452 tionem
198 2427 316 2456 pararet.
331 2438 358 2442 -ο
375 2431 396 2450 s.
414 2426 487 2455 Quos
501 2423 615 2452 milites,
629 2425 835 2448 commilitones
848 2422 948 2452 alloqui
965 2423 1090 2446 solebant
1103 2422 1197 2446 duces.
1219 2422 1349 2455 Quirites
1363 2424 1406 2443 ιο·
