1539 2668
493 153 529 181 A.
554 152 593 181 U.
617 150 655 180 C.
681 150 751 179 806.
775 149 811 178 A.
837 150 872 178 C.
897 149 948 178 53.
1317 153 1372 182 181

63 233 93 263 st
124 229 351 270 maqistratus
374 227 518 259 Romani
537 226 790 256 constituissent
804 235 815 255 .·
830 232 905 254 mox
934 222 1011 254 alias
1028 230 1085 262 per
1099 221 1281 261 provincias
1302 221 1334 252 et
1352 220 1387 251 in

63 278 148 310 Urbe
165 278 315 318 pleraque
329 282 479 306 concessa
498 272 508 290 ⁵
524 273 611 311 sunt,
629 281 702 312 quae
718 271 794 302 olim
812 280 830 302 a
847 269 1036 311 praetoribus
1052 268 1278 300 noscebantur.
1296 268 1389 300 Clau-

61 326 135 357 dius
157 332 252 355 omne
266 323 318 362 jus
329 320 481 359 tradidit,
501 319 540 351 de
553 328 618 360 quo
634 318 729 350 toties
744 318 899 350 seditione
914 318 969 349 aut
987 316 1084 347 armis
1096 317 1266 354 certatum,
1284 322 1386 354 quum

60 370 258 411 Semproniis
269 367 484 408 rogationibus
495 367 644 406 equester
656 364 735 396 ordo
751 365 783 395 in
798 360 994 405 possessione
1007 362 1204 403 judiciorum
1215 362 1388 400 locaretur,

63 421 120 450 aut
136 425 264 449 rursum
280 414 422 446 Serviliae
435 414 521 453 leges
543 412 667 444 senatui
688 412 808 452 Judicia
830 411 1021 449 redderent,
1044 409 1229 449 Mariusque
1251 410 1283 440 et
1301 409 1388 440 Sulla

63 465 139 497 olim
157 464 197 495 de
212 472 250 494 eo
266 462 316 493 vel
333 460 495 501 praecipue
511 459 667 491 bellarent
679 459 703 490 ⁶.
724 458 779 490 sed
794 460 871 490 tune
893 457 1043 488 ordinum
1066 457 1194 488 diversa
1210 455 1336 494 studia,
1356 459 1389 487 et

61 520 134 552 quae
148 511 311 547 vicerant,
327 506 481 548 puhlice⁷
511 507 674 538 valebant.
699 510 734 538 C.
761 505 883 546 Oppius
907 506 940 536 et
961 504 1131 536 Cornelius
1150 502 1266 534 Balbus
1291 502 1389 542 primi

60 558 197 590 Caesaris
214 557 330 597 opibus
346 556 356 573 ὃ
384 556 516 595 potuere
534 554 736 585 conditiones
752 553 840 593 pacis
856 555 887 584 et
904 552 1038 584 arbitria
1055 550 1129 582 belli
1144 550 1294 581 tractare.
1318 552 1387 580 Ma-

59 606 122 638 tios
135 606 146 623 ³
172 604 305 645 posthac
321 605 353 634 et
368 602 486 633 Vedios
502 602 528 619 ¹⁰
546 603 579 633 et
595 603 701 632 cetera
722 600 874 640 Equitum
891 603 1110 631 Romanorum
1130 596 1305 637 praevalida
1327 604 1387 626 no·

59 653 148 685 mina
161 652 278 683 reterre
294 650 371 681 nihil
391 649 581 687 attinuerit,
598 657 699 688 quum
725 647 877 679 Claudius
894 647 1044 685 libertos,
1061 653 1143 685 quos
1168 644 1214 676 rei
1237 642 1390 674 familiari

58 700 246 741 praefecerat
260 699 266 715 ¹
278 699 302 736 ¹,
313 697 437 737 sibique
456 699 488 727 et
501 696 625 735 legibus
641 694 867 735 adaequaverit.

101 750 177 778 LXI.
201 745 321 777 Retulit
335 744 409 775 dein
422 743 463 775 de
479 744 700 774 immunitate
720 744 792 774 Cois
809 740 993 773 tribuenda
1006 764 1015 778 ,
1028 738 1193 779 multaque
1209 745 1314 777 super
1330 744 1390 768 an—

62 796 224 836 tiquitate
241 800 359 824 eorum
370 791 581 821 memoravit:
606 803 620 816 κ
633 789 767 829 Argivos
784 789 834 820 vel
851 792 962 820 Coeum
979 788 985 804 ¹
1003 788 1134 818 Latonae
1149 786 1316 825 parentem
1331 792 1390 815 ve-

63 855 78 868 «
97 840 294 872 iustissimos
322 837 436 869 insulae
464 837 621 876 cultores;
649 845 725 867 mox
751 836 892 867 adventu
921 833 1083 872 AEsculapii
1106 834 1209 863 artem
1239 830 1389 862 medendi

61 901 77 915 «ι
98 887 231 926 illatam,
257 886 462 924 maximeque
479 884 564 915 inter
578 885 723 924 posteros
740 883 809 922 ejus
826 880 985 913 celebrem
1003 880 1116 918 fuisse,
1134 892 1150 906 υ
1174 878 1304 909 nomina
1324 878 1389 908 sin-

60 934 206 974 gulorum
225 933 377 970 referens,
398 933 430 962 et
446 930 563 971 quibus
579 930 714 971 quisque
729 929 882 961 aetatibus
895 927 1087 967 viguissent.
1102 926 1180 966 quin
1196 926 1293 956 etiam
1307 924 1390 956 dixit

62 993 78 1008 α
97 981 342 1020 Xenophontem
359 978 384 1018 ²,
398 978 488 1018 cujus
500 978 633 1009 scientia
649 978 716 1018 ipse
729 979 883 1015 uteretur,
895 975 1006 1006 eadem
1023 973 1144 1004 familia
1156 975 1278 1011 ortum;
1293 972 1390 1012 preci-

63 1042 78 1056 ι(
95 1028 157 1060 bus
171 1029 239 1067 eJ'us
248 1026 404 1066 dandum,
413 1027 450 1057 ut
460 1025 548 1056 omni
561 1025 683 1057 tributo
694 1024 787 1055 vacui
802 1024 832 1054 in
844 1026 1008 1063 posterum
1020 1021 1075 1052 Coi
1087 1029 1211 1052 sacram
1222 1021 1254 1051 et
1264 1021 1391 1051 tantum

63 1089 79 1104 κ
94 1076 145 1108 dei
162 1075 343 1106 ministram
357 1073 497 1104 insulam
513 1073 666 1104 colerent.
682 1085 697 1099 n
713 1080 818 1111 neque
832 1070 966 1101 dubium
981 1068 1153 1100 haberetur
1165 1067 1266 1098 multa
1280 1074 1391 1098 eorun-

62 1122 136 1154 dem
152 1122 185 1152 in
200 1121 356 1161 populum
374 1124 555 1150 Romanum
578 1119 691 1150 merita
706 1118 883 1157 'sociasque
897 1116 1047 1147 victorias
1067 1115 1210 1155 potuisse
1224 1112 1320 1146 tradi.
1336 1111 1391 1143 sed

61 1168 213 1201 Claudius
232 1167 383 1198 facilitate
409 1166 522 1205 solita,
539 1165 627 1206 quod
648 1165 702 1196 uni
722 1164 946 1202 concesserat,
966 1162 1063 1193 nullis
1085 1161 1283 1193 extrinsecus
1300 1160 1391 1199 adju-

61 1216 179 1248 mentis
194 1214 323 1246 velavit.

103 1266 193 1294 LXII.
211 1263 251 1293 At
263 1260 421 1301 Byzantiis
442 1260 518 1291 data
541 1259 668 1290 dicendi
691 1258 805 1298 copia,
830 1265 933 1297 quum
958 1254 1235 1296 maqnitudinem
1250 1259 1393 1284 onerum

63 1310 149 1351 apud
175 1310 324 1340 senatum
344 1308 607 1347 deprecarentur,
634 1308 750 1336 cuncta
773 1304 970 1344 repetivere,
996 1303 1059 1333 orsi
1086 1316 1101 1328 α
1120 1311 1138 1332 a
1161 1301 1280 1332 foedere
1305 1298 1393 1340 quod

64 1371 80 1385 «ι
98 1356 269 1388 nobiscum
289 1355 427 1392 icerant‚
445 1362 509 1393 qua
525 1354 715 1392 tempestate
732 1351 924 1382 bellavimus
945 1350 1097 1381 adversus
1114 1357 1221 1388 regem
1243 1345 1393 1378 Macedo-

64 1416 80 1430 σι
100 1411 177 1434 num
191 1426 200 1441 ,
220 1402 271 1433 cui
289 1404 325 1432 ut
339 1400 487 1441 degeneri
509 1400 514 1417 ¹
538 1398 798 1438 Pseudophilippi
815 1396 1008 1428 vocabulum
1028 1395 1227 1436 impositum.
1245 1394 1361 1424 missas
1375 1405 1391 1420 »

62 1451 195 1490 posthac
214 1448 225 1466 ²
251 1462 267 1476 ι(
284 1448 392 1488 copias
405 1448 438 1478 in
455 1446 672 1483 Antiochum,
688 1447 805 1476 Persen
816 1468 824 1483 ,
840 1444 1057 1475 Aristonicum
1072 1466 1081 1482 ‚
1105 1443 1138 1473 et
1151 1441 1287 1482 piratico
1308 1440 1393 1471 hello

65 1509 81 1524 ·‹
100 1497 245 1536 adjutum
257 1494 470 1527 Antonium³»
489 1492 712 1524 memorabant
728 1505 742 1518 «
755 1500 892 1531 quaeque
909 1490 1003 1522 Sullae
1018 1492 1074 1521 aut
1087 1488 1218 1521 Lucullo
1232 1491 1288 1518 aut
1302 1491 1394 1518 Pom-

65 1558 81 1572 «
97 1544 170 1585 peio
190 1543 399 1581 obtulissent,
416 1555 431 1569 υ
447 1550 523 1572 mox
550 1554 564 1567 «
579 1540 717 1571 recentia
732 1539 764 1569 in
784 1543 925 1570 Caesares
950 1537 1063 1568 merita
1076 1561 1085 1577 ‚
1109 1535 1238 1576 quando
1263 1543 1300 1565 ea
1325 1534 1393 1565 loca

64 1605 80 1618 ιι
99 1591 294 1629 insiderent,
309 1598 381 1630 quae
395 1587 667 1620 transmeantibus
687 1589 771 1618 terra
787 1585 932 1625 marique
951 1584 1091 1615 ducibus
1110 1582 1370 1621 exercitibusque
1381 1604 1393 1620 ,

65 1652 81 1666 «ι
99 1638 193 1670 simul
210 1637 357 1668 vehendo
379 1638 561 1667 commeatu
578 1636 764 1674 opportuna
784 1633 899 1664 forent.
920 1645 934 1659 n

105 1688 212 1717 LXIII.
237 1688 381 1724 Namque
397 1682 557 1714 artissimo
572 1681 655 1712 iuter
669 1685 827 1720 Europam
850 1680 1023 1718 Asiamque
1043 1676 1182 1717 divortio
1204 1674 1393 1715 Byzantium

62 1733 96 1764 in
112 1734 258 1764 extrema
274 1734 401 1770 Europa
417 1737 553 1770 posuere
567 1728 667 1760 Gra‘ci
681 1752 690 1766 ‚
709 1727 826 1767 quihus
841 1726 992 1766 Pythium
1008 1723 1188 1765 Apollinem
1202 1721 1392 1754 consulenti·

62 1779 125 1811 bus
148 1779 206 1810 ubi
222 1777 407 1809 conderent
423 1776 566 1808 urbem?
592 1775 756 1805 redditum
781 1774 945 1804 oraculum
970 1774 1038 1811 est,
1059 1771 1255 1812 quaererent
1280 1767 1393 1800 sedem

63 1834 233 1857 caecorum
247 1826 348 1856 terris
361 1823 554 1855 adversam.
581 1830 618 1852 ea
634 1821 766 1860 ambage
782 1819 988 1852 Chalcedonii
1014 1817 1289 1854 monstrabantur,
1306 1814 1393 1854 quod

64 1873 187 1914 priores
203 1872 282 1903 illuc
297 1870 445 1908 advecti,
458 1869 598 1909 praevisa
613 1869 618 1885 ¹
641 1868 783 1898 locorum
801 1866 951 1905 utilitate,
966 1866 1074 1905 pej0ra
1088 1864 1259 1904 legissent:
1274 1862 1393 1901 quippe

63 1918 254 1960 Byzantium
279 1917 376 1949 fertili
401 1916 489 1956 solo,
512 1915 649 1948 fecundo
666 1913 769 1954 mari,
795 1912 870 1953 quia
894 1913 945 1944 vis
958 1912 1097 1953 piscium
1115 1911 1294 1949 immensa,
1314 1911 1394 1939 Pon-

64 2030 129 2055 dici.
141 2043 171 2048 —
186 2035 209 2054 s.
220 2030 261 2053 Sc.
281 2028 346 2052 viris
372 2026 559 2057 equestribus,
579 2026 610 2049 ut
628 2024 782 2054 Maecenati,
796 2024 839 2048 cui
857 2023 919 2047 data
935 2022 1088 2052 jurisdictio
1107 2021 1197 2046 Urbis,
1256 2025 1281 2044 6.
1295 2021 1333 2044 De
1352 2020 1394 2044 his

62 2065 175 2096 siugulis
196 2071 223 2089 v.
243 2063 384 2092 Hannoni,
406 2062 493 2087 tables
512 2062 747 2090 chronoloqz'ques
771 2065 847 2089 pour
866 2058 1007 2083 l'lzistoire
1029 2058 1070 2082 du
1089 2057 1170 2081 droit
1190 2056 1314 2080 romain.
1331 2060 1392 2079 —7.

62 2102 201 2130 Tanquam
214 2100 321 2129 publica
335 2099 510 2122 auctoritate.
526 2110 553 2113 —
567 2103 589 2120 a.
600 2098 649 2121 l’cr
660 2096 723 2121 Julii
735 2096 843 2119 Caesaris
853 2095 1012 2124 potentiam,
1026 2098 1189 2123 quamquam
1207 2097 1296 2120 neque
1310 2091 1395 2120 magi-

63 2137 165 2160 stratus
190 2136 285 2164 erant,
308 2139 396 2163 neque
419 2134 541 2157 senatum
564 2131 749 2162 populumque
772 2129 962 2154 consulebant.
985 2140 1014 2146 —-
1032 2133 1053 2152 9.
1083 2129 1130 2152 Cn.
1150 2127 1264 2154 Matius,
1290 2126 1394 2149 amicus

63 2171 186 2201 Augusti.
201 2184 228 2188 -—
248 2175 282 2194 ιο.
304 2171 343 2194 Dc
357 2169 440 2193 Vedio
450 2175 477 2192 v.
491 2169 509 2198 1,
525 2173 559 2192 ιο.
574 2180 601 2184 -
617 2172 653 2191 ιι.
668 2167 735 2190 Nam
752 2165 819 2189 tales
829 2165 938 2194 proprie
952 2165 1061 2189 fuerant
1074 2163 1107 2187 ad
1120 2161 1194 2187 illum
1208 2162 1279 2186 diem
1287 2165 1393 2191 procu-

63 2208 178 2230 ratores
190 2206 265 2236 fisci.

94 2243 162 2266 LXI.
177 2248 196 2266 ι.
213 2242 299 2266 Unum
310 2246 341 2264 ex
356 2239 507 2265 Titanibus.
525 2252 554 2257 —
567 2244 589 2262 2,
602 2238 736 2261 Medicum
747 2244 754 2261 :
767 2243 793 2261 v.
809 2242 832 2260 c.
847 2241 885 2260 ⁶⁷.

95 2277 173 2301 LXII.
186 2282 206 2301 ι.
224 2276 285 2300 Non
298 2283 330 2300 ex
346 2276 431 2299 nobili
441 2280 541 2304 genere
555 2274 679 2298 oriundo.
695 2273 842 2296 Andriscus
858 2271 1052 2296 vocabatur.—
1063 2274 1087 2293 Ξ.
1099 2268 1222 2294 Posthac
1236 2267 1270 2292 ad
1286 2272 1392 2291 memo—

65 2312 172 2336 rabant
184 2312 319 2335 retertur:
336 2317 397 2335 nam
414 2311 470 2340 ipsa
492 2316 536 2334 res
560 2311 623 2333 ante
645 2309 746 2333 bellum
764 2309 858 2331 contra
879 2307 1138 2336 Pseudophilippum
1160 2305 1240 2329 tacta.
1255 2316 1279 2321 -·
1300 2308 1322 2326 t».
1340 2303 1389 2326 Pa-

66 2347 136 2370 trem
151 2347 294 2370 triumviri.
305 2347 349 2376 qui
361 2346 430 2370 male
445 2346 529 2375 gessit
539 2345 605 2369 illud
617 2344 716 2368 bellum
735 2345 798 2367 ante
815 2343 979 2372 Pompeium.

96 2382 187 2406 Lxlll.
202 2388 222 2406 ι.
240 2383 299 2406 Visa
317 2384 380 2405 ante
393 2382 547 2410 Byzantiosy
563 2381 609 2409 qui
622 2379 808 2409 septendecim
825 2379 902 2402 annis
922 2379 983 2408 post
995 2383 1041 2402 eos
1058 2377 1084 2401 in
1104 2375 1150 2401 illa
1168 2375 1230 2400 loca
1249 2372 1388 2398 venerant

64 2417 237 2443 Chalcedonii
250 2417 389 2441 adversam
404 2417 536 2446 Byzantiis
549 2416 776 2439 oramAsiaucam
788 2415 891 2438 tenent.
