1539 2668
103 113 146 143 36
492 112 626 143 TACITI
649 113 859 143 ANNALiUM
881 114 953 143 LIB.
979 114 1018 143 11.

101 193 192 217 more
205 185 357 217 externo*
377 185 410 216 in
424 185 665 217 matrimonium
680 193 885 226 regnumque.
901 185 981 218 Dein
1000 186 1091 227 Jussu
1107 183 1242 224 Augusti
1256 184 1429 226 impositus

102 232 311 272 Artavasdes,
328 233 360 264 et
379 242 443 264 non
459 233 525 264 sine
541 233 631 264 clade
647 234 758 263 nostra
770 231 923 272 dejectus.

143 282 195 310 lV.
218 283 300 310 Tum
316 283 350 311 C.
369 283 472 311 Caesar
490 280 496 297 ¹
519 279 749 320 componendae
765 279 921 311 Armeniae
934 280 1093 320 deligitur.
1112 279 1140 311 is
1160 278 1424 320 Ariobarzanem,

99 326 221 365 origine
235 326 364 358 Medum
375 352 383 367 ,
401 327 442 358 ob
459 327 616 367 insignem
634 326 778 367 corporis
794 326 930 358 formam
947 329 979 359 et
1005 327 1193 368 praeclarum
1210 326 1355 357 animum
1373 335 1425 358 vo-

98 373 239 405 lentibus
262 374 419 405 Armeniis
433 375 583 415 praiecit.
604 373 815 406 Ariobarzane
828 376 931 406 morte
949 374 1079 406 fortuita
1093 374 1277 414 absumpto,
1291 374 1425 414 stirpem

97 421 166 460 ejiis
182 421 267 452 baud
279 421 473 461 toleravere3
490 424 675 461 tentatoque
688 420 816 453 feminae
838 421 972 462 imperio
983 446 992 462 ,
1007 422 1057 453 cui
1073 431 1189 452 nomen
1202 423 1310 459 Erato,
1325 428 1426 461 eaque

98 467 186 499 brevi
204 468 306 507 pulsa,
322 468 433 500 incerti
450 469 610 508 solutique
627 470 659 500 et
673 468 773 508 magis
787 468 855 500 sine
874 469 1005 500 domino
1025 477 1122 508 quam
1144 468 1175 499 in
1191 468 1338 499 libertate
1353 476 1425 508 pro-

97 514 207 554 fugum
232 519 397 546 Vononem
423 516 456 546 in
474 525 606 555 regnum
632 515 804 556 accipiunt.
831 515 890 547 Sed
914 515 967 546 ubi
997 515 1137 546 minitari
1166 515 1345 547 Artabanus
1361 514 1372 532 ²
1393 515 1425 546 et

94 569 209 600 parum
224 562 357 593 subsidii
375 563 405 593 in
414 563 570 594 Armeniis
584 563 646 602 vel,
665 562 690 593 si
700 565 809 594 nostra
825 562 1087 594 videsenderetnr
1101 562 1252 601 ³,belluin
1267 562 1423 593 adversus

94 608 229 639 Parthos
250 608 443 640 sumendum
467 611 553 649 erat;
577 612 682 641 rector
701 610 801 649 Syriae
817 610 961 642 Creticus
978 610 1103 641 Silanus
1119 609 1259 640 excitum
1278 609 1424 640 custodia

93 655 291 695 circumdat,
309 660 457 688 manente
478 658 555 687 luxu
580 660 611 688 et
630 658 714 697 regio
740 657 880 689 nomine.
909 656 995 697 quod
1022 656 1196 687 ludibrium
1225 657 1260 687 ut
1283 656 1423 696 effugere

94 702 265 741 agitaverit
282 707 450 742 Vonones,
465 703 497 735 in
514 704 583 734 loco
599 704 607 721 ⁴
627 704 810 735 reddemus.

134 753 170 780 V.
201 753 349 781 Ceterum
363 751 489 782 Tiberio
511 751 595 782 baud
622 754 783 791 ingratum
801 751 919 783 accidit
944 751 1067 782 turbari
1087 760 1138 782 res
1159 750 1317 790 Orientis,
1332 750 1369 781 ut
1385 758 1422 781 ea

91 797 196 836 specie
213 798 436 829 Germanicum
454 798 552 829 suetis
570 798 747 838 legionibus
764 799 980 838 abstraheret,
995 801 1153 838 novisque
1170 797 1344 838 provinciis
1360 796 1420 827 im-

90 844 233 884 positum
248 844 321 875 dolo
335 845 430 875 simul
449 848 480 876 et
497 846 626 877 casibus
649 846 836 886 objectaret.
860 849 892 878 at
915 846 986 886 ille,
1008 850 1127 886 quanto
1154 846 1276 876 acriora
1291 845 1324 876 in
1346 853 1421 876 eum

89 891 194 922 studia
216 891 352 922 militum
371 897 402 923 et
420 893 424 909 ¹
445 902 557 924 aversa
579 893 683 933 patrui
705 894 873 933 voluntas,
898 893 1077 925 celerandae
1093 893 1237 924 victoriae
1266 891 1421 924 intentior

88 940 226 969 trau-lare
243 939 428 979 praeliorum
445 940 514 971 vias
527 939 537 957 2
558 942 589 971 et
603 949 674 980 quae
690 940 749 971 sibi
765 941 971 980 tertiumjam
986 950 1105 971 annum
1121 940 1319 979 belligeranti
1334 948 1420 970 saeva

93 986 140 1015 vel
167 995 318 1026 prospera
342 987 525 1018 evenissent
543 996 549 1017 z
569 1000 582 1014 «
602 987 691 1018 fundi
706 992 880 1019 Germanos
906 988 972 1019 acie
993 989 1025 1019 et
1046 987 1141 1027 justis
1163 987 1174 1004 ³
1198 986 1293 1026 locis,
1312 985 1419 1026 juvari

89 1044 105 1058 «
124 1033 227 1071 siffis,
241 1033 422 1073 paludibus,
441 1034 529 1065 brevi
546 1036 656 1066 aestate
674 1038 704 1065 et
721 1038 915 1075 praematura
929 1035 1052 1073 liieme;
1069 1043 1163 1065 suum
1181 1033 1315 1065 militem
1333 1032 1418 1064 baud

91 1090 106 1105 α
124 1079 256 1118 perinde
270 1081 457 1112 vulneribus
473 1091 568 1121 quam
583 1082 692 1121 spatiis
706 1081 871 1121 itinerum,
887 1082 1004 1112 damno
1019 1090 1181 1112 armorum
1197 1080 1282 1111 allici
1297 1092 1305 1120 ;
1321 1080 1419 1112 fessas

89 1139 105 1153 u
124 1126 238 1158 Gallias
251 1127 469 1160 ministrandis
480 1129 587 1168 equis3
605 1130 734 1168 longum
748 1129 1052 1169 impedimentorum
1069 1137 1182 1168 agmen
1197 1128 1418 1167 opportunum

89 1185 104 1198 «
124 1173 162 1204 ad
186 1174 330 1213 insidias,
347 1175 589 1207 defensantibus
605 1176 766 1215 iniquum.
783 1179 815 1205 at
832 1176 857 1206 si
873 1184 959 1206 mare
975 1175 1126 1213 intretur,
1138 1177 1323 1214 promptam
1337 1172 1418 1213 ipsis

90 1234 105 1247 ιι
122 1222 356 1261 possessionem
372 1222 381 1240 ⁴
403 1224 435 1253 et
449 1223 596 1254 hostibus
616 1222 771 1262 ignotam,
786 1222 882 1252 simul
897 1222 1016 1253 bellum
1036 1222 1194 1252 maturius
1211 1221 1308 1261 incipi
1324 1220 1419 1260 legio·

87 1284 101 1296 «
118 1277 240 1308 nesque
256 1270 287 1299 ‹t
303 1273 502 1301 commeatus
514 1269 632 1310 pariter
648 1269 719 1300 velii
733 1281 740 1308 3
758 1270 917 1309 integrum
935 1269 944 1285 '³
961 1269 1100 1309 equitem
1115 1277 1278 1311 equosque
1291 1277 1347 1308 per
1362 1275 1418 1299 ora

87 1328 103 1342 «
123 1316 155 1346 et
173 1316 282 1346 alveos
298 1316 468 1347 fluminum
488 1317 595 1347 media
611 1316 643 1347 in
661 1316 828 1348 Germania
846 1316 923 1346 sore.
943 1328 958 1342 n

128 1367 182 1393 VI.
208 1362 308 1402 igitur
326 1363 389 1393 liuc
406 1363 561 1402 intendit,
578 1363 684 1394 missis
699 1363 737 1393 ad
758 1371 875 1393 census
895 1362 1068 1394 Galliarum
1086 1362 1093 1380 ¹
1122 1366 1155 1394 P.
1176 1362 1305 1394 Vitellio
1329 1365 1360 1394 et
1379 1367 1414 1394 C.

84 1409 192 1441 Antio.
218 1409 310 1441 Silius
333 1412 364 1441 et
380 1411 513 1441 Anteius
536 1412 567 1441 et
589 1409 714 1441 Caecina
740 1409 935 1441 fabricandae
950 1410 1041 1440 classi
1057 1413 1299 1450 praeponuntur.
1328 1409 1417 1441 mille

84 1465 186 1487 naves
203 1456 350 1488 sufficere
364 1457 439 1488 visae
463 1459 612 1498 properat
625 1469 630 1485 ι
643 1466 706 1497 que
725 1467 732 1487 :
753 1457 824 1488 aliae
839 1457 971 1496 breves,
990 1460 1124 1496 angusta
1144 1457 1240 1497 puppi
1255 1466 1416 1497 proraque

84 1505 116 1533 et
136 1503 200 1534 lato
220 1506 332 1542 utero,
349 1513 413 1543 quo
440 1504 562 1535 facilius
586 1503 702 1535 [luctus
720 1504 911 1542 tolerarent;
933 1503 1082 1544 quaedam
1099 1504 1202 1544 planae
1222 1504 1358 1544 carinis,
1381 1506 1415 1537 ut

83 1550 153 1581 sine
170 1560 253 1582 noxa
270 1551 428 1587 siderent;
448 1551 556 1591 plures
576 1551 732 1591 appositis
753 1552 914 1592 utrimque
931 1551 1179 1591 gubernaculis,
1201 1560 1357 1583 converso
1380 1555 1416 1584 ut

84 1600 214 1637 repente
234 1597 364 1638 remigio
384 1597 458 1628 hinc
474 1598 524 1628 vel
546 1598 632 1628 illinc
646 1602 858 1638 appenerent3
877 1599 986 1630 multa·
1002 1598 1156 1639 pontibus
1169 1600 1279 1630 stratae
1292 1623 1300 1638 ,
1320 1608 1415 1639 super

84 1654 164 1684 quas
178 1647 337 1676 tormenta
350 1645 553 1683 veherentur,
566 1645 659 1676 simul
677 1648 760 1685 aptae
777 1645 915 1677 ferendis
932 1645 1023 1686 equis
1034 1646 1090 1677 aut
1104 1645 1296 1677 commeatui
1310 1655 1317 1676 :
1333 1646 1414 1677 velis

83 1691 216 1730 habiles,
235 1692 308 1723 citae
322 1693 429 1731 remis,
447 1691 645 1731 augebantur
658 1692 823 1724 alacritate
839 1693 976 1724 militum
992 1693 1022 1723 in
1039 1693 1177 1734 speciem
1195 1701 1232 1723 ac
1246 1695 1410 1724 terrorem.

82 1738 191 1769 Insula
208 1742 418 1778 Batavorum,
442 1739 474 1769 in
498 1748 594 1778 quam
616 1739 846 1780 convenirent,
873 1739 1027 1780 praedicta
1046 1739 1088 1770 ob
1113 1739 1220 1770 faciles
1237 1738 1411 1779 appulsus,

81 1785 341 1826 accipiendisque
365 1786 466 1826 copiis
492 1788 524 1817 et
551 1786 840 1818 transmittendum
868 1786 908 1818 ad
933 1786 1052 1818 bellum
1084 1789 1275 1826 opportuna.
1297 1785 1307 1803 ²
1337 1795 1412 1817 nam

81 1833 229 1872 Rhenus,
253 1842 318 1864 uno
337 1834 429 1865 alveo
452 1834 627 1866 continuus
651 1838 706 1866 aut
723 1835 868 1867 modicas
889 1835 1008 1866 insulas
1025 1834 1302 1874 circumveniens,
1327 1834 1413 1875 apud

80 1879 274 1920 principium
296 1881 361 1921 agri
377 1881 486 1912 Batavi
503 1883 594 1914 velut
609 1883 641 1914 in
655 1883 734 1914 duos
748 1891 859 1914 amnes
873 1882 1041 1922 dividitur,
1059 1885 1231 1922 servatque
1248 1889 1366 1912 nomen
1380 1883 1411 1912 et

79 1927 267 1958 violentiam
282 1937 479 1969 cursus‚qua
488 1929 689 1961 Germaniam
703 1929 901 1970 praevenitur
911 1929 937 1970 ³,
954 1930 1056 1961 donec
1069 1933 1197 1961 Oceano
1211 1930 1385 1960 misceatur
1401 1937 1410 1965 ;

78 1974 118 2005 ad
133 1974 283 2006 Gallicam
298 1975 400 2015 ripam
415 1976 507 2007 latior
521 1978 553 2008 et
567 1977 720 2018 placidior
736 1977 890 2009 affluens:
907 1985 999 2009 verso
1013 1977 1227 2017 cognomento
1246 1974 1409 2008 Vahalem-

78 2055 184 2080 I‘artbis
201 2055 365 2080 afficeretur.
375 2069 401 2073 —-
411 2062 432 2080 ⁴.
447 2058 522 2082 More
533 2059 720 2088 AEgyptiornm
734 2059 903 2089 aliorumque
916 2058 1096 2088 orientalium¹
1111 2057 1277 2082 connubium
1289 2058 1318 2081 et
1331 2058 1408 2087 regni

78 2091 238 2114 societatem
252 2091 320 2114 inter
338 2091 434 2115 fratres
447 2099 609 2123 sororesque
622 2094 831 2118 admittentium.

111 2126 150 2150 lV.
171 2131 190 2148 ι.
206 2126 242 2148 De
256 2131 309 2154 qno
327 2132 407 2155 supra
421 2127 444 2155 l,
458 2133 480 2150 5.
495 2140 523 2145 -
536 2133 558 2152 2.
580 2129 630 2158 Qut
649 2129 758 2154 Oroden
779 2129 862 2154 fillum
883 2129 921 2153 eis
937 2135 1030 2159 regem
1045 2129 1126 2153 dedit.
1145 2140 1174 2146 -—
1187 2134 1210 2152 5.
1228 2128 1363 2152 Vonones.
1379 2141 1406 2146 —

79 2166 102 2185 4.
116 2162 168 2184 Suo
179 2160 256 2188 loco,
271 2160 338 2184 inira
355 2166 413 2190 cap.
428 2167 464 2185 68.

108 2196 137 2218 V.
158 2201 178 2219 ι.
191 2195 226 2219 Et
239 2201 339 2225 quanto
353 2197 437 2225 magis
451 2203 553 2221 aversa
562 2204 591 2228 p.
612 2205 646 2228 v.,
665 2201 741 2224 tanto
759 2200 897 2224 intentior
911 2200 960 2224 cel.
979 2201 1032 2224 ete.
1046 2212 1073 2217 -—
1090 2203 1112 2222 2.
1130 2199 1224 2223 Animo
1245 2198 1356 2223 volvere
1378 2203 1407 2226 et

77 2232 207 2260 reputare
225 2231 281 2254 vias
300 2231 396 2260 quibus
410 2237 526 2261 propere
545 2233 577 2256 ad
593 2240 767 2264 congressum
784 2241 844 2259 cum
865 2235 940 2259 noste
953 2235 1090 2265 perveniri
1106 2236 1207 2264 posset.
1222 2246 1249 2251 —-
1260 2239 1282 2256 s.
1298 2234 1404 2263 AEqnis,

76 2266 148 2289 baud
163 2266 301 2295 insidiosis,
313 2266 340 2290 in
351 2266 448 2297 quibus
459 2267 561 2291 nulium
570 2269 716 2293 subsidium
728 2272 825 2300 praeter
836 2271 963 2294 virtutem
975 2270 1096 2294 rnilitum.
1104 2282 1132 2286 —
1152 2274 1176 2293 4.
1190 2269 1405 2299 occupationem

77 2301 137 2330 agri
154 2301 264 2325 hostilis.
278 2313 305 2318 —
319 2307 341 2325 s.
355 2302 399 2326 Se.
409 2302 525 2331 viribus,
540 2308 593 2327 non
608 2304 707 2328 fessum
719 2305 806 2336 longis
820 2307 846 2329 et
856 2305 990 2334 impeditis
1004 2305 1155 2329 itineribus.

109 2336 147 2360 Vl.
165 2341 185 2360 ι.
202 2336 275 2361 Conf.
290 2337 315 2366 1,
335 2342 431 2361 :rm-2.
447 2338 568 2361 Breviter
590 2338 691 2363 dictum
711 2346 774 2370 pro,
798 2341 827 2364 et
845 2340 917 2370 quod
938 2340 1145 2370 accipiendis...
1157 2339 1322 2371 opportuna
1334 2339 1402 2364 erat.

72 2370 149 2396 Nota
162 2372 337 2398 variationem
351 2372 378 2398 in
388 2373 524 2400 structura
534 2373 667 2405 adjectivi.
681 2388 709 2393 —
722 2381 745 2401 ι.
761 2375 790 2400 ln
803 2375 900 2401 finibus
911 2375 1058 2401 Germaniae
1070 2376 1136 2402 nult.
