1539 2668
524 175 561 204 A.
584 175 624 204 U.
649 176 683 204 C.
709 175 782 206 822.
810 177 842 206 A.
866 177 902 207 C.
923 178 975 207 69.
1349 181 1412 212 365

89 250 306 283 subeuntibus
319 261 328 290 ;
343 250 375 281 iri
388 258 524 291 quarum
538 250 662 281 tectum
677 251 793 290 egressi
807 251 891 284 saxis
904 250 1083 291 tegulisque
1096 252 1286 285 Vitellianos
1297 254 1415 288 obrue-

90 297 178 330 bant.
206 306 312 338 neque
334 297 395 329 illis
415 305 530 328 manus
545 297 604 328 nisi
628 298 741 337 gladiis
762 301 914 338 armatae;
939 301 971 330 et
993 307 1150 330 arcessere
1169 302 1332 333 tormenta
1355 304 1411 334 aut

90 345 221 377 missilia
237 346 300 377 teia
323 345 453 384 longum
476 344 656 376 videbatur.
674 347 758 378 faces
779 348 810 379 in
827 347 1059 388 prominentem
1074 346 1234 387 porticum
1248 349 1362 386 Jecere.
1378 351 1411 381 et

89 392 307 431 sequebantur
321 392 447 431 ignem,
465 391 694 433 ambustasque
708 396 852 435 Capitolii
872 396 955 427 sores
971 396 1208 436 penetrassent,
1230 395 1262 425 ni
1276 395 1412 427 Sabinus

89 440 232 471 revulsas
248 438 389 478 undique
403 440 525 470 statuas
537 462 545 477 ‚
564 439 680 470 decora
698 445 857 481 majorum
870 467 878 483 ,
899 443 930 474 in
944 443 1013 483 ipso
1030 442 1116 473 aditu
1134 442 1205 472 vice
1220 442 1303 472 muri
1321 442 1411 481 obje-

90 485 196 518 cisset.
211 488 282 517 tuni
300 485 446 516 diversos
462 486 607 525 Capitolii
626 487 732 519 aditus
750 489 905 522 invadunt
920 514 928 528 ,
942 490 1035 529 juxta
1052 489 1162 520 lucum
1179 488 1258 528 asyli
1275 489 1280 505 ¹
1302 491 1333 519 et
1349 496 1412 528 qua

88 532 222 573 Tarpeia
242 531 357 572 rupes²
375 534 506 563 centum
528 533 681 572 gradibus
695 536 812 571 aditur.
842 537 1018 577 improvisa
1037 537 1174 576 utraque
1198 535 1267 574 x‘is3
1283 535 1413 575 propior

89 581 184 619 atque
204 578 307 610 acrior
325 587 382 618 per
404 579 528 618 asylum
544 581 723 620 ingruebat.
748 580 808 615 nec
821 584 889 615 sisti
904 586 1050 623 poterant
1064 582 1254 614 scandentes
1271 592 1326 622 pei·
1339 590 1413 613 con·

85 627 197 667 juncta
210 626 345 658 aedificia
358 651 366 666 ‚
391 636 482 667 quae,
501 630 536 659 ut
556 628 588 658 iii
612 630 713 661 multa
737 640 814 670 pace
827 656 835 671 ,
859 632 892 662 in
912 632 1011 662 altum
1034 631 1119 662 edita
1140 631 1244 662 solum
1265 629 1413 670 capitolii

88 673 269 713 aequabant.
302 674 354 705 liic
373 674 557 714 ambigitur,
580 675 686 715 ignem
707 678 802 708 tectis
825 681 1062 719 oppugnatores
1086 678 1269 715 injecerint,
1296 686 1336 708 an
1361 676 1413 707 ob-

87 720 183 759 sessi,
200 729 273 760 quae
287 721 431 752 crebrior
444 722 529 753 fama
542 746 550 761 ,
569 723 712 755 nitentes
728 733 765 755 ac
786 734 973 765 progressos
995 725 1186 765 depulerint.
1209 724 1284 755 inde
1306 724 1414 763 lapsus

89 766 171 808 ignis
188 768 219 799 in
237 769 379 808 porticus
396 770 560 809 appositas
581 770 706 801 aedibus
719 770 729 788 ⁵
745 782 753 809 ;
779 780 853 802 mox
870 774 1064 803 sustinentes
1086 772 1248 811 fastigium
1269 771 1384 811 aquilae
1400 770 1408 786 ⁴

89 816 196 846 vetere
215 815 302 855 ligno
325 818 492 847 traxerunt
510 817 672 847 flammam
691 818 915 858 alueruntque.
934 820 979 850 sic
998 818 1209 858 Capitolium,
1230 818 1346 849 clausis
1365 817 1414 848 so—

90 860 197 900 ribus,
215 862 416 893 indefensum
434 867 465 893 et
479 863 676 903 indireptum
694 865 911 903 conflagravit.

131 912 248 940 LXXII.
268 909 300 940 Id
318 910 441 940 lacinus
456 912 526 948 post
541 911 701 941 conditam
713 911 829 942 Urbem
844 911 1116 943 luctuosissimum
1134 911 1415 950 foedissimumque

90 957 274 998 reipublicae
295 957 404 997 populi
420 959 553 989 Romani
572 958 710 997 accidit,
735 958 822 989 nullo
845 960 978 989 externo
999 959 1109 996 hoste,
1128 958 1295 998 propitiis,
1314 958 1340 988 si
1359 966 1414 997 pei·

91 1013 195 1036 mores
208 1006 334 1035 nostros
348 1004 457 1036 liceret
472 1029 480 1044 ,
497 1005 566 1036 deis
577 1029 585 1042 ‚
600 1006 710 1037 sedem
726 1006 813 1036 iovis
829 1005 941 1045 optimi
958 1005 1091 1036 maximi
1103 1006 1265 1044 auspicato
1283 1011 1300 1032 a
1319 1005 1414 1042 majo-

92 1052 182 1084 ribus
194 1076 204 1091 ,
219 1052 333 1092 pignus
346 1052 485 1091 imperii,
501 1052 682 1091 conditam,
697 1062 794 1092 quam
812 1062 875 1084 non
891 1057 1051 1084 Porsenna
1066 1053 1174 1083 dedita
1188 1051 1271 1082 Urbe
1286 1051 1291 1068 ¹
1312 1058 1415 1089 neque

93 1099 171 1132 Galli
185 1100 277 1138 capta
289 1100 446 1129 temerare
460 1099 660 1138 potuissent,
675 1100 781 1130 furore
795 1100 978 1139 Principum
995 1099 1147 1130 exscindi.
1164 1100 1281 1129 arserat
1296 1100 1326 1128 et
1339 1095 1415 1127 ante

93 1145 285 1186 Capitolium
300 1145 386 1176 civili
402 1145 484 1176 bello
497 1145 523 1184 ²,
536 1146 589 1176 sed
608 1146 717 1177 iraude
735 1147 857 1186 privata
874 1156 880 1177 :
895 1156 980 1177 nunc
994 1147 1095 1186 palam
1111 1146 1292 1183 obsessum,
1310 1145 1414 1184 palam

94 1192 282 1231 incensum,
296 1192 416 1232 quibus
433 1201 597 1223 armorum
617 1193 724 1223 causis
737 1216 745 1231 ‚
765 1203 829 1233 quo
849 1196 944 1224 tantae
962 1194 1061 1224 cladis
1078 1194 1199 1232 pretio?
1218 1191 1340 1221 scilicet
1357 1199 1415 1230 pro

94 1240 196 1281 patria
211 1238 418 1270 bellavimus!
430 1242 569 1269 voverat
582 1240 775 1278 Tarquinius
789 1241 915 1271 Priscus
927 1249 981 1271 rex
995 1240 1077 1270 bello
1090 1239 1216 1275 Sabino.
1232 1239 1416 1276 “ieceratque

95 1286 303 1318 fundamenta
318 1286 329 1303 ³
346 1295 401 1325 spe
419 1286 519 1325 magis
538 1286 653 1317 i'uturae
676 1287 910 1325 magnitudinis
924 1312 931 1325 ‚
956 1296 1052 1327 quain
1069 1296 1132 1326 quo
1151 1286 1286 1316 modicaev
1309 1283 1415 1314 adliuc

94 1334 205 1374 popuii
230 1334 364 1364 Romani
392 1343 441 1364 res
464 1334 659 1364 sufficerent.
688 1342 763 1364 mox
787 1335 915 1366 servius
933 1335 1055 1365 Tullius
1077 1333 1237 1364 sociorum
1262 1331 1370 1361 studio
1388 1331 1414 1367 ⁴,

94 1381 166 1412 dein
175 1379 536 1420 TarquiniusSuperbus
546 1383 637 1420 capta
646 1384 758 1411 Suessa
767 1382 908 1412 Pometia
920 1381 1060 1412 liostium
1076 1380 1183 1419 spoliis
1192 1382 1377 1409 exstruxere
1389 1377 1413 1406 ὁ.

93 1427 150 1459 sed
173 1427 272 1467 gloria
296 1426 402 1466 operis
430 1426 568 1457 libertati
591 1430 753 1458 reservata
773 1437 780 1457 τ
808 1428 908 1467 pulsis
934 1427 1061 1467 regibus
1083 1426 1234 1458 Horatius
1259 1424 1418 1455 Pulvillus

94 1476 212 1508 iterum
231 1474 344 1504 consul
360 1474 371 1491 ⁸
391 1473 575 1512 dedicavit,
596 1482 631 1505 ea
654 1474 896 1513 magnificentia
922 1483 1017 1514 quam
1043 1475 1210 1505 immensa·
1232 1474 1341 1512 postea
1360 1478 1416 1510 po-

95 1522 162 1563 puli
179 1520 315 1553 Romani
333 1529 411 1560 opes
425 1522 576 1552 ornarent
596 1522 704 1560 potius
721 1530 817 1561 quani
833 1523 997 1561 augerent.
1015 1522 1126 1552 iisdem
1147 1528 1259 1550 rursus
1273 1516 1419 1555 vestigiis

96 1570 193 1602 sitinii
218 1571 284 1607 est,
312 1570 482 1608 postquam
509 1568 677 1607 interjecto
695 1569 1002 1608 quadringentorum
1017 1566 1225 1608 quindeciiii⁷
1256 1571 1417 1596 annorum

96 1617 200 1656 spatio
217 1619 250 1646 L.
268 1615 415 1655 Scipione
429 1639 437 1654 ,
454 1619 486 1647 C.
504 1615 654 1646 Norbano
671 1620 758 1647 Coss.
775 1616 973 1654 flagraverat.
993 1624 1103 1646 curam
1121 1615 1224 1645 victor
1242 1613 1328 1644 Sulla
1349 1618 1420 1642 sus-

97 1663 202 1703 cepit,
229 1672 335 1702 neque
351 1663 459 1693 tamen
477 1662 640 1694 dedicavit
658 1673 665 1694 :
685 1664 744 1694 hoc
766 1664 871 1695 solum
897 1663 1127 1702 felicitatisejiis
1150 1665 1299 1700 negatum
1313 1660 1339 1689 ⁸.
1359 1662 1417 1689 Lu-

97 1710 168 1742 tatii
186 1711 289 1741 Catuli
303 1719 419 1742 nomen
434 1710 517 1741 iuter
533 1713 622 1742 tauta
639 1715 802 1742 Caesarum
818 1720 914 1750 opera
931 1720 1032 1751 usque
1046 1710 1084 1741 ad
1105 1708 1267 1740 Vitellium
1287 1705 1417 1737 mansit.

140 1760 272 1788 LXXIII.
298 1760 339 1787 Ea
353 1758 432 1787 tunc
454 1757 539 1787 aedes
556 1758 769 1788 cremabatur.
789 1758 844 1789 sed
861 1759 933 1798 plus
949 1758 1076 1797 pavoris
1092 1756 1229 1787 obsessis
1247 1762 1345 1794 quam
1361 1752 1419 1782 ob-

100 1803 280 1835 sessoribus
299 1803 419 1833 intulit.
438 1803 558 1843 quippe
573 1804 762 1835 Vitellianus
781 1805 873 1835 miles
892 1813 997 1843 neque
1016 1807 1086 1834 astu
1113 1811 1217 1842 neque
1241 1799 1420 1831 constantia

100 1848 183 1882 inter
197 1850 294 1881 dubia
308 1850 480 1889 indigebat.
493 1859 533 1881 ex
546 1850 675 1881 diverso
689 1851 803 1890 trepidi
817 1851 946 1889 milites,
961 1851 1028 1881 dux
1042 1849 1147 1888 segnis
1158 1850 1190 1879 et
1204 1848 1293 1878 velut
1308 1848 1422 1885 captus

132 1953 226 1979 LXXI.
247 1958 264 1976 i.
287 1952 407 1981 Asylum
424 1951 528 1975 Romuli
549 1952 651 1975 eratin
665 1951 736 1975 valle
760 1951 832 1975 inter
853 1950 907 1974 duo
925 1951 1014 1980 capita
1041 1950 1142 1974 moniis
1164 1948 1323 1978 Capitolini;
1346 1947 1422 1971 locus

103 1988 293 2019 appellabatur
308 1987 384 2011 inter
409 1987 479 2011 duos
492 1987 580 2011 lucos.
596 1988 624 2009 V.
640 1987 741 2010 Livium
755 1987 772 2012 Ι,
785 1992 807 2009 a.
818 1999 844 2002 —-
858 1991 880 2009 2.
896 1988 959 2014 Quae
970 1986 1029 2009 erat
1043 1986 1069 2008 in
1089 1986 1163 2014 parte
1177 1985 1302 2012 opposita
1318 1984 1340 2005 ei
1362 1988 1424 2011 quae

102 2029 151 2054 per
165 2023 253 2047 torum
268 2022 457 2046 adibatur.—5.
471 2021 568 2046 Tribus
581 2028 586 2044 :
599 2022 683 2048 JovisA
700 2021 821 2048 Juuonis,
831 2021 967 2048 Minervae,
980 2020 1028 2044 sub
1044 2020 1139 2043 eodem
1158 2021 1294 2042 tocie—i.
1311 2017 1424 2053 Asinaia.»

102 2059 166 2082 sunt
187 2058 293 2086 trabes,
314 2064 373 2087 quae
387 2059 412 2081 in
429 2057 543 2081 [ormam
568 2056 764 2085 triangularem
788 2056 906 2080 redactae
920 2055 1076 2079 efficiebant
1096 2054 1230 2083 fastigium
1253 2052 1346 2081 templi
1360 2047 1422 2085 (ἀε-

102 2089 203 2129 τωμα)
225 2094 252 2118 et
276 2094 389 2123 propter
418 2092 620 2116 similitudinem
643 2092 739 2121 aquilae
771 2096 874 2120 pennas
900 2090 1070 2114 extendentis
1093 2095 1107 2113 a
1129 2089 1226 2113 Graec‘is
1253 2087 1425 2112 vocabantur

105 2130 200 2161 ἆετοι.

137 2176 241 2200 Lxxn.
258 2180 277 2199 i.
288 2175 441 2199 secundum
455 2175 641 2198 narrationem
657 2174 733 2198 Plinii
746 2174 821 2198 Hist.
845 2175 907 2197 nat.
928 2174 1045 2202 XXXIV,
1065 2178 1100 2201 ¹4,
1116 2171 1180 2201 §59-
1196 2171 1264 2193 Nam
1286 2170 1364 2193 aliter
1386 2170 1425 2193 Li·

108 2210 207 2234 vius.—
217 2215 238 2233 2.
255 2210 373 2239 Sullano,
389 2217 411 2234 a.
424 2211 452 2234 U.
463 2215 514 2237 67¹,
528 2209 685 2233 auctoribus
702 2209 869 2238 ignotis—³.
883 2208 944 2232 Vid.
957 2209 1012 2232 Liv-
1027 2209 1046 2237 1,
1057 2212 1147 2232 sae—⁴.
1159 2206 1209 2230 Sed
1222 2205 1265 2228 liic
1276 2204 1424 2228 secundnm

111 2245 218 2268 ceteros
234 2244 378 2270 historicos
393 2246 482 2269 Dianae
496 2245 626 2274 templum
644 2245 672 2268 in
686 2244 820 2268 Aventino
835 2243 986 2267 exstruxit:
1000 2243 1032 2266 de
1047 2248 1131 2272 opera
1145 2240 1277 2269 Capitolio
1303 2240 1424 2268 impensa

110 2279 186 2303 nulla
198 2285 310 2309 usquam
323 2281 469 2304 nientio.—
481 2285 503 2304 a.
514 2281 571 2304 Liv.
587 2281 606 2309 l,
621 2285 714 2304 svn-6.
733 2280 801 2303 Anni
814 2279 843 2304 U.
856 2283 906 2303 24⁷.
922 2291 940 2295 -
960 2279 1049 2302 ⁷.1mo
1070 2276 1195 2303 CDXXV,
1212 2274 1359 2298 secundum
1378 2275 1426 2298 Fa-

110 2315 182 2341 stos.
200 2314 234 2338 ab
250 2321 274 2339 a.
286 2320 448 2340 2⁴7-e⁷i.—
461 2321 482 2340 s.
498 2316 557 2345 lpse
571 2315 642 2340 Sulla
659 2315 711 2339 hoc
725 2316 819 2339 tamen
831 2314 972 2343 felicitati
997 2318 1056 2338 sziae
1075 2311 1199 2341 defuisse
1221 2309 1363 2338 consessus
1375 2310 1426 2337 est,

111 2349 188 2380 quod
204 2349 379 2380 Capitolium
391 2356 446 2375 nori
460 2352 660 2380 dedicavisset,
676 2350 776 2375 Plinius
788 2349 861 2374 Hist.
880 2351 940 2374 nat.
951 2348 998 2373 vii
1010 2366 1016 2378 ‚
1028 2353 1064 2377 ⁴5,
1076 2347 1089 2377 ξ
1103 2352 1151 2371 iza.
1170 2345 1330 2369 Dedicatum
1344 2350 1358 2367 a
1379 2343 1429 2366 Ca·

111 2384 169 2410 tulo
182 2391 205 2409 a.
216 2390 267 2414 sas,
280 2387 388 2410 mortuo
401 2385 473 2411 suila
487 2390 582 2410 mem..
