1539 2668
162 108 206 138 98
453 97 457 100 ”
560 106 691 135 ΤΑοιΤι
712 106 920 136 ANNALmM
941 107 1013 137 Lm.
1038 107 1090 136 iv.

166 188 324 221 mumque
339 180 517 212 Germanici
538 180 731 212 revirescere
753 180 1101 213 occulti‘laetabantur.
1124 180 1211 221 quod
1232 180 1426 222 principium
1441 183 1487 216 sa·

168 229 256 260 voris
272 229 305 260 et
320 228 423 259 mater
437 227 609 267 Agrippina
624 235 714 267 spem
731 227 813 259 male
829 230 937 268 tegens
963 228 1135 268 perniciem
1160 227 1388 260 acceleravere.
1409 238 1484 261 uam

167 276 300 315 Sejanus
312 298 321 313 ,
340 274 393 305 ubi
412 273 500 305 videt
517 276 654 304 mortem
681 275 777 306 Drusi
793 275 930 307 inultam
953 274 1212 307 interfectoribus
1225 298 1236 315 ‚
1257 274 1328 306 sine
1348 284 1488 309 moerore

167 323 296 364 publico
309 330 391 360 esse,
407 321 497 352 ferox
507 320 680 360 scelerum,
696 322 730 353 et
739 322 814 362 quia
830 322 932 363 prima
945 323 1160 363 provenerant
1176 322 1201 360 ¹,
1216 322 1363 354 volutare
1374 331 1484 354 secum

166 378 308 411 quonam
321 368 417 400 modo
430 367 609 400 Germanici
625 367 741 400 liberos
751 370 959 409 perverteret,
972 378 1109 410 quorum
1121 378 1187 400 non
1199 368 1298 400 dubia
1310 370 1484 401 successio.

164 426 271 458 neque
284 416 391 456 spargi
405 423 568 446 venenum
586 414 619 446 in
635 415 700 446 tres
713 417 848 455 poterat,
866 417 988 456 egregia
1011 416 1182 448 custodum
1202 415 1264 448 fide
1279 417 1313 448 et
1327 415 1487 456 pudicitia

164 464 348 505 Agrippinae
371 461 617 502 impenetrabili.
635 462 733 501 igitur
756 464 996 494 contumaciam
1022 463 1091 502 eJus
1109 463 1283 503 insectari,
1306 464 1400 494 vetus
1420 465 1484 493 Au-

164 513 267 552 gustae
282 510 389 542 odium
402 532 411 549 ,
428 512 587 540 recentem
604 509 705 540 Liviae
720 510 948 542 conscientiam
969 512 1128 550 exagitare
1140 533 1150 550 ‚
1169 511 1206 541 ut
1226 509 1413 550 superbam
1426 509 1485 549 se-

163 558 342 591 cunditate
355 582 363 596 ‚
384 556 571 588 subnixam
585 556 819 596 popularibus
839 557 964 589 studiis
986 558 1125 590 inhiare
1146 556 1373 589 dominationi
1398 554 1485 596 apud

164 610 322 637 cri-sarem
337 604 517 642 arguerent.
535 604 632 643 atque
646 603 715 635 haec
728 602 741 621 ²
758 603 881 636 callidis
902 604 1180 644 criminatoribus,
1197 604 1280 635 inter
1301 611 1383 644 quos
1401 602 1484 634 dele-

163 654 252 693 gerat
277 650 396 682 Iulium
416 652 606 681 Postumum
620 674 629 690 ‚
653 658 708 690 per
730 650 924 683 adulterium
950 651 1083 682 Mutiliae
1108 651 1226 682 Priscae
1244 650 1330 681 inter
1351 650 1485 681 intimos

163 700 259 737 avim,
278 699 310 729 et
326 696 468 728 consiliis
485 696 551 727 suis
566 697 775 737 peridoneum
788 722 797 738 ‚
811 698 886 738 quia
903 698 1010 730 Prisca
1026 698 1058 728 in
1077 699 1185 728 animo
1203 698 1355 736 Augustae
1379 695 1485 726 valida

165 756 263 778 anum
279 769 287 784 ‚
311 746 425 784 suapte
453 746 569 774 natura
596 744 748 784 potentiae
773 745 902 776 anxiam
918 770 928 785 ,
954 744 1173 776 insociabilem
1194 742 1482 775 nurui-efficiebat.

162 796 347 836 Agrippinae
361 801 490 833 quoque
506 792 647 833 proximi
668 793 883 825 illiciebantur
898 795 1007 836 pravis
1031 792 1236 826 sermonibus
1259 791 1405 825 tumidos
1421 791 1485 832 spi-

165 845 245 875 ritus
259 840 490 882 perstimulare.

206 892 289 921 XIII.
313 890 354 920 At
367 887 525 927 Tiberius,
539 887 622 918 nibil
638 887 821 919 intermissa
841 897 950 920 rerum
966 897 1055 929 cura,
1072 887 1200 928 negotia
1213 895 1272 928 pro
1293 885 1415 918 solatiis
1429 894 1482 917 ac-

164 937 297 978 cipiens,
311 936 363 975 jus
379 933 500 966 civium
513 958 522 974 ,
539 942 650 975 preces
666 934 828 966 sociorum
848 935 1028 974 tractabat3
1051 936 1199 975 factaque
1220 934 1354 965 auctore
1372 941 1411 964 eo
1436 941 1483 965 se-

164 982 409 1016 mtuseonsulta
420 1005 431 1021 ‚
458 983 499 1013 ut
525 982 662 1013 civitati
691 982 900 1022 Cibyraticae
925 982 1021 1024 apud
1046 985 1160 1015 Asz'am
1175 1006 1186 1020 ,
1211 981 1365 1020 AEqiensz'
1385 979 1486 1019 apud

163 1032 340 1070 Achaiam,
357 1030 453 1060 motu
471 1030 576 1060 terrae
592 1027 795 1068 labefactis,
815 1029 1062 1062 subveniretur
1083 1030 1279 1060 remissione
1299 1027 1421 1058 tribuli
1447 1029 1482 1058 tn

164 1079 362 1110 triennium.
378 1078 416 1107 Et
441 1075 557 1106 Vibius
571 1077 728 1114 SerenuS,
753 1084 812 1116 pro
828 1077 959 1107 consule
975 1076 1139 1107 ulterioris
1165 1074 1332 1113 Hispanias
1345 1097 1355 1113 ‚
1383 1074 1423 1104 de
1449 1073 1482 1103 vi

161 1125 292 1166 publica
308 1123 317 1141 ¹
336 1123 520 1161 damnatus,
534 1121 576 1152 ob
591 1122 791 1153 atrocitatem
805 1122 989 1162 temporum
1003 1122 1015 1140 ²
1034 1123 1067 1153 in
1084 1122 1222 1153 insulam
1238 1122 1418 1160 Amorgum
1430 1120 1483 1151 de-

159 1172 319 1213 portatur.
334 1169 498 1201 Carsidius
511 1168 664 1200 Sacerdos
679 1177 752 1200 reus
765 1191 774 1207 ,
787 1169 955 1208 tamquam
978 1169 1139 1200 frumento
1157 1170 1284 1201 hostem
1300 1167 1482 1200 Tacfarina-

160 1222 228 1250 tem
241 1218 386 1256 juvisset,
401 1215 591 1253 absolvitur,
607 1215 816 1256 ejusdemque
831 1216 977 1247 criminis
992 1219 1026 1248 C.
1042 1216 1213 1248 Gracchus.
1232 1217 1320 1248 hunc
1331 1214 1483 1246 comitem

161 1265 280 1303 exsilii,
297 1261 472 1294 admodum
488 1261 655 1300 infantem,
674 1263 765 1302 pater
780 1263 989 1302 Sempronius
1005 1264 1037 1294 in
1059 1263 1198 1294 insulam
1218 1262 1384 1296 Cercinam
1403 1261 1484 1294 tule-

161 1315 222 1344 rat.
238 1311 249 1329 ³
274 1310 340 1341 illic
355 1308 488 1340 adultus
504 1308 590 1340 inter
604 1309 748 1340 extorres
772 1310 804 1340 et
823 1308 1003 1340 liberalium
1022 1310 1138 1340 artium
1165 1310 1288 1341 nescios
1301 1331 1311 1349 ,
1326 1317 1405 1340 mox
1425 1316 1483 1349 per

162 1359 299 1392 Africam
320 1364 357 1386 ac
381 1354 521 1386 Siciliam
544 1354 702 1385 mutando
727 1355 875 1386 sordidas
890 1355 900 1373 ⁴
932 1364 1056 1386 merces
1078 1356 1322 1387 sustentabatur
1344 1365 1353 1386 ι
1376 1364 1483 1395 neque

161 1413 269 1437 tamen
283 1402 395 1441 effugit
408 1409 531 1440 magnae
545 1401 683 1432 fortunae
698 1401 851 1441 pericula.
871 1409 908 1432 ac
925 1402 956 1433 ni
972 1402 1066 1433 AElius
1083 1403 1192 1434 Lamia
1205 1405 1237 1434 et
1254 1404 1291 1434 L.
1306 1402 1482 1442 Apronius,

162 1452 220 1492 qui
236 1449 375 1482 Africam
393 1448 612 1486 obtinuerant,
633 1448 796 1479 insontem
815 1449 1052 1488 protexissent,
1067 1449 1257 1481 claritudine
1281 1448 1415 1481 infausti
1431 1457 1482 1489 ge-

161 1498 248 1530 neris
262 1497 293 1528 et
309 1494 452 1536 paternis
469 1494 615 1525 adversis
631 1494 713 1526 foret
727 1494 910 1526 abstractus
926 1495 949 1528 ⁵.

203 1547 284 1577 XIV.
309 1546 340 1574 Is
353 1550 483 1582 quoque
495 1550 599 1572 annus
615 1541 788 1581 legationes
804 1543 993 1573 Graecarum
1009 1543 1192 1574 civitatium
1207 1542 1322 1574 habuit
1332 1564 1344 1582 ‚
1365 1541 1483 1574 Samiis

162 1592 326 1630 Junonz's,
340 1588 412 1620 Cois
425 1588 618 1627 AEsculapit
633 1588 778 1620 delubro
791 1590 965 1620 vetustum
978 1590 1067 1629 asyli
1079 1590 1138 1629 jus
1154 1592 1196 1622 ut
1199 1589 1415 1628 firmaretur
1431 1597 1483 1629 pe-

162 1638 318 1671 tentibus.
340 1635 438 1667 Samii
453 1634 582 1666 decreto
608 1635 878 1675 Amphictyonum
896 1636 904 1654 ¹
932 1636 1119 1668 nitebantur
1133 1659 1143 1675 ‚
1173 1639 1248 1676 quis
1280 1636 1481 1677 praecipuum

162 1686 225 1719 suit
244 1691 351 1715 rerum
381 1681 527 1712 omnium
549 1681 727 1720 Judicium,
743 1691 808 1722 qua
822 1684 1011 1722 tempestate
1027 1683 1127 1715 Graeci
1142 1683 1281 1714 conditis
1303 1690 1359 1722 per
1374 1683 1482 1714 Asiam

162 1731 299 1765 urbibus
317 1737 373 1760 ora
394 1728 494 1759 maris
516 1728 734 1769 potiebantur.
755 1738 858 1769 neque
885 1729 994 1770 dispar
1017 1730 1103 1770 apud
1127 1731 1211 1761 Coos
1234 1729 1411 1770 antiquitas
1425 1754 1435 1770 ,
1451 1733 1483 1761 et

163 1777 336 1811 accedebat
354 1777 508 1806 meritum
533 1784 573 1806 ex
597 1775 670 1807 loco
685 1786 692 1806 :
709 1785 784 1807 nam
810 1785 896 1807 cives
920 1781 1084 1808 Romanos
1103 1777 1226 1817 templo
1246 1776 1414 1816 AEsculapii
1436 1777 1482 1807 in-

163 1825 332 1862 duxerant,
347 1830 448 1862 quum
459 1822 549 1861 jussu
564 1823 758 1854 Mithridatis
772 1822 857 1863 apud
873 1826 1006 1855 cunctas
1020 1825 1102 1854 Asiae
1118 1823 1239 1855 insulas
1254 1825 1287 1855 et
1305 1823 1400 1855 urbes
1413 1826 1481 1855 tru-

120 1869 123 1872 ⁴
163 1873 347 1903 ‹sidarentur
361 1869 387 1900 ².
401 1869 506 1900 Variis
519 1869 633 1901 dehinc
647 1873 679 1901 et
693 1870 811 1910 saepius
826 1870 922 1901 irritis
932 1872 1107 1910 praetorum
1124 1871 1304 1910 questibus,
1319 1872 1482 1910 postremo

163 1925 269 1951 caesar
286 1917 326 1949 de
341 1916 556 1948 immodestia
572 1916 779 1949 histrionum
800 1917 909 1948 retulit
924 1926 932 1948 :
949 1918 1063 1949 multa
1077 1918 1121 1949 ab
1136 1920 1176 1949 z‘is
1192 1920 1228 1950 in
1240 1918 1422 1958 publicum
1434 1927 1483 1950 se-

163 1966 298 2005 «otiose,
307 1963 410 2005 faeda
421 1972 488 2004 per
502 1963 619 1996 domos
633 1965 764 1996 tentari
772 1975 785 2003 ;
801 1966 924 1997 Oscum
940 1964 1116 2006 quondam
1139 1965 1312 1998 ludicrum
1325 1965 1338 1983 ⁸
1351 1989 1362 2006 ,
1387 1966 1482 1997 levis-

192 2028 252 2052 XII.
269 2033 292 2051 ι.
308 2028 509 2052 successerant.
519 2032 580 2051 -2,
592 2028 636 2052 Sc.
650 2027 776 2058 perfecit.

192 2063 265 2087 xlll.
282 2068 304 2086 ι.
319 2062 424 2086 Paullus
438 2063 514 2086 ICtus
523 2064 646 2087 sentent.
660 2064 769 2094 conc-v⁷
784 2068 830 2087 ie:
844 2064 911 2093 Leqe
922 2063 1006 2087 Julia
1018 2063 1054 2088 de
1065 2064 1093 2089 υἱ
1104 2063 1220 2093 publica
1232 2063 1277 2093 (ab
1291 2064 1411 2094 Augusto
1424 2065 1482 2090 rere

164 2106 188 2123 a.
201 2098 232 2121 U.
244 2103 288 2121 7⁴6
301 2097 366 2125 lata)
381 2098 541 2121 damnatur
555 2099 613 2128 qui.
628 2099 730 2128 aliqua
749 2100 889 2129 potestate
902 2099 1054 2127 praeditus,
1067 2100 1154 2123 civem
1169 2099 1330 2123 Romanum
1344 2100 1382 2123 αα
1394 2101 1482 2131 Impe-

164 2135 294 2157 ratorem
310 2132 501 2161 appellantem
514 2134 628 2157 necarit
638 2135 770 2159 necarive
781 2134 906 2162 iusserit,
922 2135 1048 2163 torserit,
1063 2134 1265 2162 verberaverit,
1277 2135 1481 2160 condemnave-

163 2169 216 2195 rit.
232 2168 294 2191 inve
306 2167 423 2196 publica
434 2169 552 2192 vincula
565 2169 633 2193 duci
644 2170 777 2199 jusserit.
792 2182 822 2187 —
833 2175 856 2195 2.
872 2168 1031 2193 Violenliam
1048 2170 1076 2193 in
1093 2169 1194 2193 alienos
1210 2170 1381 2194 commissam
1395 2172 1482 2195 minus

165 2209 245 2233 quam
260 2202 375 2226 decebat
389 2203 585 2232 castigantium.
608 2205 660 2229 Alii
681 2206 830 2236 corrigunt,
851 2205 884 2229 ob
906 2205 1087 2229 atrocitatem
1109 2210 1233 2228 morum.
1243 2217 1273 2223 -
1283 2210 1303 2229 5.
1317 2206 1346 2230 V.
1366 2207 1389 2235 l.
1402 2212 1438 2230 55.
1453 2220 1482 2224 —

167 2246 190 2264 4,
203 2238 284 2261 viles.
299 2238 393 2262 Cicero
407 2243 413 2260 :
428 2238 608 2268 Mercatura,
627 2240 653 2264 si
675 2241 769 2265 tenuis
789 2242 840 2271 est,
863 2240 984 2265 sordida
997 2240 1130 2269 putanda
1143 2241 1193 2264 est.
1206 2247 1264 2264 —-⁵.
1278 2240 1308 2265 ln
1333 2242 1480 2271 perniciem

164 2276 276 2301 tractus.

196 2310 268 2333 xlv.
285 2313 305 2332 ι.
321 2308 385 2332 Erat
408 2309 621 2338 antiquissImum
646 2312 790 2336 concilium
807 2311 950 2336 duodecim
974 2310 1125 2334 civitatium
1147 2311 1263 2339 Graeciae,
1277 2310 1319 2335 bis
1327 2314 1480 2344 quotannis,

167 2350 231 2369 wore
250 2342 365 2371 Delphis,
377 2345 508 2367 autumno
520 2345 709 2375 Thermopylis
723 2347 854 2371 habitum.
868 2360 895 2363 —
906 2351 930 2369 2·
949 2347 1025 2370 Anno
1037 2346 1066 2370 U.
1081 2351 1132 2370 ese.
1146 2358 1173 2363 -—
1184 2351 1206 2370 3.
1222 2347 1364 2371 Atellana-
1379 2348 1480 2372 dictum

166 2381 202 2404 ob
217 2382 284 2403 osca
296 2378 363 2402 urbe
380 2379 475 2409 Atella,
489 2380 578 2404 Romae
595 2381 674 2405 etiam
686 2382 783 2411 partim
796 2382 864 2406 osca
878 2381 968 2411 lingua
984 2382 1080 2405 actum.
1095 2381 1159 2405 Vide
1173 2382 1275 2406 Livium
1289 2382 1342 2412 Vll,
1356 2387 1377 2406 2-
