1539 2668
127 151 187 180 382
493 147 624 175 TACITI
649 146 923 174 HISTORIARUM
947 145 1020 174 ΠΒ.
1044 145 1097 175 IV.

126 224 161 256 in
176 222 334 256 coloniam
348 221 608 262 Agrippinensem
617 245 627 260 ,
647 218 854 251 affluentibus
866 219 993 251 auxiliis
1008 219 1184 259 Gallorum,
1199 220 1255 260 qui
1268 221 1376 261 primo·
1386 232 1460 256 rem

126 276 303 304 Romanam
320 269 413 301 enixe
425 268 584 308 juvabant
600 277 693 298 :mox
710 267 946 299 valescentibus
956 267 1121 299 Germanis
1137 267 1298 308 pleraeque
1308 268 1458 304 civitates

126 319 298 351 adversum
321 325 379 348 nos
398 316 517 347 armari
542 324 597 356 spe
621 314 779 346 libert-atis
803 316 854 354 et,
876 315 903 346 si
921 314 1082 345 exuissent
1102 315 1283 355 servitium,
1305 316 1459 356 cupidine

127 364 342 406 imperitandi.
360 363 513 403 gliscebat
524 362 691 394 iracundia
708 361 869 402 legionum
879 387 890 401 ‚
906 370 966 393 nec
979 364 1134 393 terrorem
1153 362 1246 393 unius
1262 362 1375 395 militis
1391 363 1459 396 vin,

127 412 198 444 cula
215 411 411 443 indiderant.
430 411 509 450 quin
524 409 609 441 idem
623 409 677 441 ille
693 409 847 449 arguebat
869 409 953 440 ultro
969 410 1213 441 conscientiam
1233 408 1346 451 ducis,
1367 412 1457 444 tam-

127 467 233 500 quam
248 460 392 490 nuntius
410 459 503 489 inter
517 457 660 489 Civilem
677 457 914 498 Flaccumque
922 456 1021 496 salso
1037 458 1179 488 crimine
1195 458 1287 488 testis
1311 459 1383 489 verz·
1397 466 1459 498 op—

121 508 348 546 primeretur.
374 503 564 536 conscendit
581 503 721 535 tribunal
735 503 854 535 Vocula
877 503 960 534 mira
982 503 1173 543 constantia,
1197 504 1458 545 prehensumque

126 556 262 588 militem
276 564 314 586 ac
326 553 649 585 vociferantedeucz'
672 553 946 594 adsupplicz'um
957 552 1062 593 jussit.
1086 555 1117 584 et
1137 553 1214 584 dum
1237 554 1311 585 mali
1326 554 1461 594 pavent,

127 603 268 644 optimus
283 602 420 641 quisque
433 601 530 642 jussis
550 609 698 641 paruere.
718 600 794 632 exin
816 608 974 631 consensu
993 599 1113 632 ducem
1136 601 1299 632 Voculam
1323 610 1459 641 poscen-

127 650 212 682 tibus
225 674 233 689 ‚
249 650 383 680 Flaccus
395 656 555 679 summam
576 656 682 678 rerum
696 647 724 678 ei
741 647 897 687 permisit.

168 699 277 728 XXVI.
303 695 367 727 Sed
378 694 544 726 discordes
558 695 681 725 animos
699 693 802 724 multa
816 692 996 724 el'ferabant
1010 717 1019 733 ,
1033 692 1141 733 inopia
1155 693 1305 733 stipendii
1319 694 1460 726 frumen-

127 742 234 784 tique,
249 744 280 775 et
296 743 392 774 simul
410 742 569 774 delectum
586 741 772 781 tributaque
787 740 896 772 Galliae
909 742 1117 780 aspernantes
1127 763 1135 779 ‚
1148 740 1281 771 Rhenus
1295 742 1462 781 incognita

127 788 174 821 illi
201 790 281 822 coelo
300 789 444 821 siccitate
465 789 523 820 vix
544 788 676 820 nav-ium
699 788 841 828 patiens,
866 787 945 819 arcti
969 790 1188 827 commeatus,
1212 787 1376 828 dispositae
1402 798 1464 830 pen

128 843 256 868 omnem
271 836 373 877 ripam
385 836 551 875 stationes,
567 844 640 875 quae
649 839 825 867 Germanos
841 834 922 865 vado
931 836 1098 873 arcerent,
1112 833 1292 873 eademque
1308 833 1348 865 de
1360 843 1465 870 causat

128 883 234 914 minus
247 884 375 923 frugum
389 885 422 915 et
436 883 543 923 plures
558 882 614 923 qui
627 883 864 913 consumerent.
885 881 969 921 apud
988 881 1154 921 imperitos
1169 881 1306 921 prodigii
1319 882 1389 914 loco
1405 892 1465 916 ac·-

129 930 308 970 cipiebatur
331 930 402 970 ipsa
423 938 581 969 aquarum
596 929 750 969 penuria,
768 930 935 980 tamquam
960 937 1019 958 nos
1035 937 1146 959 amnes
1162 937 1290 968 quoque
1301 930 1334 960 et
1351 930 1465 962 vetera

129 976 253 1016 imperii
264 977 468 1008 munimenta
481 977 674 1007 desei-‚erent
689 974 800 1015 quod'
794 984 826 1005 in
843 983 920 1014 pace
924 974 1006 1014 sors
1019 984 1076 1006 seu
1093 977 1325 1013 mammiano
1333 975 1466 1015 satum

129 1024 160 1054 et
174 1025 230 1055 ira
248 1024 302 1056 dei
316 1024 505 1055 vocabatur.
524 1023 676 1062 Ingressis
692 1021 866 1053 Novesium
880 1021 976 1053 tertia
991 1022 997 1039 ¹
1012 1022 1135 1053 decima
1148 1023 1227 1062 legio
1242 1022 1458 1063 ‹oujungitun

129 1070 257 1103 additus
274 1071 405 1102 Voculae
428 1070 461 1101 in
478 1073 602 1110 partem
619 1078 768 1100 curarum
786 1069 963 1100 Herennius
987 1070 1095 1100 Gallus
1115 1069 1280 1108 legatus23
1306 1079 1367 1102 nec
1391 1070 1464 1103 ausi

129 1117 169 1149 ad
190 1118 314 1149 hostem
332 1126 482 1158 pergere,
496 1117 567 1147 loco
580 1117 630 1147 cui
645 1116 790 1147 Gelduba
807 1124 924 1146 nomen
939 1117 988 1147 est
1002 1118 1105 1147 castra
1119 1116 1232 1147 fecere.
1250 1116 1294 1148 ibi
1308 1118 1461 1150 struenda

129 1165 214 1203 acic,
239 1164 416 1196 muniendo
443 1163 655 1203 vallandoque
676 1165 708 1194 et
732 1163 849 1194 ceteris
871 1162 944 1193 belli
975 1162 1234 1195 meditamentis³
1257 1164 1394 1196 militem
1411 1164 1461 1197 fir-

130 1212 271 1243 mabant.
289 1213 392 1251 utque
405 1210 516 1251 praeda
528 1210 568 1241 ad
583 1210 735 1242 virtutem
753 1209 993 1249 accenderetur,
1012 1210 1045 1241 in
1065 1210 1230 1250 proximos
1239 1215 1467 1252 Gugernorum·

130 1267 225 1299 pagos
239 1283 248 1298 ,
266 1259 320 1299 qui
345 1258 531 1290 societatem
545 1257 655 1289 Civilis
676 1258 879 1297 acceperant,
896 1257 1014 1288 ductus
1029 1257 1180 1288 Voculae⁴
1199 1259 1370 1290 exercitus.
1386 1267 1460 1299 pars

131 1314 204 1336 cum
223 1306 383 1337 Herennio
400 1306 489 1337 Gallo
506 1305 691 1345 permansit.

171 1356 293 1385 XXVII.
311 1354 404 1384 Forte
427 1361 542 1384 navem
561 1352 647 1383 haud
670 1351 779 1392 procul
799 1351 912 1382 castris
935 1351 1095 1382 frumento
1113 1360 1261 1391 gravem,
1286 1361 1388 1393 quum
1403 1361 1463 1394 per

129 1400 212 1433 vada
226 1400 383 1440 haesisset,
398 1400 547 1432 Germani
562 1400 595 1430 in
617 1408 708 1430 suam
726 1398 829 1439 ripam
847 1398 1030 1430 trahebant.
1056 1407 1121 1429 non
1138 1399 1214 1431 tulit
1228 1399 1348 1439 Gallus,
1363 1399 1463 1432 misit-

129 1456 191 1488 que
204 1447 349 1479 subsidio
360 1447 537 1478 cohortem.
556 1450 672 1478 auctus
689 1447 721 1477 et
735 1447 1153 1485 Germanorum'numerus‚
1177 1446 1397 1487 paulatimque
1410 1456 1462 1488 ag-

129 1494 337 1535 gregautibus
350 1503 383 1526 se
398 1495 527 1526 auxiliis
545 1495 613 1526 acie
633 1495 802 1525 certatum.
829 1493 977 1525 Germani
1002 1493 1103 1524 multa
1120 1502 1194 1524 cum
1214 1495 1318 1533 strage
1340 1496 1461 1526 nostro·

130 1550 202 1573 rum
227 1551 343 1574 navem
371 1542 546 1582 abripiunt.
570 1541 669 1580 victi,
688 1540 774 1581 quod
801 1542 871 1572 tum
896 1541 927 1572 in
956 1549 1079 1572 morem
1103 1542 1256 1579 verterat,
1276 1549 1342 1571 non
1370 1550 1460 1573 suam

133 1589 308 1629 ignaviam,
324 1589 379 1621 sed
394 1589 560 1629 perfidiam
580 1589 675 1627 legati
693 1588 879 1628 culpabant.
909 1591 1110 1628 protractum
1137 1596 1154 1618 e
1178 1586 1320 1618 tentorio
1332 1611 1341 1627 ,
1363 1588 1461 1620 scissa

130 1637 231 1675 veste,
249 1636 419 1668 verberato
439 1645 584 1676 corpore,
602 1644 668 1676 quo
690 1637 805 1675 pretio
818 1659 826 1674 ,
851 1634 974 1675 quibus
988 1636 1127 1665 consciis
1142 1634 1350 1673 prodidisset
1365 1643 1460 1668 exer-

130 1683 357 1714 cttumwticere
369 1682 497 1721 jubent.
515 1682 597 1712 redit
614 1682 646 1712 in
670 1681 890 1713 Hordeonium
904 1681 1040 1712 invidia.
1058 1681 1147 1711 illum
1166 1683 1344 1712 auctorem
1356 1683 1461 1715 seele-

130 1731 197 1770 ris,
215 1730 302 1761 hunc
323 1730 330 1747 '
358 1731 559 1760 ministrum
586 1731 720 1767 vocant,
738 1729 841 1760 donec
870 1729 1007 1759 exitium
1033 1727 1260 1759 minitantibus
1289 1729 1462 1762 exterritus

130 1776 347 1817 proditionem
363 1779 394 1808 et
412 1776 481 1816 ipse
500 1776 681 1807 Hordeonio
699 1776 835 1815 obj-ecit3
857 1776 1053 1815 vinctusque
1082 1774 1222 1805 adventu
1245 1774 1377 1807 demum
1399 1780 1466 1809 vo·-

130 1824 211 1855 culae
230 1823 421 1854 exsolvitur.
444 1823 470 1854 is
486 1826 614 1863 postera
629 1823 681 1854 die
697 1826 845 1854 auctores
858 1822 1024 1854 seditionis
1044 1825 1148 1853 morte
1162 1822 1279 1853 affecit.
1302 1824 1393 1854 tanta
1417 1823 1461 1855 illi

129 1871 284 1901 exercitui
313 1870 485 1901 diversitas
511 1870 613 1901 inerat
640 1870 779 1901 licentiae
801 1869 1040 1911 patientiaeque.
1073 1869 1157 1899 haud
1176 1868 1274 1900 dubie
1298 1870 1460 1910 gregarius

130 1917 222 1948 miles
238 1917 366 1949 Vitellio
383 1916 464 1948 fidus
477 1943 485 1956 ‚
503 1917 784 1957 splendidissimus
798 1918 937 1958 quisque
953 1916 985 1948 in
1000 1917 1235 1957 Vespasianum
1253 1917 1356 1956 proni.
1385 1917 1462 1950 inde

129 1965 284 1996 scelerum
302 1973 340 1996 ac
351 1964 585 2005 suppliciorum
600 1965 687 1997 vices
699 1967 732 1998 et
747 1965 869 1996 mixtus
880 1963 1036 2005 obsequio
1052 1964 1152 2004 furor,
1167 1966 1203 1995 ut
1225 1963 1384 1996 contineri
1395 1973 1459 1996 non

129 2014 261 2051 possent
272 2012 329 2052 qui
345 2012 452 2053 puniri
467 2015 627 2053 poterant.

171 2063 309 2091 XXVIII.
329 2063 369 2091 At
387 2060 522 2092 Civilem
544 2059 710 2092 immensis
727 2059 879 2091 auctibus
895 2059 1046 2090 universa
1070 2058 1240 2091 Germania
1261 2058 1456 2098 extollebat,

129 2108 279 2139 societate
292 2106 505 2139 nobilissimis
516 2108 664 2139 obsidum
679 2107 820 2139 firmatas
847 2106 912 2147 ille,
923 2108 961 2138 ut
976 2106 1094 2146 cuique
1111 2106 1309 2147 proximu-m,
1320 2107 1456 2137 vastari

134 2154 162 2186 U
164 2154 231 2186 bios
250 2156 486 2196 Treverosque,
501 2157 535 2187 et
546 2156 659 2187 aliam
675 2163 818 2187 manum
831 2155 967 2186 Mosam
976 2161 1114 2185 manem
1127 2154 1280 2185 transire
1290 2151 1385 2193 jubet
1395 2176 1405 2192 ‚
1417 2155 1458 2185 ut

130 2201 308 2242 Menapios
321 2204 355 2234 et
371 2205 523 2235 Morinos
539 2206 573 2235 et
589 2206 745 2235 extrema
773 2203 974 2234 camai-um
989 2203 1158 2243 quateret.
1189 2203 1269 2231 actae
1285 2200 1463 2241 utrobique

130 2248 263 2289 praedae,
278 2249 424 2282 infestius
440 2250 477 2282 inv
489 2250 589 2291 Ubiis,
608 2250 694 2292 quod
719 2259 796 2291 gens
818 2249 1014 2282 Germanicae
1038 2248 1172 2288 originis
1189 2248 1313 2288 ejurata
1330 2247 1435 2288 patria
1447 2270 1462 2287 ,f

161 2369 253 2392 XXVI.
271 2375 292 2392 ι.
309 2369 358 2394 Alii
371 2372 516 2395 πιθα-«ι.
530 2373 571 2395 De
581 2377 633 2400 quo
648 2377 671 2395 c.
687 2375 779 2395 itm—u.
792 2369 944 2398 ExercitilS,
956 2369 987 2392 ut
1000 2368 1045 2396 III,
1059 2372 1082 2392 2.
1101 2379 1130 2386 -
1140 2366 1315 2392 ⁴..Avocala.

158 2403 265 2427 xxvii.
283 2411 303 2428 ι.
319 2405 430 2429 Gallum.
446 2407 543 2434 Illum,
559 2406 755 2431 Hordeonium.
