1539 2668
498 166 534 194 A.
557 166 596 193 U.
621 166 654 193 C.
679 165 752 195 823.
779 167 810 194 Α.
834 167 869 195 C.
890 168 941 196 70.
1314 167 1377 198 415

68 244 174 275 metus
187 250 283 282 quam
296 240 419 272 mortis.
433 240 514 270 hauc
527 239 680 270 adversus
692 239 805 271 urbem
818 242 1010 280 gentemque
1019 245 1124 272 Caesar
1134 242 1234 279 Titus,
1248 241 1378 281 quando

67 291 208 330 impetus
224 290 256 320 et
273 288 379 319 subita
396 286 471 318 belli
493 286 583 317 locus
601 287 778 326 abnueret,
798 287 968 327 aggeribus
988 287 1157 327 vineisque
1173 291 1295 319 certare
1311 291 1379 319 sta-a

68 337 143 368 tuit.
160 335 348 366 dividuntur
364 333 545 374 legionibus
558 333 680 373 munia,
698 337 729 365 et
745 334 835 374 quies
850 335 1036 373 praeliorum
1054 334 1128 371 suit,
1147 335 1248 365 donec
1262 336 1378 365 cuncta

68 382 289 422 expugnandis
304 381 439 413 urbibus
456 383 582 421 reperta
595 381 679 421 apud
696 384 816 412 veteres
833 385 888 412 aut
905 382 996 413 novis
1011 382 1147 421 ingeniis
1161 383 1380 413 struerentur.

109 433 190 460 XIV.
210 431 249 460 At
267 429 376 461 Civilis
394 430 467 467 post
488 428 603 459 malam
622 429 654 458 in
668 429 814 459 Treveris
830 429 988 468 pugnam¹
1015 432 1160 468 reparato
1178 436 1233 468 per
1249 432 1380 459 Germa-

69 475 154 507 niam
169 476 311 507 exercitu
325 474 411 514 apud
428 477 542 505 Vetera
565 475 693 506 castra²
713 476 881 514 consedit,
896 477 989 507 tutus
1008 475 1078 506 loco
1091 499 1100 515 ,
1121 477 1152 506 et
1169 477 1206 506 ut
1223 475 1380 506 memoria

68 528 292 562 prosperarum
307 522 371 553 illic
384 529 490 552 rerum
503 524 707 561 augescerent
720 521 931 553 harbarorum
943 522 1052 553 animi.
1065 524 1194 553 secutus
1206 522 1253 552 est
1266 521 1379 553 eodem

68 568 217 608 Cerialis,
235 568 406 608 duplicatis
428 569 528 608 copiis
549 568 689 599 adventu
711 569 864 600 secundae
887 572 919 599 et
941 570 1042 599 sextae
1060 570 1092 599 et
1118 568 1380 608 quartaedecimae

68 614 239 653 legionum.
256 616 467 655 cohortesque
480 618 512 647 et
529 616 586 646 alae
598 616 663 654 Jam
680 615 802 655 pridem
820 616 933 646 accitae
949 618 1023 656 post
1041 615 1211 646 victoriam
1228 623 1381 654 propera-

34 676 49 700 χ
68 663 192 692 verant.
214 664 326 693 neuter
338 661 460 693 ducum
478 664 659 701 cunctator,
674 661 731 694 sed
748 663 878 693 arcebat
899 661 1037 693 latitudo
1060 670 1247 702 camporum
1266 662 1382 701 suopte

32 708 37 715 ²
68 707 194 747 ingenio
209 709 420 740 humentium.
436 709 602 741 addiderat
618 710 726 742 Civilis
741 710 904 749 obliquam
921 709 954 740 in
970 709 1118 740 Rhenum
1136 709 1252 739 molem
1264 733 1273 747 ‚
1288 708 1382 748 cujus

68 754 196 794 objectu
215 756 379 788 revolutus
394 758 497 788 amnis
512 757 733 796 adjacentibus
746 756 1048 796 superfunderetur.
1065 764 1102 787 ea
1118 755 1180 786 loci
1195 756 1296 786 forma
1306 779 1315 795 ,
1333 755 1383 786 in·

69 802 164 832 certis
179 802 267 833 vadis
280 803 415 834 subdola
428 806 460 835 et
475 804 567 835 nobis
582 804 715 835 adversa
731 814 738 834 ι
755 805 873 844 quippe
886 803 976 834 miles
987 807 1154 834 Romanus
1167 803 1264 833 arinis
1277 804 1383 841 gravis

70 850 104 879 et
118 848 215 879 nandi
233 850 388 889 pavidus3
405 854 578 882 Germanos
594 850 782 881 fluminibus
799 851 910 881 suetos
924 849 1039 881 levitas
1058 858 1222 880 armorum
1236 849 1247 867 ³
1264 851 1296 881 et
1309 857 1384 889 pro-

70 894 186 926 ceritas
199 904 370 935 corporum
389 897 516 927 attollit.

111 943 178 973 XV.
202 943 301 982 Igitur
316 943 545 975 lacessentibus
557 943 684 974 Batavis
701 942 898 974 ferocissimo
912 943 1029 982 cuique
1043 945 1225 974 nostrorum
1241 946 1382 984 coeptum

69 991 252 1028 certamem
275 989 391 1021 deinde
407 993 477 1022 orta
497 991 686 1030 trepidatio,
704 999 805 1030 quum
827 991 968 1030 praealtis
985 990 1156 1029 paludibus
1178 1000 1288 1029 arma,
1308 991 1383 1031 equi

71 1036 284 1068 haurirentur.
301 1038 453 1068 Germani
470 1038 557 1068 notis
575 1037 668 1068 vadis
684 1037 925 1077 persultabant,
944 1037 1062 1068 omissa
1076 1037 1265 1077 plerumque
1279 1038 1384 1068 fronte

70 1083 172 1114 latera
196 1092 232 1114 ac
247 1086 335 1123 terga
359 1085 660 1115 circumvenientes.
689 1093 815 1123 neque,
842 1086 877 1115 ut
902 1084 932 1114 in
960 1084 1098 1123 pedestri
1123 1084 1211 1123 acie,
1235 1085 1385 1116 cominus

71 1130 218 1161 eminus¹
240 1131 440 1170 certabatur3
456 1131 512 1162 sed
528 1133 695 1171 tamquam
713 1131 817 1161 navali
841 1140 967 1170 pugna,
983 1131 1053 1169 vagi
1074 1130 1157 1162 inter
1177 1132 1279 1162 undas
1304 1134 1383 1170 aut,

73 1179 101 1209 si
118 1176 194 1216 quid
211 1176 325 1208 stabile
342 1178 551 1217 occurrebat,
566 1178 643 1210 totis
663 1177 727 1208 illic
747 1177 937 1217 corporibus
954 1177 1093 1208 nitentes
1106 1201 1114 1217 ‚
1132 1178 1292 1209 vulnerati
1309 1187 1385 1210 cum

72 1224 222 1263 integris,
240 1224 334 1264 periti
358 1225 455 1256 nandi
477 1234 553 1256 cum
576 1225 692 1264 ignaris
713 1224 747 1254 in
769 1227 915 1255 mutuam
935 1224 1107 1263 perniciem
1124 1224 1384 1264 implicabantur.

72 1271 179 1302 minor
197 1272 305 1302 tamen
322 1281 418 1311 quam
441 1281 498 1312 pro
523 1272 666 1303 tumultu
690 1271 814 1310 caedes,
839 1272 915 1311 quia
932 1280 995 1301 non
1017 1271 1086 1302 ausi
1106 1271 1211 1310 egredi
1231 1271 1384 1311 paludem

72 1318 219 1350 Germani
236 1318 268 1348 in
285 1320 391 1349 eastra
404 1319 538 1350 rediere.
557 1319 625 1358 ejus
638 1318 739 1358 proelii
756 1319 892 1349 eventus
910 1319 1085 1357 utrumque
1101 1317 1229 1357 ducem,
1244 1317 1384 1350 diversis

74 1363 172 1395 animi
198 1364 358 1405 motibus,
386 1365 424 1396 ad
447 1366 678 1397 maturandum
700 1373 836 1396 summae
859 1364 905 1395 rei
929 1364 1105 1395 discrimen
1134 1365 1245 1395 erexit.
1274 1366 1386 1398 Civilis

71 1412 192 1442 instare
208 1412 364 1452 fortunae,
380 1413 514 1443 Cerialis
528 1412 653 1443 abolere
670 1411 888 1451 ignominiam.
903 1411 1050 1442 Germani
1068 1411 1228 1451 prosperis
1241 1411 1384 1452 feroces;

72 1461 233 1489 Romanos
244 1459 347 1498 pudor
360 1460 567 1491 excitaverat.
584 1468 647 1490 nox
661 1458 745 1498 apud
758 1458 908 1489 barbaros
922 1459 1018 1488 cantu
1033 1459 1088 1488 aut
1101 1458 1251 1497 clamore,
1267 1459 1387 1491 nostris

73 1511 130 1543 per
145 1504 224 1535 iram
240 1508 272 1536 et
288 1506 388 1536 minas
405 1508 486 1537 acta.

115 1554 195 1583 XVI.
219 1554 346 1584 Postera
366 1553 436 1584 luce
452 1552 581 1584 Cerialis
596 1552 703 1592 equite
722 1551 753 1582 et
773 1551 949 1581 auxiliariis
966 1551 1153 1582 cohortibus
1171 1552 1310 1582 frontem
1330 1561 1385 1583 ex·

73 1599 160 1639 plet3
183 1600 216 1629 in
240 1600 381 1631 secunda
405 1600 471 1631 acie
497 1600 634 1639 legiones
661 1600 793 1636 locatae3
815 1597 882 1627 dux
905 1597 965 1628 sibi
987 1597 1127 1629 delectos
1152 1598 1327 1630 retinuerat
1343 1599 1386 1630 ad

73 1646 257 1686 improvisa.
277 1646 383 1679 Civilis
402 1647 488 1678 haud
510 1647 656 1686 porrecto
676 1645 804 1685 agmine
817 1669 825 1683 ,
844 1644 900 1675 sed
921 1645 1029 1675 cuneis
1054 1645 1169 1676 astitit.
1188 1645 1298 1676 Batavi
1324 1649 1384 1677 Gu-

75 1693 228 1733 gernique
253 1695 284 1724 in
310 1693 444 1732 dextr03
471 1694 555 1724 laeva
578 1702 615 1724 ac
640 1692 789 1733 propiora
814 1691 956 1722 fluminis
979 1691 1214 1722 Transrhenani
1240 1694 1384 1723 tenuere.

73 1740 254 1771 exhortatio
271 1739 390 1770 ducum
415 1749 480 1770 non
497 1739 586 1770 more
605 1740 770 1770 concionis
790 1738 876 1778 apud
899 1739 1064 1769 universos
1077 1762 1085 1776 ,
1105 1738 1162 1769 sed
1188 1740 1223 1769 ut
1242 1746 1386 1778 quosque

74 1794 207 1817 suorum
221 1785 472 1817 advehebantur.
489 1787 618 1818 Cerialis
635 1799 650 1813 ιι
666 1789 807 1817 veterem
825 1786 961 1816 Romani
976 1785 1115 1816 nominis
1131 1785 1265 1825 gloriam
1277 1810 1284 1824 ‚
1301 1785 1386 1817 anti·

77 1846 92 1860 «
111 1841 190 1872 quas
204 1835 412 1872 recentesque
432 1832 607 1864 victorias:
631 1836 667 1864 ut
688 1832 864 1872 pertidum,
882 1831 1050 1871 ignavum,
1064 1832 1189 1862 victum
1209 1832 1334 1862 hostem
1351 1832 1387 1863 in

78 1894 95 1908 (t
112 1883 267 1912 aeternum
282 1880 484 1918 exciderent,
502 1879 624 1910 ultione
641 1879 761 1919 magis,
781 1887 878 1918 quam
897 1877 1007 1917 proelio
1025 1886 1105 1917 opus
1121 1887 1202 1909 esse..
1220 1879 1388 1918 pauciores

78 1939 94 1954 «
112 1936 215 1967 nuper
229 1936 302 1958 cum
319 1927 462 1966 pluribus
484 1929 638 1964 certasse,
657 1935 693 1956 ac
716 1928 824 1957 tamen
841 1926 927 1955 fusos
947 1928 1118 1956 Germanos
1134 1948 1142 1962 ,
1160 1925 1246 1964 quod
1264 1925 1387 1957 roboris

78 1987 93 2001 «
111 1974 218 2006 suerit.
237 1983 400 2014 superesse
414 1973 469 2013 qui
487 1974 593 2013 fugam
608 1973 740 2011 animis,
759 1972 813 2012 qui
829 1973 960 2003 vulnera
972 1974 1062 2010 tergo
1076 1971 1190 2003 ferant.
1208 1986 1222 1999 n
1240 1973 1387 2012 proprios

74 2021 150 2052 inde
165 2021 312 2052 stimulos
336 2020 515 2060 legionibus
533 2020 742 2059 admovebat,
760 2019 942 2050 domitores
959 2020 1152 2050 Britannice
1169 2019 1175 2036 ¹
1197 2019 1386 2060 qzmrtade-

73 2077 236 2100 cumanos
252 2068 431 2109 appellans;
449 2070 642 2108 principem
662 2067 808 2098 Galbam
830 2068 935 2098 scxtae
955 2067 1095 2106 leqiom's
1109 2066 1387 2105 auctoritatcfa-

73 2115 212 2154 ctzc1n25
228 2116 294 2147 illa
312 2117 464 2155 primum
483 2117 555 2147 acie
572 2114 783 2146 secundanos
802 2122 891 2145 nova
904 2115 1004 2152 siena
1021 2121 1209 2153 novamque
1223 2113 1385 2153 aquilam

73 2161 283 2194 ὡραίαν-033.
301 2163 374 2193 hinc
389 2164 569 2202 praevectus
584 2161 623 2192 ad
641 2161 864 2193 Germanicum
882 2160 1059 2191 exercitum
1077 2168 1190 2190 manus
1207 2159 1362 2190 tendebat
1375 2181 1386 2198 ,

104 2259 173 2282 XIV.
186 2264 204 2282 ι.
218 2259 454 2289 Narratum1V‚77
466 2266 521 2289 seq.
532 2273 558 2277 —
570 2265 592 2283 α.
605 2259 644 2283 ΑΙ)
662 2260 719 2288 ipso
732 2260 806 2288 prius
817 2259 896 2287 capta
909 2258 1066 2288 direptaque
1076 2276 1083 2285 ,
1096 2258 1126 2281 1v
1137 2276 1142 2286 ,
1154 2262 1190 2281 eo.
1203 2269 1231 2274 —
1242 2263 1264 2280 s.
1280 2256 1317 2281 De
1333 2263 1387 2287 qua

76 2293 168 2317 Germ.
181 2300 205 2317 c.
215 2299 244 2321 c,
258 2295 361 2319 Annal.
375 2296 405 2323 11,
419 2300 453 2319 Μ.

102 2329 157 2352 XV.
171 2335 190 2353 t.
205 2330 304 2353 Partim
318 2332 452 2357 cominus.
470 2332 567 2360 partim
582 2331 701 2358 eminus,
719 2329 804 2353 altero
815 2331 874 2359 post
887 2329 1000 2353 alterum
1013 2328 1103 2355 modo,
1116 2327 1210 2351 ordine
1224 2328 1300 2351 certo

73 2364 168 2422 ΠΧΥΙ.
190 2370 210 2387 ¹.
225 2364 281 2388 vid.
292 2366 398 2389 Αηηαί.
410 2366 482 2395 XIV,
494 2372 531 2390 54.
545 2371 603 2389 —2.
617 2366 674 2389 vid.
686 2366 694 2387 1
704 2384 710 2392 ‚
727 2370 754 2392 e,
766 2367 822 2388 not.
835 2370 856 2388 e.
869 2377 895 2380 —
906 2369 926 2388 5.
939 2365 1005 2388 Nam
1020 2369 1114 2388 recens
1128 2364 1207 2386 erant
1219 2362 1385 2392 conscripti,

99 2400 113 2426 ⁷,
128 2403 165 2423 (313.
