1539 2668
121 157 181 186 338
476 137 618 180 TACITI‘
634 150 910 180 HISTORIARUM
933 151 1006 179 LIB.
1030 152 1071 180 11.

122 229 206 261 sent.
222 225 415 268 deprehensi
432 233 509 256 cum
526 223 644 255 litteris
660 222 841 263 edictisque
853 222 1043 264 Vespasiani
1058 232 1113 263 per
1128 223 1268 255 Raetiam
1281 224 1314 256 et
1326 225 1446 258 Gallias

121 276 261 309 militum
279 275 312 305 et
332 272 559 304 centurionum
578 269 709 310 quidam
721 293 730 310 ‚
747 269 788 301 ad
799 269 966 302 Vitellium
985 270 1075 302 missi
1089 273 1247 302 necantur
1261 280 1268 302 :
1283 271 1391 312 plures
1403 272 1448 304 -t'e-

119 324 240 361 fellere,
256 320 318 352 fide
331 319 513 351 amicorum
527 319 584 349 aut
598 318 728 349 suomet
738 319 811 348 astu
825 317 993 348 occultati.
1010 317 1054 349 ita
1066 317 1185 349 Vitellii
1197 320 1327 358 paratus
1340 327 1449 350 nosce-

120 371 250 408 bantur,
262 367 452 408 Vespasiani
467 366 676 397 consiliorum
694 363 845 404 pleraque
861 363 980 404 ignota,
994 364 1135 405 primum
1148 365 1296 396 socordia
1309 364 1447 405 Vitellii;

120 417 195 449 dein
211 414 405 448 Pannonicae
421 414 515 453 Alpes
531 411 692 452 praesidiis
710 411 842 444 insessae
859 412 992 443 nuntios
1009 411 1202 443 retinebant.
1219 422 1306 444 mare
1321 419 1450 453 quoque

122 465 296 498 etesiarum
307 464 314 480 ¹
331 463 408 494 ssatu
423 462 455 491 in
468 460 637 491 Orientem
650 458 877 499 navigantibus
888 458 1067 490 secundum
1080 482 1088 498 ‚
1101 459 1174 490 inde
1185 459 1356 491 adversum
1369 461 1448 491 erat.

165 515 268 543 XCIX.
283 510 425 541 Tandem
441 507 620 548 irruptione
634 506 788 546 hostium,
804 506 969 537 atrocibus
983 506 1126 546 undique
1140 506 1264 538 nuntiis
1280 506 1451 537 exterritus

123 560 288 592 Caecinam
303 558 336 589 et
352 557 522 587 Valentem
545 554 698 594 expedire
718 554 756 585 ad
771 553 891 585 bellum
903 553 1005 594 jubet.
1023 553 1208 594 praemissus
1225 554 1356 585 Caecina
1369 563 1377 584 ε
1392 557 1453 584 Va⁴

122 608 241 640 lentem
265 614 281 636 e
303 604 392 644 gravi
415 603 559 642 corporis
577 601 692 633 morbo
705 604 776 632 tum
794 600 937 641 primum
959 603 1177 640 assurgentem
1201 600 1372 632 infirmitas
1390 601 1452 631 tar·

122 655 231 686 dabat.
250 654 343 692 longe
359 651 421 683 alia
434 649 666 690 proficiscentis
680 657 721 680 ex
735 647 823 681 Urbe
847 647 1029 680 Germanici
1044 648 1202 678 exercitus
1220 648 1344 688 species
1364 657 1371 678 z
1388 655 1454 678 non

122 703 213 742 vigor
229 697 432 739 coi-poribuS,
448 706 512 728 non
530 697 626 728 ardor
640 696 779 735 animis3
798 694 924 726 lentum
941 696 972 726 et
985 703 1093 725 rarum
1109 703 1233 734 agmen,
1252 694 1339 726 ssuxa
1352 701 1452 732 arma,

123 756 234 788 segnes
251 747 344 786 equi3
362 745 534 785 impatiens
549 743 648 782 solis,
663 741 808 783 pulveris
822 765 830 781 ,
848 742 1079 781 tempestatum
1089 764 1098 780 ,
1116 742 1341 781 quantumque
1356 739 1455 772 hebes

124 796 163 827 ad
181 793 407 826 sustinendum
423 792 566 823 laborem
580 790 692 829 miles,
706 789 798 821 tanto
812 788 852 820 ad
873 787 1051 820 discordias
1066 787 1259 828 promptior.
1280 787 1455 819 accedebat

123 843 189 874 huc
204 841 342 873 Caecinae
366 839 499 870 ambitio
522 839 638 876 vetus,
666 838 779 876 torpor
799 843 933 874 recens,
961 834 1065 866 nimia
1090 833 1233 866 sortunae
1254 834 1454 874 indulgentia

124 890 217 922 soluti
243 889 276 919 in
297 888 412 918 luxum
435 896 442 917 ε
461 894 518 917 seu
539 884 705 925 perfidiam
725 882 896 914 meditanti
921 881 1093 921 infringere
1115 883 1276 913 exercitus
1303 882 1456 913 virtutem

124 938 209 969 inter
225 937 310 966 artes
327 935 406 966 erat.
426 932 592 964 credidere
609 931 753 971 plerique
775 929 876 961 Flavii
892 928 1002 961 Sabini
1021 928 1162 960 consiliis
1183 937 1374 960 concussam
1392 932 1458 960 Cae-

124 987 205 1017 cinae
225 987 386 1024 mentem,
410 983 560 1014 ministro
580 989 768 1013 sermonum
786 979 907 1011 Rubrio
930 979 1021 1010 Gallo
1041 988 1048 1009 :
1068 981 1149 1010 rata
1168 979 1264 1019 apud
1288 981 1459 1020 Vespasia·

126 1042 210 1066 num
220 1032 302 1072 for?
322 1032 431 1072 pacta
457 1030 684 1061 transitionis.
711 1027 810 1058 simul
829 1026 979 1057 odiorum
1004 1025 1202 1066 invidiaeque
1226 1035 1300 1066 erga
1322 1026 1457 1057 Fabium

126 1081 294 1113 Valentem
316 1077 565 1114 admonebatur,
588 1077 629 1107 ut
650 1077 767 1115 impar
792 1072 889 1114 apud
919 1073 1097 1104 Vitellium
1123 1075 1277 1113 qratiam
1306 1075 1459 1114 viresque

128 1127 222 1169 apud
240 1134 364 1157 novum
380 1125 579 1163 Principem
590 1123 752 1162 pararet.

170 1178 205 1206 C.
228 1173 355 1205 Caecina
372 1170 545 1211 complexu
563 1168 686 1200 Vitellii
703 1167 808 1198 multo
822 1175 897 1198 cum
912 1165 1035 1198 honore
1054 1165 1213 1206 digressus
1230 1165 1356 1205 partem
1369 1165 1461 1206 equi-

127 1223 198 1254 tum
220 1220 259 1251 ad
276 1217 495 1259 occupandam
523 1220 713 1248 Cremonam
731 1213 903 1254 praemisit.
925 1222 1001 1244 mox
1025 1212 1143 1244 vexilla
1161 1215 1303 1253 quartae,
1326 1212 1462 1252 quintae-

130 1268 265 1300 decimae
279 1268 310 1298 et
323 1264 564 1298 sextaedecimae
576 1262 742 1303 legionum
756 1285 764 1301 ‚
787 1260 862 1292 dein
875 1260 990 1301 quinta
1002 1261 1035 1292 et
1047 1259 1302 1291 duoetvicesima
1318 1261 1461 1301 secutae;

130 1318 296 1357 postremo
317 1313 446 1353 agmine
466 1310 723 1343 unaetvicesima
740 1313 853 1349 Rapax
873 1310 906 1339 et
925 1307 1029 1349 prima
1044 1309 1075 1338 et
1088 1307 1199 1339 Italica
1213 1307 1373 1339 incessere
1387 1316 1462 1338 cum

129 1363 305 1395 vexillariis
322 1361 419 1392 trium
436 1358 691 1391 Britannicarum
709 1356 874 1396 legionum
891 1357 923 1387 et
937 1353 1047 1386 electis
1068 1354 1208 1386 auxiliis.
1230 1355 1373 1394 profecto
1396 1358 1462 1386 Cae-

132 1411 203 1442 cina
223 1409 351 1448 scripsit
367 1407 483 1439 Fabius
501 1407 619 1437 Valens
636 1404 792 1437 exercitui
809 1411 906 1443 quem
922 1402 989 1443 ipse
1006 1401 1209 1441 ductaverat,
1226 1404 1266 1434 ut
1284 1403 1321 1432 in,
1337 1402 1463 1432 itinere

131 1458 354 1497 opperiretur
370 1467 380 1487 .·
398 1456 446 1486 sic
469 1454 532 1486 sibi
547 1462 625 1485 cum
647 1453 785 1484 Caecina
801 1451 994 1483 convenisse
1001 1461 1014 1489 ,·
1036 1448 1091 1489 qui
1107 1457 1247 1489 praeseus
1263 1457 1366 1488 eoque
1383 1449 1463 1480 vali·

132 1505 202 1537 dior
224 1505 448 1534 immutatum
461 1501 497 1532 id
519 1500 701 1532 consilium
719 1497 831 1537 finxit,
849 1499 889 1529 ut
911 1498 1089 1538 inqruenti
1111 1496 1196 1528 bello
1214 1498 1287 1527 tota
1310 1496 1398 1527 mole
1413 1503 1463 1527 oc-

134 1552 350 1585 curreretur.
371 1549 417 1581 ita
439 1549 637 1580 accelerare
660 1546 802 1586 legiones
819 1546 1044 1584 Cremonam,
1060 1552 1134 1584 pars
1149 1543 1340 1575 Hostiliam
1350 1544 1465 1583 petere

133 1600 232 1640 jussae
246 1607 253 1628 z
270 1597 336 1637 ipse
349 1601 539 1628 Ravennam
555 1594 697 1626 devertit
709 1594 871 1633 praetexto
885 1591 1021 1622 classem
1036 1589 1230 1630 alloquendi.
1248 1598 1321 1620 mox
1341 1588 1465 1620 Patavii

134 1647 296 1678 secretum
307 1643 542 1683 componendae
553 1639 747 1681 proditionis
759 1638 948 1679 quaesitum.
961 1646 1100 1676 namque
1107 1636 1249 1668 Lucilius
1263 1640 1379 1667 Bassus
1394 1635 1466 1676 post

138 1693 366 1735 praefecturam
377 1691 436 1722 alae
450 1688 629 1721 Ravennati
645 1686 789 1718 simulac
811 1684 983 1717 Misenensi
998 1684 1153 1715 classibus
1168 1693 1185 1715 a
1199 1683 1323 1715 Vitellio
1340 1691 1465 1723 praepo·

135 1740 218 1771 situs
230 1763 238 1778 ‚
253 1738 340 1778 quod
355 1747 419 1769 non
440 1737 550 1769 statim
566 1735 797 1777 praefecturam
812 1732 959 1773 praetorii
973 1733 1110 1772 adeptus
1123 1731 1205 1763 foret
1217 1755 1226 1771 ,
1247 1726 1466 1771 iniquani'ira-

137 1786 288 1818 cundiam
308 1785 466 1825 flagitiosa
484 1782 619 1824 perfidia
636 1781 870 1813 ulciscebatur.
898 1788 957 1811 nec
979 1779 1055 1811 sciri
1077 1780 1184 1820 potest
1202 1779 1380 1810 traxeritne
1406 1782 1468 1810 Cae-

137 1835 257 1872 cinam,
273 1842 312 1864 an
329 1833 428 1873 (quod
441 1830 551 1863 evenit
563 1830 647 1861 inter
659 1829 760 1860 malos
771 1852 780 1868 ,
796 1829 875 1859 utet
888 1827 1013 1859 similes
1027 1826 1103 1867 sint)
1117 1825 1230 1858 eadem
1245 1825 1315 1857 illos
1327 1825 1470 1866 pravitas

138 1880 314 1922 impulerit.
1052 1907 1056 1910 ,

181 1932 229 1960 Cl.
248 1926 426 1966 Scriptores
439 1925 646 1965 temporum,
660 1922 717 1963 qui
734 1921 878 1962 potiente
895 1929 1003 1953 rerum
1019 1920 1129 1952 Flavia
1144 1920 1241 1951 domo
1258 1921 1469 1951 monumenta

141 1975 215 2007 belli
240 1974 372 2013 hujusce
390 1974 665 2013 composuerunt,
691 1978 815 2002 curam
834 1970 935 2009 pacis
950 1970 984 2001 et
1003 1976 1156 2000 amorem
1176 1967 1378 2008 reipublicae
1402 1975 1472 1998 cor-

143 2021 274 2062 ruptas*
298 2021 331 2051 in
355 2020 577 2051 adulationem
594 2025 720 2050 causas
737 2015 907 2048 tradidere.
929 2015 1021 2047 nobis
1045 2024 1140 2055 super
1158 2014 1288 2046 insitam
1304 2014 1469 2045 levitatem

144 2071 176 2102 et
188 2068 315 2108 prodito
329 2067 426 2099 Galba
440 2067 538 2098 vilem
552 2074 629 2096 mox
640 2064 750 2103 fidem,
762 2063 969 2095 aemulatione
979 2061 1281 2102 etiaminvidiaque‚
1295 2069 1336 2092 ne
1351 2059 1391 2091 ab
1400 2058 1471 2091 aliis

146 2115 230 2155 apud
247 2115 411 2145 Vitellium
434 2113 646 2151 anteirentur‚
666 2111 858 2152 pervertisse
877 2110 986 2150 ipsum
1002 2109 1165 2140 videntur.
1184 2108 1309 2140 Caecina
1329 2106 1471 2146 legiones

147 2166 310 2193 assecutus
324 2161 556 2192 centurionum
577 2159 786 2199 militumque
807 2157 933 2189 animos
954 2156 1133 2188 obstinatos
1148 2164 1206 2195 pro
1220 2153 1348 2186 Vitellio
1372 2153 1471 2185 variis

151 2210 273 2242 artibus
293 2208 481 2240 subruebat.
507 2211 604 2239 Basso
628 2206 741 2238 eadem
766 2204 914 2237 molienti
938 2203 1044 2235 minor
1057 2202 1228 2234 difficultas
1251 2200 1471 2240 erat,lubrica

151 2256 191 2288 ad
215 2256 409 2288 mutandam
434 2255 533 2287 tidem
553 2254 656 2286 classe
678 2253 720 2285 ob
738 2252 931 2285 memoriam
955 2250 1093 2283 recentis
1115 2258 1174 2290 pro
1196 2249 1323 2281 Othone
1335 2247 1470 2280 militiae.

180 2343 294 2368 xevui.
306 2349 328 2368 ι.
341 2344 392 2374 Qui
404 2349 419 2368 a
428 2343 472 2368 die
482 2347 511 2367 20
523 2341 595 2368 Julio
606 2347 656 2372 per
665 2346 694 2366 ⁴0
705 2341 761 2366 dies
776 2341 852 2366 flant.
865 2341 896 2365 V.
904 2339 938 2364 ad
952 2339 1026 2365 dnn.
1037 2337 1080 2369 Vl,
1090 2343 1127 2363 aa.
1141 2337 1210 2363 Inde
1221 2342 1259 2362 sc.
1272 2333 1471 2366 navigantibus.
