1539 2668
84 147 149 176 ⁴220
469 150 603 181 TACITI
625 151 835 182 ANNALIUM
857 154 929 184 LIB.
953 155 1030 186 XIV.

87 232 106 248 «
123 220 211 261 quod
228 221 504 256 modicamanus¹
525 225 668 257 universi
682 227 841 259 exercitus
853 228 970 259 famam
984 226 1258 268 adipiscerentur:
1277 227 1413 260 conserti

89 278 106 293 «ι
123 269 252 299 tantum
268 271 300 300 ct
316 270 391 310 pilis
406 272 535 304 emissis
546 297 555 313 ,
576 274 649 314 post
666 274 858 306 umbonibus
882 277 916 307 et
939 275 1051 314 gladiis
1065 277 1206 314 stragem
1227 273 1413 315 caedemque

89 324 106 339 «ι
124 315 368 358 continuarent,
386 320 504 359 praedae
517 321 743 353 immemores:
761 324 852 363 parta
867 322 1002 354 victoria
1016 323 1134 354 cuncta
1150 321 1227 361 ipsis
1238 329 1378 353 cessura.
1394 333 1412 350 »

87 363 118 392 ls
134 361 230 393 ardor
246 364 345 396 verba
369 366 461 397 ducis
478 368 686 408 sequebatur,
710 369 755 401 ita
782 378 815 401 se
840 370 879 401 ad
906 369 1120 409 intorquenda
1140 368 1205 409 pila
1229 367 1415 408 expedierat

85 409 180 439 vetus
199 410 292 442 miles
315 416 346 444 et
364 415 466 445 multa
480 415 668 454 proeliorum
684 416 900 457 experientia,
918 418 956 448 ut
971 418 1078 447 certus
1091 417 1227 447 eventus
1241 415 1413 447 Suetonius

85 452 177 486 daret
192 465 307 497 pugnae
324 459 465 500 signum.

127 505 276 536 XXXVII.
303 510 346 537 Ac
372 508 512 548 primum
531 509 613 549 legio
629 509 730 549 gradu
746 509 882 542 immota
896 513 927 542 et
952 509 1117 551 angustias
1134 509 1195 540 loci
1222 518 1280 550 pro
1305 509 1412 541 muni-

84 550 196 580 mento
210 553 368 593 retinens,
392 557 564 595 postquam
586 557 719 597 propius
745 566 932 597 suggressus
948 557 1050 589 hostis
1077 559 1164 588 certo
1174 557 1263 597 jactu
1282 556 1345 588 'tela
1360 565 1414 588 ex-

83 593 236 629 hauserat,
258 599 277 634 ¹,
297 601 384 631 velut
398 610 501 633 cuneo
515 604 631 644 erupit.
644 603 730 635 idem
744 605 947 635 auxiliarium
962 605 1117 644 impetus3
1130 605 1162 635 et
1175 612 1274 643 eques
1287 605 1414 644 proten-

83 641 126 673 tis
141 643 239 676 hastis
257 648 428 688 perfringit
444 650 531 689 quod
545 650 678 681 obvium
693 654 725 682 et
739 652 882 683 validum
898 654 977 682 erat.
1000 651 1099 682 ceteri
1116 652 1205 690 terga
1227 650 1411 690 praebuere,

82 687 207 722 difficili
226 694 365 734 effugio,
386 697 462 736 quia
479 698 687 738 circumjecta
704 698 850 729 vehicula
872 699 1035 738 sepserant
1058 698 1174 729 abitus.
1198 698 1230 728 et
1257 697 1349 729 miles
1373 707 1414 731 ne

82 736 255 770 mulierum
274 743 405 781 quidem
424 745 493 775 neci
512 745 728 785 temperabat3
746 745 935 786 confixaque
948 745 1020 776 telis
1032 745 1130 776 etiam
1142 744 1289 783 jumenta
1302 753 1413 784 corpo·

81 790 154 814 rum
174 789 340 820 cumulum
357 794 525 823 auxerant.
545 793 635 824 Clara
650 795 682 824 et
699 793 841 832 antiquis
858 792 1003 824 victoriis
1020 801 1076 833 par
1092 801 1129 823 ea
1147 791 1198 822 die
1214 791 1285 822 laus
1297 792 1388 832 parta
1403 800 1412 822 ε

79 830 200 872 quippe
218 838 294 867 sunt
313 838 367 876 qui
397 839 503 878 paullo
523 839 630 870 minus
650 849 747 880 quam
770 840 932 880 octoginta
959 839 1060 870 millia
1087 839 1314 870 Britannorum
1334 837 1414 869 ceci-

81 874 167 909 disse
183 881 323 922 tradant,
345 885 484 916 militum
502 886 746 926 quadringentis
763 887 863 918 ferme
880 886 1058 918 intersectis
1075 895 1133 917 nec
1150 885 1253 917 multo
1273 885 1412 926 amplius

84 925 274 961 vulneratis.
303 931 460 963 Boudicea
480 933 580 963 vitam
596 942 721 964 veneno
734 933 851 965 finivit.
870 936 907 964 Et
930 934 1060 964 Poenius
1081 935 1256 964 Postumus
1269 956 1278 972 ,
1296 932 1411 972 praese·

80 973 152 1002 ctus
170 979 348 1009 castrorum
366 979 517 1011 secundae
531 980 673 1020 legionis,
683 980 818 1020 cognitis
832 980 1193 1021 quartadecimanorum
1207 979 1411 1011 vicesimano-

80 1025 218 1060 rumque
247 1026 410 1065 prosperis
440 1027 535 1057 rebus
549 1051 557 1066 ,
577 1028 652 1066 quia
677 1028 746 1067 pari
775 1028 875 1067 gloria
899 1028 1057 1067 legionem
1086 1036 1179 1058 suam
1207 1025 1411 1058 fraudaverat

78 1063 301 1110 abnueratque
324 1075 435 1104 contra
452 1074 552 1105 ritum
574 1074 698 1104 militiae
713 1073 802 1112 jussa
817 1075 924 1114 ducis,
942 1084 977 1105 se
994 1075 1101 1115 ipsum
1122 1074 1226 1114 gladio
1242 1074 1408 1112 transegit.

121 1116 284 1148 XXXVIII.
310 1122 502 1151 Contractus
520 1121 638 1152 deinde
655 1121 759 1151 omnis
775 1122 938 1153 exercitus
955 1121 1016 1152 sub
1033 1121 1167 1161 pellibus
1185 1121 1192 1138 ¹
1219 1120 1349 1151 habitus
1363 1120 1411 1150 est

79 1159 118 1189 ad
134 1162 255 1202 reliqua
275 1165 346 1196 belli
368 1168 593 1207 perpetranda.
624 1168 780 1207 auxitque
808 1168 917 1208 copias
941 1172 1047 1200 Caesar
1074 1167 1183 1198 missis
1200 1176 1218 1198 e
1242 1165 1411 1198 Germania

76 1206 205 1239 duobus
222 1210 473 1250 legionariorum
489 1214 640 1252 millibus,
656 1216 730 1245 octo
746 1215 950 1246 auxiliarium
959 1215 1149 1246 cohortibus
1164 1223 1201 1245 ac
1218 1214 1305 1245 mille
1322 1213 1410 1253 equi-

77 1254 165 1286 tibus
185 1266 192 1286 :
212 1267 348 1296 quorum
366 1260 506 1291 adventu
527 1262 644 1291 nonani
659 1261 834 1300 legionario
857 1262 960 1293 milite
986 1262 1124 1302 suppleti
1142 1263 1238 1300 sunt;
1260 1260 1410 1292 cohortes

77 1302 201 1343 alaeque
215 1307 305 1337 novis
326 1307 541 1339 hibernaculis
556 1309 671 1339 locatae
685 1332 693 1347 ,
715 1309 867 1349 quodque
884 1310 1053 1341 nationum
1079 1309 1267 1348 ambiguum
1284 1308 1340 1339 aut
1355 1306 1410 1338 ad-

76 1357 205 1382 versum
225 1352 347 1389 fuerat,
377 1354 443 1394 igni
475 1358 572 1396 atque
599 1356 684 1387 ferro
708 1358 864 1387 vastatur.
890 1356 951 1389 Sed
976 1356 1056 1387 nihil
1071 1365 1162 1396 aeque
1181 1364 1279 1395 quam
1307 1355 1408 1385 sames

76 1395 236 1436 affligebat
254 1402 398 1432 serendis
413 1403 557 1442 frugibus
572 1402 583 1420 ²
603 1403 801 1443 incuriosos,
821 1405 854 1435 et
868 1404 963 1441 ¹omni
983 1406 1077 1435 aetate
1095 1403 1132 1434 ad
1155 1403 1277 1434 bellum
1294 1409 1404 1440 versa,

76 1442 155 1475 dum
172 1449 299 1478 nostros
320 1453 522 1481 commeatus
549 1450 610 1481 sibi
625 1450 788 1482 destinant
803 1460 810 1480 :
838 1454 1012 1490 gentesque
1028 1452 1215 1490 praeferoces
1230 1448 1353 1480 tardius
1366 1446 1407 1478 ad

76 1497 187 1529 pacem
205 1493 378 1534 inclinant,
400 1499 474 1536 quia
489 1497 596 1528 Julius
614 1497 848 1536 classicianus,
874 1507 1041 1529 successor
1059 1500 1137 1529 Cato
1152 1497 1270 1528 missus
1283 1497 1404 1528 et-sue-

74 1539 165 1571 tonio
181 1540 318 1581 discors,
336 1543 456 1575 bonum
472 1545 637 1584 publicum
655 1546 791 1585 privatis
807 1545 1028 1577 simultatibus
1047 1545 1264 1586 impediebat,
1281 1543 1404 1582 disper-

72 1588 226 1627 seratque
243 1598 368 1621 novum
387 1592 540 1631 {equium
556 1592 802 1631 opperiendum
815 1601 897 1628 esse,
911 1595 982 1624 sine
996 1592 1111 1623 hostili
1128 1593 1183 1622 tra
1197 1592 1231 1621 et
1241 1588 1404 1629 superbia

75 1633 216 1665 victoris
244 1637 428 1669 clementer
448 1639 572 1669 deditis
600 1639 852 1670 consulturum.
881 1639 977 1669 simul
1005 1639 1037 1669 in
1065 1638 1183 1670 Urbem
1207 1635 1403 1675 mandabat,

75 1680 217 1712 nullum
226 1684 354 1722 praelio
366 1684 477 1724 fivwm
493 1688 733 1725 exspectarent
751 1687 816 1717 nist
830 1684 1092 1717 succeclcrctzcr³
1111 1685 1284 1722 Suetonio,
1310 1682 1402 1722 cujus

73 1725 207 1759 adversa
222 1731 373 1769 pravitati
391 1732 528 1771 ipsius⁴‚
548 1742 702 1773 prospera
718 1733 757 1763 ad
777 1734 941 1765 fortunam
959 1732 1143 1773 reipublicae
1160 1729 1330 1762 referebat.

117 1778 250 1806 XXXIX.
277 1778 378 1816 Igitur
395 1779 433 1809 ad
453 1780 666 1819 spectandum
694 1780 866 1811 Britanniae
882 1782 1003 1811 statum
1027 1779 1144 1810 missus
1158 1780 1205 1809 est
1221 1786 1260 1809 ex
1279 1775 1403 1808 libertis

73 1821 250 1861 Polyclitus
262 1848 270 1863 ,
298 1834 413 1864 magna
430 1827 566 1858 Neronis
587 1836 642 1867 spe
660 1836 754 1867 posse
774 1827 966 1858 auctoritate
979 1829 1048 1867 ejus
1065 1835 1129 1857 non
1145 1825 1241 1856 modo
1257 1824 1341 1855 inter
1353 1823 1402 1856 le·

72 1869 186 1907 gaium
210 1874 515 1912 procuratoremque
544 1873 750 1905 concordiam
766 1874 870 1914 gigni,
898 1874 954 1905 sed
979 1876 1011 1905 et
1037 1873 1168 1905 rebelles
1189 1871 1401 1903 barbarorum

73 1915 197 1948 animos
218 1927 295 1957 pace
317 1920 480 1959 componi.
509 1929 567 1951 nec
588 1920 689 1952 defuit
710 1921 886 1961 Polyclitus
915 1921 1105 1962 quominus,
1136 1918 1256 1959 ingenti
1275 1917 1401 1958 agmine

73 1962 176 1994 Italiae
211 1965 383 2006 Galliaeque
415 1967 538 2007 gravis,
567 1971 736 2008 postquam
771 1973 935 2000 Oceanum
966 1968 1209 2007 transmiserat,
1240 1964 1400 1996 militibus

72 2017 204 2050 quoque
221 2013 340 2043 nostris
354 2013 508 2045 terribilis
525 2015 698 2046 incederet.
729 2015 784 2046 sed
812 2015 958 2046 hostibus
983 2014 1091 2046 irrisui
1108 2014 1187 2053 suit,
1208 2012 1294 2052 apud
1319 2018 1400 2051 quos

73 2057 227 2096 flagrante
244 2059 341 2090 etiam
357 2062 427 2091 tum
445 2061 592 2092 libertate
606 2062 750 2093 nondum
768 2062 894 2102 cognita
913 2062 1136 2093 libertinorum
1155 2058 1297 2100 potentia
1311 2059 1396 2098 erat3

72 2104 338 2146 mirabanturque
355 2108 439 2147 quod
461 2108 526 2139 dux
543 2111 574 2140 et
592 2105 754 2140 exercitus
767 2110 848 2141 tanti
863 2109 939 2140 belli
954 2109 1118 2140 confector
1132 2105 1273 2138 servitiis
1288 2104 1396 2136 obedi-

73 2152 158 2184 rent.
176 2156 294 2183 cuncta
310 2155 418 2185 tamen
434 2155 473 2186 ad
492 2159 721 2196 Imperatorem
742 2156 774 2187 in
792 2156 921 2187 mollius
937 2156 1057 2194 relata;
1075 2155 1286 2193 detentusque
1303 2151 1398 2184 rebus

71 2199 226 2240 gerundis
240 2201 428 2242 Suetonius,
446 2203 534 2242 quod
550 2203 623 2243 post
638 2212 756 2244 paucas
770 2212 868 2235 naves
885 2203 918 2234 in
933 2203 1040 2234 littore
1058 2201 1291 2241 remigiumque
1302 2199 1335 2230 in
1355 2199 1396 2231 iis

102 2274 222 2299 XXXVI.
239 2282 258 2300 ι.
274 2277 357 2309 Quod
370 2278 419 2307 ipsi
435 2279 546 2308 quinon
564 2281 656 2304 essent
666 2281 717 2304 nisi
731 2280 845 2304 modica
860 2285 971 2304 manus.

102 2310 234 2334 XXXVII.
252 2316 271 2334 I.
293 2312 435 2341 Postquam
453 2315 679 2344 appropinquatio
700 2316 816 2339 hostium
840 2315 893 2338 tela
913 2315 1095 2338 Romanorum
1113 2314 1150 2338 ita
1170 2313 1340 2340 exhauserat,
1363 2312 1394 2335 ut

71 2346 150 2370 certa
160 2351 212 2369 nec
225 2345 379 2370 aberrantia
397 2349 423 2371 in
438 2348 541 2372 hostem
558 2351 739 2379 propinquum
752 2350 929 2378 conjecerim.

105 2381 248 2405 xxxvnt.
265 2387 284 2405 ι.
299 2383 433 2406 Tentoriis
446 2384 666 2414 (coriaceis).—2.
677 2386 717 2409 Ad
730 2385 860 2409 serendas
874 2385 1030 2413 fruges—5.
1043 2384 1219 2412 Neutraliter‚
1228 2385 1258 2408 ut
1265 2383 1390 2410 venitur,

69 2417 189 2444 ventum
201 2417 250 2442 est.
266 2417 380 2448 Praelio,
395 2418 422 2442 ui
434 2417 469 2443 ali
489 2419 505 2448 i,
517 2425 567 2449 pro
581 2419 771 2445 be110.-⁴.sc.
785 2419 932 2449 tribuebat,
940 2425 971 2443 ex
985 2421 1109 2450 sequenti
1123 2419 1273 2450 referebat-
