1539 2668
152 143 207 183 ΧΨ]
695 139 938 169 ΡΗΟΡΒΠΞΤΑΒ

154 219 283 256 urbem
300 219 444 264 ῥαχίας
468 218 643 262 Assyrios
656 224 801 261 penes,·
829 213 930 246 viam
946 213 1107 257 propter
1117 222 1132 257 ,-
1157 211 1316 246 humum
1332 222 1447 258 super
1458 224 1474 259 ;

152 272 382 318 Euphraten
403 271 523 305 ultra.
551 269 666 304 'Etiam
685 278 704 302 a
723 265 859 306 verbis,
878 263 1096 310 quibuscum
1112 265 1248 311 junctae
1268 274 1347 300 esse
1365 263 1475 302 debe·

153 325 267 368 bant,
298 324 529 370 reperiuntur
560 326 758 367 separatae:
789 319 958 354 dec-mnae
987 328 1102 364 super
1119 319 1318 364 portiones
1344 322 1471 365 erant,

154 383 386 425 supererant3
404 378 528 422 Jactis
543 384 656 421 saper
674 373 839 417 ancoris,
862 370 1087 418 superjectis.

200 470 483 516 praepositiones
503 479 599 514 saepe
617 469 857 508 omittuntur,
880 470 957 500 tam
970 465 1167 511 jungendae
1186 474 1270 500 cum
1289 464 1449 500 ablativo
1466 491 1474 508 ‚
1526 474 1527 477 ’

156 529 195 560 ut
210 534 319 569 supra
339 522 497 557 diximus
519 523 555 556 in
572 520 762 562 Ablativo3
781 529 892 566 quam
918 528 1002 553 cum
1031 517 1239 553 accusativo
1256 544 1266 562 ‚
1299 523 1383 554 ante
1416 528 1479 553 no·
1527 529 1528 533 ¹

154 577 253 611 mina
272 576 452 619 locorum,
473 580 515 610 ut
533 576 745 620 AEyyptam
756 572 1025 619 proficiscitur,
1043 577 1079 607 et
1097 582 1181 607 cum
1201 571 1319 607 verbis
1337 577 1478 607 motum

155 628 415 670 indicantibus,
435 638 516 673 quae
535 638 644 673 supra
666 626 950 662 recensenturin
970 626 1131 661 sectione
1145 625 1190 661 de
1208 625 1350 661 Verbis.
1369 627 1482 662 Inter-

154 681 313 716 mittitur
342 682 450 717 etiam
481 681 649 727 repetitio
677 686 762 716 ante
790 680 944 715 alterum
978 678 1246 715 substantivum
1271 691 1279 714 ε
1300 679 1413 715 simul
1441 682 1481 715 in

148 734 343 780 frontem,
365 734 477 770 simul
496 737 534 769 et
559 734 637 779 (in)
653 734 808 780 latera,·
828 735 869 769 in
896 735 1042 769 Liviam
1069 735 1107 768 et
1132 743 1223 768 mox
1248 732 1394 768 Juliam
1415 733 1483 779 sa-

154 787 317 823 mittam.

204 883 260 917 De
279 882 503 927 singularum
521 881 819 928 praepositionum
837 892 906 917 usu
924 880 1117 928 peculiaria
1134 880 1213 916 haee
1231 885 1456 917 annotantur
1471 892 1481 916 z
1538 909 1539 916 ,

203 937 249 977 Α,
274 937 334 970 ΑΒ
352 963 360 977 ,
382 945 464 970 cum
483 934 591 970 verbo
612 940 739 970 neutro
758 935 874 981 posita
896 946 961 981 pro
988 934 1132 981 passivo
1160 933 1378 980 capiendum
1403 944 1482 970 esse

157 986 317 1023 indicat:
340 988 456 1023 (lonee
474 999 498 1022 a
518 990 734 1023 centurione
749 987 961 1024 vulneribus
979 988 1147 1023 adversis
1169 987 1347 1033 caderet,
1371 985 1483 1023 eaede·

157 1045 272 1076 retur.
291 1061 335 1067 ‹—-
354 1040 487 1076 Addita
509 1041 678 1083 ablativo,
696 1042 754 1086 qui
773 1052 837 1087 per
859 1052 897 1076 se
926 1041 1095 1077 sufficere
1115 1040 1318 1084 videbatur,
1348 1040 1481 1087 aliquid

157 1094 315 1139 amplius
335 1094 542 1139 significat:
567 1095 731 1129 Cerealis
751 1106 775 1129 a
791 1098 891 1130 meta
904 1094 1076 1140 infamiae
1094 1096 1234 1140 pressit
1248 1096 1345 1139 iras,
1361 1093 1479 1140 quasi,

156 1155 177 1180 a
210 1151 305 1181 metu
338 1146 500 1181 infamiae
529 1147 631 1192 petiit
661 1147 809 1182 modum
843 1154 905 1183 aut
933 1147 1148 1183 facultatem
1178 1146 1364 1192 premendi
1396 1147 1480 1182 iras.

157 1198 331 1234 Similiter
350 1210 358 1233 :
383 1199 497 1233 rabor
512 1210 534 1233 a
556 1210 628 1245 qno
647 1211 686 1234 se
703 1203 840 1235 contra
856 1201 1046 1247 pudorem
1065 1199 1269 1235 muniebat.
1294 1202 1319 1233 Α
1343 1198 1484 1246 leqzbus

153 1253 288 1297 puniri
306 1251 457 1292 clem-m,
477 1262 517 1287 ex
534 1252 655 1298 legum
669 1252 820 1294 ratione,
841 1252 1044 1288 secundum
1060 1253 1217 1298 leges—
1232 1255 1285 1287 De
1303 1256 1480 1297 tempore,

156 1304 304 1349 quando
324 1315 381 1339 res
402 1304 535 1349 aliqua,
556 1305 657 1340 nulla
677 1305 746 1340 alia
762 1306 959 1351 interiecta,
979 1306 1144 1351 sequitur
1157 1305 1266 1340 aliam
1287 1316 1295 1338 :
1315 1316 1339 1339 a
1357 1315 1478 1350 coena,

156 1357 261 1403 quasi
281 1360 455 1398 (sor-tant)
475 1357 519 1391 (le
536 1357 648 1402 table,
671 1358 794 1393 statim
815 1364 896 1404 post
913 1369 1068 1393 coenam.
1093 1358 1152 1394 Sic
1179 1360 1392 1393 missionem
1418 1357 1483 1392 mi-

155 1411 263 1447 litum
286 1413 332 1446 ab
348 1412 512 1447 secleez'm
531 1415 658 1457 annis,
677 1424 758 1459 quae
778 1414 900 1449 statim
921 1414 985 1449 fiat
1012 1420 1093 1460 post
1125 1420 1265 1449 sextum
1297 1414 1481 1450 decimum

156 1463 389 1511 stipendium.
408 1466 468 1500 Sic
497 1465 747 1511 exponendum
780 1468 888 1503 etiam
905 1495 914 1510 ,
950 1471 1217 1514 Przeposuerat
1243 1468 1428 1503 Sabinum
1456 1477 1482 1502 a

154 1517 390 1564 pravsectzcra
407 1518 573 1553 cohortis
593 1519 669 1565 (qui
686 1519 796 1556 modo
816 1520 1010 1566 praefectus
1037 1521 1179 1556 cohorti
1201 1520 1348 1565 fuerat),
1365 1533 1482 1569 neque

156 1581 248 1606 cum-
263 1570 426 1616 sequenti
443 1581 513 1606 usu
531 1571 943 1608 confundendum.——In
962 1573 1228 1620 significatione
1247 1575 1423 1620 muneris,
1438 1574 1482 1611 de

156 1633 198 1659 eo
218 1623 277 1669 qui
300 1628 430 1669 praeest
449 1624 591 1659 muneri
610 1637 617 1658 :
640 1635 720 1660 esse
751 1626 798 1661 ab
826 1626 988 1672 epistolis
1002 1655 1013 1670 ,
1048 1627 1186 1662 libellis
1219 1627 1477 1674 (supplicum),

154 1677 375 1712 rationibus.

203 1731 285 1765 AD.
314 1731 384 1766 Pro
402 1731 507 1776 apud
522 1742 535 1765 .·
554 1742 731 1768 sororum
738 1732 839 1777 filiis
856 1733 958 1768 idem
976 1734 1082 1780 apud
1095 1734 1327 1770 avmzculum
1346 1736 1412 1780 qui
1428 1734 1482 1771 ad

153 1785 306 1828 patrem
323 1783 442 1818 Itonos
455 1797 467 1827 ;
481 1785 681 1829 jactantia
701 1785 901 1832 yloriaque
919 1786 972 1821 ad
985 1789 1167 1832 posteros.
1188 1808 1228 1813 -—
1252 1789 1355 1833 Saepe
1381 1787 1481 1833 poni·

153 1841 214 1870 tur
228 1835 291 1870 ubi
313 1846 370 1871 res
391 1836 436 1871 ab
457 1837 525 1872 alia
547 1837 650 1883 quasi
671 1838 845 1874 excitatur
860 1849 1013 1885 eamque
1032 1841 1197 1886 sequitur
1216 1840 1317 1876 velut
1335 1851 1480 1887 respon-

154 1887 207 1922 sio
240 1888 583 1934 interrogationem:
613 1894 759 1927 erectas
790 1892 939 1927 Gallias
967 1893 1021 1928 acl
1047 1905 1183 1929 nomen
1209 1894 1476 1939 dictatorium,

155 1941 272 1987 quasi,
289 1941 415 1978 audito
439 1943 587 1978 nomine
605 1943 817 1988 dictatoris3
839 1946 903 1989 sie,
923 1946 1055 1981 multis
1074 1947 1128 1982 ad
1138 1947 1397 1982 celebritatem
1417 1959 1480 1983 no-

154 1996 267 2029 mz'nz's
286 1997 418 2030 erectis
429 2010 443 2040 ;
465 1995 553 2031 laeto
571 1996 688 2033 milite
718 1998 772 2033 acl
800 2001 1049 2034 mutationem
1066 2000 1206 2035 (laeum
1222 2027 1231 2044 ‚
1254 2011 1368 2046 quum
1388 2000 1479 2037 hanc

155 2047 396 2082 mutationem
417 2049 679 2095 percepissent3
703 2051 757 2086 ad
773 2062 909 2087 nomen
925 2053 1004 2097 ejus
1030 2056 1048 2086 J
1057 2053 1202 2088 'iteltius
1216 2053 1476 2099 eoecitabatur,

155 2097 280 2134 audito
296 2100 443 2135 nomine
463 2102 563 2147 ejus;
599 2103 653 2138 ad
678 2115 806 2139 omnes
832 2107 987 2140 nuntios
1013 2106 1198 2151 trepidus.
1233 2106 1291 2142 Sic
1318 2107 1471 2154 proprie„

155 2152 327 2196 expositis
358 2154 525 2198 precibus
555 2156 756 2200 carantani,
779 2157 896 2204 pergit
915 2158 1087 2193 Tacitus:
1109 2159 1162 2194 ad
1188 2170 1235 2194 ea
1262 2163 1395 2195 Caesar
1415 2170 1475 2195 ve·

154 2203 263 2238 niam
284 2206 427 2251 ipsique
442 2210 481 2241 et
499 2209 651 2254 conj‘aqz'
677 2210 821 2245 tribuit.
856 2210 952 2245 Alibi
970 2222 978 2244 ;
998 2211 1146 2246 dimisse
1165 2212 1221 2248 ad
1236 2215 1388 2258 primas
1400 2212 1478 2259 filii

155 2257 213 2290 sui
227 2259 403 2310 epistolas
413 2259 637 2306 ferebatur,
659 2261 703 2296 iis
723 2263 894 2308 acceptis.
913 2283 957 2288 -—
975 2263 1040 2298 Ad
1053 2263 1123 2299 hoc
1136 2293 1146 2307 ,
1168 2265 1223 2300 ad
1239 2265 1320 2301 llaec
1331 2293 1342 2312 ,
1365 2267 1419 2303 ad
1435 2266 1479 2302 id

156 2309 266 2345 modo
285 2316 339 2346 est
353 2322 417 2357 pro
433 2316 649 2359 proeterea;
664 2315 772 2350 modo
791 2315 835 2351 de
851 2326 959 2351 causa
978 2322 1015 2351 et
1031 2317 1101 2352 fine
1120 2318 1171 2353 rei
1188 2317 1333 2354 dicitur.
1351 2340 1397 2346 -
1410 2319 1475 2356 Ad

152 2372 337 2411 praesenS‚
358 2376 422 2411 pro
436 2376 477 2402 eo
497 2367 592 2412 quod
615 2368 675 2403 alii
694 2368 822 2405 dicunt
838 2371 879 2405 in
891 2380 1076 2416 praesens,
1095 2372 1137 2408 εἰς
1150 2372 1185 2403 τὸ
1200 2372 1308 2414 παρόν.
1325 2374 1475 2410 Utrum-
