1539 2668
144 163 206 194 360
500 160 634 190 TACITI
656 161 930 191 HISTORIARUM
953 162 1026 190 ΠΒ.
1053 162 1111 190 111.

144 236 255 277 adigit.
281 234 499 276 superfluente
526 234 741 267 multitudine
772 244 882 267 curam
912 235 1056 267 delectus
1082 235 1114 266 in
1142 235 1288 267 consules
1317 237 1470 276 partitur.

143 292 312 317 servorum
325 291 496 314 numerum
510 284 543 314 et
556 282 683 323 pondus
696 282 817 322 argenti
830 283 1033 314 senatoribus
1048 282 1171 313 indicit.
1188 284 1319 323 Equites
1335 286 1473 318 Romani

143 332 291 364 obtulere
305 340 434 364 operam
446 330 676 371 pecuniasque,
687 330 785 361 etiam
800 330 957 362 libertinis
971 331 1055 361 idem
1071 339 1190 361 munus
1206 331 1289 362 ultro
1302 331 1472 372 flagitanti-

143 379 216 412 bus.
234 388 272 411 ea
286 379 446 410 simulatio
462 377 474 396 ²
489 377 586 409 officii
599 387 617 408 a
631 379 721 409 metu
737 378 881 418 prosecta
896 379 1038 410 verterat
1054 379 1084 409 in
1098 378 1240 410 savorem
1254 390 1262 418 ;
1279 388 1317 410 ac
1330 380 1475 421 plerique

143 428 231 460 haud
247 426 379 468 perinde
394 426 559 458 Vitellium
577 435 674 466 quam
691 434 802 457 casum
825 427 998 467 locumque
1019 426 1218 467 principatus
1236 426 1247 443 ³
1276 427 1476 460 miseraban-

141 477 209 509 tur.
229 484 288 507 nec
301 475 411 506 deerat
425 474 494 514 ipse
509 474 598 504 vultu
611 498 619 513 ‚
635 482 713 504 voce
725 497 734 512 ‚
750 473 891 505 lacrimis
904 499 912 514 ,
927 474 1183 505 misericordiam
1197 473 1312 506 elicere
1328 474 1354 514 ⁴,
1367 475 1476 516 largus

142 522 331 563 promissis,
345 525 376 552 ct
387 529 459 561 quae
472 521 587 551 natura
602 520 832 561 trepidantium
851 522 918 560 est,
936 521 1139 554 immodicus,
1155 521 1234 562 quin
1251 524 1282 553 et
1303 523 1477 556 Ccesarem

143 577 178 601 se
192 569 255 601 dici
272 569 393 606 voluit,
413 569 601 607 aspernatus
616 570 731 608 antea,
750 568 806 600 sed
821 571 899 599 tunc
916 568 1143 608 superstitione
1169 570 1325 609 nominis⁷
1346 572 1379 601 et
1402 571 1478 611 quia

142 617 176 649 in
193 621 282 649 metu
296 616 429 647 consilia
446 615 657 656 prudentium
675 617 707 647 et
725 617 812 655 vulgi
832 625 942 647 rumor
957 617 1050 655 juxta
1070 617 1258 648 audiuntur.
1277 619 1423 649 ceterum
1440 620 1478 651 ut

142 665 252 697 omnia
266 663 441 695 inconsulti
458 663 599 703 impetus
620 666 725 704 coepta
744 663 845 695 initiis
865 663 974 694 valida
996 664 1102 703 spatio
1124 664 1349 704 languescunt,
1378 665 1477 697 dilabi

142 711 298 752 paulatim
317 714 482 742 senatores
501 711 701 751 Equitesque
713 735 721 751 ‚
742 711 847 751 primo
864 712 1057 742 cunctanter
1074 714 1106 742 et
1119 711 1173 742 ubi
1190 711 1256 751 ipse
1270 721 1334 742 non
1352 712 1476 753 aderat,

142 767 220 790 mox
240 760 455 798 contemptim
473 759 504 789 et
520 758 589 789 sine
606 758 793 790 discrimine
807 782 816 798 ‚
833 758 937 790 donec
953 758 1103 791 Vitellius
1128 758 1254 799 pudore
1280 759 1362 791 irriti
1385 769 1480 792 cona-

141 807 213 847 tus,
229 815 304 847 quae
319 816 383 837 non
401 806 581 845 dabantur,
599 805 735 837 remisit.

185 858 261 886 LIX.
288 856 330 885 Ut
346 857 501 886 terrorem
517 854 617 884 Italiae
633 861 782 894 possessa
798 853 948 884 Mevania
965 862 1003 884 ac
1019 853 1109 885 velut
1123 853 1272 884 renatum
1290 863 1330 885 ex
1353 854 1479 895 integro

142 902 262 934 bellum
282 902 460 940 intulerat,
489 901 534 932 ita
554 901 641 932 haud
666 901 804 932 dubium
831 909 905 940 erga
925 900 1095 932 Flavianas
1120 904 1225 940 partes
1241 901 1386 933 studium
1410 903 1479 934 tam

143 951 280 993 pavidus
297 951 417 982 Vitellii
443 950 603 982 discessus
628 950 764 981 addidit.
784 952 910 981 erectus
928 950 1056 982 Samnis
1083 951 1313 991 Pelignusqne,
1331 953 1364 983 et
1386 952 1480 984 Marsi

142 998 362 1037 aemulatione,
378 997 465 1037 quod
479 997 653 1038 Campania
668 997 881 1038 praevenisset
894 997 917 1036 ¹,
935 997 1013 1028 utin
1028 1006 1113 1028 novo
1127 997 1293 1038 obsequio,
1310 999 1350 1029 ad
1363 1000 1481 1030 cuncta

141 1045 218 1077 belli
236 1046 346 1076 minua
363 1054 453 1076 acres
473 1048 576 1076 erant.
600 1045 655 1076 sed
678 1045 763 1075 soeda
790 1044 897 1075 hieme
916 1053 971 1084 per
991 1045 1166 1075 transitum
1185 1046 1344 1085 Apennini
1368 1046 1478 1077 conili-

143 1095 248 1125 ctatus
262 1092 447 1130 exercitus3
466 1095 498 1123 et
515 1092 568 1122 vix
587 1092 697 1132 quieto
711 1091 838 1131 agmine
855 1091 947 1122 nives
963 1091 1180 1122 eluctantibus
1197 1092 1301 1131 patuit
1319 1094 1479 1132 quantum

141 1140 342 1171 discriminis
362 1139 550 1170 adeundum
565 1140 669 1177 soret,
695 1138 728 1168 ni
745 1137 912 1169 Vitellium
938 1140 1025 1169 retro
1049 1138 1177 1169 fortuna
1204 1139 1377 1178 vertisset,
1406 1149 1481 1181 quae

142 1187 306 1218 Flavianis
324 1187 463 1217 ducibus
479 1195 541 1216 non
561 1187 667 1217 minus
689 1193 775 1224 saepe
790 1193 887 1225 quam
910 1185 993 1216 ratio
1017 1184 1123 1216 assuit.
1143 1185 1278 1216 obvium
1302 1186 1366 1217 illic
1391 1186 1481 1218 Petil-

141 1233 220 1265 lium
235 1234 390 1266 Cerialem
408 1233 548 1264 habuere
560 1258 568 1272 ,
588 1232 702 1273 agresti
715 1232 804 1263 cultu
823 1235 855 1263 et
872 1232 987 1263 notitia
1007 1232 1151 1263 locorum
1167 1233 1334 1264 custodias
1357 1234 1479 1266 Vitellii

142 1282 298 1322 elapsum.
324 1281 505 1321 propinqua
525 1280 665 1311 affinitas
689 1279 803 1311 Ceriali
827 1288 901 1310 cum
924 1280 1143 1319 Vespasiano,
1160 1289 1218 1311 nec
1235 1281 1301 1321 ipse
1326 1281 1480 1321 inglorius

141 1329 285 1368 militiam
305 1337 407 1368 eoque
424 1328 509 1358 inter
524 1327 624 1358 duces
637 1330 825 1367 assumptus
845 1328 904 1358 est.
923 1327 1032 1358 Flavio
1048 1336 1179 1367 quoque
1199 1327 1316 1358 Sabino
1329 1327 1340 1345 ²
1363 1336 1400 1359 ac
1415 1331 1480 1359 Do-

142 1376 279 1408 mitiano
298 1377 438 1416 patuisse
455 1375 612 1414 effugium
628 1375 724 1405 multi
741 1374 919 1411 tradidere;
938 1376 970 1405 et
986 1374 1077 1404 missi
1090 1374 1131 1404 ab
1148 1376 1287 1406 Antonio
1302 1375 1406 1406 nuntii
1423 1383 1481 1416 per

141 1424 250 1456 varias
263 1423 394 1454 saliendi
406 1425 491 1454 artes
505 1422 738 1462 penetrabant,
754 1422 864 1452 locum
879 1431 916 1452 ac
930 1421 1119 1462 praesidium
1141 1425 1368 1454 monstrantes.
1395 1422 1479 1454 Sabi·

142 1481 205 1504 nus
219 1471 394 1503 inhabilem
409 1470 511 1501 labori
528 1473 558 1501 et
573 1469 707 1501 audacia
734 1470 956 1500 valetudinem
979 1468 1191 1508 causabatur-3
1223 1470 1406 1501 Domitiano
1426 1470 1480 1501 ad-

142 1520 214 1552 erat
235 1520 381 1557 aniinus;
406 1519 461 1549 sed
479 1518 630 1549 custodes
655 1526 673 1548 a
691 1517 821 1548 Vitellio
843 1517 945 1548 additi
962 1541 970 1556 ‚
989 1525 1185 1556 quamquam
1213 1526 1247 1548 se
1272 1518 1377 1548 socios
1393 1517 1479 1557 fugae

141 1567 390 1609 promitterent,
406 1568 574 1606 tamquam
592 1565 783 1597 insidiantes
798 1564 1007 1595 timebantur.
1023 1567 1120 1603 atque
1144 1564 1212 1604 ipse
1235 1564 1382 1595 Vitellius
1398 1587 1407 1603 ‚
1431 1570 1479 1594 re-

141 1616 257 1656 spectu
276 1622 406 1645 suarum
428 1612 706 1644 necessitudinum
721 1611 747 1651 ³,
767 1611 844 1641 ninii
864 1611 895 1641 in
913 1611 1134 1641 Domitianum
1148 1614 1239 1641 atrox
1260 1610 1405 1649 parabat.

186 1666 249 1693 LX.
273 1666 377 1693 Duces
392 1660 533 1700 partium
546 1662 581 1691 ut
595 1659 745 1691 Carsulas
758 1667 888 1695 venere,
902 1666 1022 1697 paucos
1035 1656 1073 1687 ad
1090 1657 1234 1696 requiem
1250 1657 1318 1688 dies
1332 1660 1478 1700 sumunt,

140 1708 248 1740 donee
264 1709 382 1749 aquilae
407 1708 564 1747 signaque
582 1706 747 1746 legionum
765 1706 1030 1745 assequerentur.
1049 1708 1082 1737 et
1096 1704 1188 1735 locus
1209 1704 1277 1744 ipse
1300 1707 1478 1738 castrorum

142 1756 315 1796 placebat,
334 1757 397 1787 late
419 1756 630 1795 prospectans
647 1754 670 1793 ¹,
688 1756 761 1785 tuto
779 1754 947 1792 copiarum
973 1755 1103 1791 aggestu
1117 1778 1125 1791 ‚
1145 1752 1377 1783 florentissimis
1393 1762 1477 1794 pone

144 1804 270 1845 tergum
288 1804 486 1842 municipiis.
507 1803 604 1834 simul
619 1801 783 1840 colloquia
801 1809 877 1831 cum
892 1800 1074 1831 Vitellianis
1088 1800 1200 1831 decem
1219 1800 1354 1831 millium
1373 1802 1478 1841 spatio

144 1852 344 1884 distantibus
362 1853 394 1882 et
412 1852 554 1891 proditio
568 1849 770 1890 sperabatur.
786 1857 872 1887 aegre
890 1847 921 1878 id
941 1848 1006 1887 pati
1022 1848 1131 1887 miles,
1146 1849 1177 1878 et
1193 1847 1365 1879 victoriam
1383 1850 1478 1883 malle

145 1910 242 1943 quam
260 1909 383 1941 pacem.
403 1909 442 1931 ne
467 1908 542 1930 suas
567 1897 697 1937 quidem
722 1896 863 1936 legiones
881 1895 1144 1936 opperiebantur,
1164 1897 1199 1925 nt
1218 1895 1335 1935 praedae
1348 1895 1359 1912 2
1379 1905 1478 1936 quam

146 1950 367 1990 periculorum
385 1949 500 1979 socias.
523 1946 659 1976 vocatos
680 1944 719 1974 ad
739 1943 932 1974 concionem
951 1942 1108 1973 Antonius
1123 1942 1236 1973 docuit
1254 1955 1268 1969 «
1287 1951 1356 1974 esse
1373 1943 1478 1976 adhuc

147 2010 166 2026 «ι,
182 1998 311 2029 Vitellio
330 1997 414 2028 vires
426 2020 434 2034 ,
450 1994 620 2033 ambiguas
633 2016 642 2031 ‚
660 1992 687 2024 si
702 1991 939 2029 deliberarent,
960 1999 1068 2029 acres,
1087 1991 1113 2021 si
1131 1990 1368 2030 desperassent.
1386 1991 1478 2023 initia

148 2057 164 2071 α
181 2045 340 2077 bellorum
361 2044 507 2076 civilium
524 2043 664 2073 fortunae
678 2039 896 2081 permittenda
912 2048 919 2069 t
937 2039 1105 2070 victoriam
1120 2048 1138 2069 a
1151 2037 1293 2069 consiliis
1306 2040 1338 2070 et
1354 2037 1477 2069 ratione

150 2106 166 2120 ι(
182 2094 353 2134 proticisci.
377 2094 442 2132 jam
465 2091 679 2122 Misenensem
704 2089 840 2120 classem
861 2089 896 2118 et
913 2087 1163 2127 pulcherrimam
1187 2085 1370 2125 Campaniae
1384 2093 1476 2117 oram

147 2154 163 2168 ι(
182 2141 373 2181 descivisse3
390 2149 449 2171 nec
466 2140 540 2180 plus
555 2147 571 2170 e
587 2139 658 2170 toto
675 2138 836 2169 terrarum
853 2135 931 2167 orbe
945 2134 1106 2175 reliquum
1122 2133 1253 2165 Vitellio
1270 2141 1368 2173 quam
1386 2132 1473 2173 quod

147 2291 176 2297 --
187 2283 209 2303 2.
223 2278 348 2302 Imitatio.
364 2289 391 2293 —
402 2281 422 2299 5.
438 2274 518 2305 Quasi
530 2274 612 2302 dieas,
628 2271 813 2303 principatum
830 2270 888 2293 sine
905 2268 1038 2297 Principe.
1053 2267 1096 2291 sic
1109 2266 1178 2296 apud
1192 2266 1317 2290 Plautum
1331 2266 1427 2297 aliquis
1443 2271 1473 2292 se

149 2314 258 2340 oculum
273 2313 351 2336 alteri
366 2316 542 2335 excussurum
553 2310 592 2333 sic
603 2308 738 2331 minatur:
754 2306 872 2330 Faciam
884 2305 920 2328 ut
931 2303 1009 2328 oculi
1024 2303 1102 2327 locus
1115 2302 1302 2332 supersim—⁴.
1319 2302 1370 2326 Pro
1380 2320 1386 2331 ,
1403 2301 1471 2332 quin

148 2349 277 2376 eliceret;
291 2348 413 2378 pendens
426 2352 457 2369 ex
473 2346 585 2369 deerat.

178 2385 246 2410 LIX.
261 2390 283 2409 i.
298 2384 337 2408 Ad
352 2383 546 2412 Vespasianum
561 2380 704 2407 deficiens;
720 2384 745 2402 v.
757 2382 851 2402 57.—2.
867 2375 1023 2406 vespasiani
1038 2373 1179 2399 fratri.—3.
1192 2374 1424 2404 Propinquorum.

178 2421 231 2447 Lx.
245 2426 266 2446 ι.
277 2419 353 2445 Unde
369 2418 423 2443 late
437 2417 549 2448 patebat
561 2416 786 2446 prospectus.—2.
796 2414 838 2439 Sc.
853 2412 951 2443 potius.
960 2410 1038 2437 Coni.
1053 2412 1087 2435 ad
1100 2410 1178 2435 Arm.
1195 2410 1216 2439 Ι,
1230 2414 1270 2435 58.
