1539 2668
93 115 152 145 558
491 111 624 140 TAcrrl
645 110 858 139 ANNAJJUM
880 111 950 139 Lm.
961 86 963 88 ’
974 111 1028 139 xr.

86 189 198 229 aperte
214 187 368 218 fremere:
396 197 412 213 α
429 184 508 216 dum
524 185 637 216 histrio
651 185 657 202 ¹
679 184 866 216 cubiculum
883 184 1039 224 Principis
1055 183 1266 216 exsultaverit
1278 184 1290 202 ²
1302 208 1310 224 ‚
1324 184 1420 218 dede-

90 250 107 264 «ι
123 243 179 266 cus
203 233 334 273 quidem
361 231 506 271 illatum,
534 231 591 263 sed
616 232 791 263 discidium
814 233 926 272 procul
951 232 1095 263 abfuisse
1122 241 1130 262 ε
1153 240 1241 263 nunc
1263 232 1417 271 juvenem

89 295 105 310 «
124 281 263 313 nobilem
276 304 284 320 ‚
302 280 458 319 dignitate
474 280 586 310 formae
599 304 607 318 ‚
626 280 656 310 vi
674 278 792 310 mentis
806 287 843 310 ac
859 279 1043 319 propinquo
1058 279 1228 309 consulatu
1239 303 1247 318 ‚
1262 279 1418 319 majorem

89 342 106 357 «
120 328 161 360 ad
174 336 263 368 spem
277 326 401 367 accingi
420 335 428 356 ι
444 335 503 358 nec
520 326 607 357 enim
625 326 791 357 occultum
808 326 884 366 quid
900 327 972 366 post
991 326 1051 356 tale
1068 325 1310 357 matrimonium
1324 334 1417 367 supe·

89 389 106 404 «
124 378 265 407 resset.»
284 374 418 405 Subibat
441 374 509 404 sine
534 373 634 404 dubio
663 374 768 405 metus
790 374 977 413 reputantes
1002 373 1150 404 hebetem
1172 373 1360 405 Claudium
1383 373 1419 404 et

86 424 192 455 uxori
206 421 415 459 devinctum,
432 421 634 459 multasque
649 422 775 451 ‘mortes
782 420 885 460 J'ussu
905 421 1043 452 Messala·
1049 429 1101 451 noe
1110 422 1292 460 patratas.
1307 428 1420 452 rursus

86 469 158 510 ipsa
175 469 312 500 facilitas
330 468 538 508 Imperatoris
555 468 706 498 fiduciam
724 467 837 506 dabat,
865 469 894 499 si
918 469 1100 499 atroeilale
1112 467 1123 485 ³
1148 469 1309 498 criminis
1327 475 1421 507 prce-

86 516 293 555 valuissent‚
305 524 402 556 posse
413 516 559 554 opprimi
573 514 780 546 damnatam
793 514 875 546 ante
886 523 992 555 quam
1004 523 1115 545 ream.
1131 514 1237 545 sedin
1250 523 1285 545 eo
1300 514 1423 546 discri-

86 571 165 594 men
179 565 278 603 verti,
290 565 320 594 si
334 561 487 601 defensio
504 561 702 601 audiretur,
713 563 820 603 utque
831 562 962 593 clazcsoe
974 570 1077 593 altres
1091 564 1199 593 etiam
1212 560 1392 602 confitente
1407 559 1417 578 ⁴

82 608 213 649 forent.

128 660 234 688 XXIX.
260 659 305 688 Ac
320 656 425 697 primo
442 656 601 695 Callistus,
614 655 681 695 ⁴iam
699 656 775 687 mihi
792 656 876 687 circa
894 664 1004 686 necem
1024 655 1091 687 Caii
1108 655 1242 687 Caesaris
1257 655 1421 695 narratus,

83 706 119 735 >et
134 703 289 744 Appianae
307 703 407 735 caedis
422 703 429 721 ¹
450 704 582 735 molitor
598 704 784 743 Narcissus,
809 702 1143 742 flagrantissimaqne²
1172 712 1210 734 eo
1224 703 1257 733 in
1274 704 1420 742 tempore

86 752 190 792 gratia
215 752 317 783 Pallas
341 752 501 791 agitavere
519 776 527 790 ‚
552 760 636 783 num
661 751 886 783 Messalinam
911 753 1048 782 seeretis
1079 752 1179 781 minis
1206 749 1422 790 depellerent

89 806 207 830 amore
220 799 309 837 Silii,
324 801 452 830 cuneta
471 799 545 830 alia
562 798 820 830 dissimulantes
836 808 843 827 :
858 797 976 829 deinde
992 799 1097 836 metu,
1122 806 1163 829 ne
1188 797 1226 828 ad
1246 796 1420 837 perniciem

89 846 175 877 ultro
190 846 405 884 traherentur,
430 845 602 884 desistunt,
622 846 726 876 Pallas
740 854 796 885 per
809 845 984 884 ignaviam,
1001 845 1149 876 Callistus
1161 844 1277 884 prioris
1290 850 1422 883 quoque

89 893 185 932 regiae
204 894 345 932 peritus,
364 894 396 924 et
411 892 422 910 ³
440 893 618 933 potentiam
634 893 738 924 cautis
754 901 851 932 quam
872 892 1001 923 acribus
1018 892 1159 923 consiliis
1179 892 1281 922 tutius
1298 889 1420 921 haberi.

89 940 235 971 Perstitit
255 940 425 971 Narcissus
439 964 447 979 ,
471 943 507 970 ut
529 940 633 971 solum
656 940 689 970 id
706 940 903 978 immutans,
928 948 968 970 ne
989 948 1052 979 quo
1076 947 1224 970 sermone
1251 936 1421 979 praesciam

90 986 235 1018 criminis
249 988 282 1017 et
298 986 495 1017 accusatoris
521 987 662 1026 faceret,
679 987 749 1027 ipse
776 986 814 1017 ad
832 988 1019 1017 occasiones
1040 986 1201 1025 intentus,
1218 986 1313 1025 longa
1335 982 1422 1024 apud

90 1034 214 1064 Ostiam
235 1033 368 1065 Caesaris
385 1043 494 1073 mora,
513 1033 594 1064 duas
609 1034 737 1073 pellices
753 1033 921 1073 largitione
936 1041 972 1063 ac
988 1032 1157 1072 promissis
1173 1056 1182 1072 ‚
1200 1033 1232 1063 et
1249 1040 1349 1062 uxore
1371 1030 1425 1061 de-

88 1081 172 1120 iecta
192 1081 264 1121 plus
281 1082 434 1121 potentiae
451 1082 658 1119 ostentando,
674 1080 835 1121 perpulit⁵
857 1079 1053 1110 delationem
1071 1079 1189 1110 subire.

132 1131 222 1159 XXX.
248 1128 327 1159 Exin
345 1128 514 1168 Calpurnia
530 1127 581 1167 (id
599 1128 703 1168 pellici
719 1127 878 1165 nomen),
897 1127 951 1157 uhi
967 1127 1080 1157 «latum
1098 1128 1269 1163 secretum,
1288 1124 1425 1156 Caesaris

89 1174 225 1213 genilius
237 1175 407 1215 provoluta
416 1176 571 1215 nupsisse
579 1175 806 1205 Messalinam
819 1175 899 1205 Silio
911 1174 1081 1204 exclamat.
1099 1173 1194 1203 simul
1209 1173 1425 1212 Cleopatram,

91 1229 164 1259 qua}
180 1221 266 1252 idem
283 1222 452 1262 opperiens
469 1221 613 1259 astabat,
630 1230 675 1252 (m
699 1223 946 1261 comperisset?
970 1221 1163 1259 interrogat,
1187 1221 1285 1259 atque
1301 1219 1354 1250 illa
1373 1228 1428 1250 an-

92 1271 210 1299 nuente
226 1271 306 1299 cieri
321 1270 525 1300 Narcissum
542 1268 694 1308 postulat.
710 1269 737 1299 is
757 1268 885 1298 veniam
900 1267 933 1297 in
947 1267 1146 1307 praeteritum
1161 1268 1288 1307 petens,
1307 1279 1322 1293 «ι
1338 1264 1425 1305 quod

94 1327 108 1339 <‹
126 1315 239 1355 Titios,
256 1316 391 1355 Vettios,
407 1315 550 1346 Plautios
572 1315 846 1346 dissimularisset
863 1315 893 1353 ¹,
919 1323 978 1345 nec
1001 1323 1087 1344 nunc
1107 1313 1264 1345 adulteria
1284 1312 1428 1352 objectu-

95 1374 110 1388 «
126 1371 198 1392 runi
215 1375 229 1388 η
249 1362 312 1401 ait,
341 1376 355 1389 «
373 1371 412 1393 ne
425 1362 435 1379 2
456 1363 607 1400 domum,
633 1362 763 1393 servitia
780 1364 812 1393 et
841 1363 965 1393 ceteros
987 1361 1128 1392 fortunae
1156 1359 1310 1401 paratus³
1337 1367 1428 1398 repo-

94 1419 110 1433 «
126 1411 238 1439 sceret.
272 1409 432 1440 frueretur
458 1409 524 1439 imo
547 1408 595 1439 his
611 1418 618 1438 :
634 1411 666 1439 et
696 1408 844 1439 redderet
868 1417 1001 1439 uxorem
1019 1432 1027 1447 ‚
1053 1408 1284 1447 rumperetque
1299 1405 1427 1437 tabulas

94 1464 111 1478 «
127 1455 297 1494 nuptiales⁴
325 1465 363 1486 an
387 1455 582 1493 discidium,
601 1468 615 1481 »
639 1455 746 1494 inquit
762 1479 770 1493 ‚
800 1467 815 1480 a
830 1455 924 1486 tuum
946 1455 1055 1485 nosti?
1080 1463 1154 1484 nam
1179 1452 1427 1484 matrimonium

94 1510 111 1524 «
126 1501 192 1532 Silii
210 1501 291 1533 vidit
310 1502 450 1543 populus
467 1504 499 1533 et
521 1503 651 1532 senatus
668 1504 700 1533 et
715 1501 807 1533 miles
824 1511 831 1531 :
851 1511 888 1533 ac
905 1502 936 1532 ni
953 1510 1088 1542 propere
1106 1501 1171 1541 agis
1182 1525 1191 1541 ‚
1206 1502 1296 1531 tenet
1309 1499 1430 1531 Urbem

95 1548 271 1580 «maritus.
290 1562 304 1576 υ

137 1599 244 1627 XXXI.
269 1598 352 1627 Tum
367 1595 576 1635 potissimum
592 1594 771 1626 amicornm
788 1597 897 1633 vocat,
918 1595 1128 1634 primumque
1142 1594 1189 1625 rei
1210 1593 1431 1625 frumentariae

95 1642 284 1682 praesectum
305 1642 500 1673 Turranium
513 1665 522 1681 ‚
542 1643 618 1682 post
642 1641 776 1672 Lusium
794 1644 905 1672 Getam
930 1641 1135 1681 praetorianis
1151 1641 1341 1681 impositum
1357 1649 1432 1680 per-

98 1691 282 1721 cunctatur.
298 1691 371 1729 quis
385 1688 574 1727 fatentibus,
592 1688 740 1719 certatim
752 1688 849 1719 ceteri
867 1689 1151 1728 circumstrepunt,
1167 1689 1236 1718 ‘e'rel
1248 1689 1283 1718 ¹in
1297 1688 1429 1724 castra,

86 1735 259 1776 firmaret
274 1738 461 1776 prcetorias
477 1735 630 1767 cohortes
643 1760 651 1774 ,
669 1737 854 1767 securitati
879 1737 960 1766 (mle
976 1743 1082 1775 quam
1105 1733 1265 1766 vindicem
1282 1734 1433 1765 eonsule-

98 1785 162 1815 rel.
180 1783 259 1814 satis
273 1785 400 1814 constat
413 1792 450 1814 eo
467 1791 585 1822 pavore
599 1783 742 1813 ot'l'usum
758 1783 928 1814 Claudium
942 1807 950 1821 ,
969 1784 1004 1813 ut
1019 1782 1197 1813 identidem
1218 1782 1434 1821 interrogaret

99 1838 146 1861 (ιη
162 1832 235 1870 ipse
254 1832 391 1869 imperii
406 1832 528 1869 potens
543 1832 559 1860 Ρ
579 1838 625 1860 (ιη
648 1830 752 1860 Silius
770 1831 931 1870 priralns
948 1831 1061 1859 esset.»
1086 1831 1127 1859 At
1151 1828 1341 1867 Messalina,
1366 1837 1433 1859 non

99 1877 177 1907 alias
197 1877 332 1908 solutior
350 1876 429 1907 luxu
442 1900 450 1915 ‚
468 1875 579 1906 adulto
597 1878 772 1906 auctumno
798 1876 1008 1906 simulacrum
1028 1875 1200 1907 vindemiae
1218 1884 1274 1915 per
1297 1875 1432 1906 domum

100 1923 293 1954 celebrabat.
311 1923 418 1962 urgeri
438 1923 545 1963 prela,
563 1923 661 1953 ssuere
683 1922 792 1961 lacus3
811 1924 842 1953 et
867 1922 996 1953 feminae
1014 1923 1149 1962 pellibus
1167 1923 1320 1954 accinctae
1336 1922 1434 1954 assul-

99 1970 213 2002 tabant
230 1972 267 2003 ut
282 1970 501 2002 sacrificantes
522 1969 575 2001 vel
590 1969 787 2001 insanientes
811 1970 944 2000 Bacchae
958 1980 967 2009 3
989 1969 1061 2009 ipsa
1078 1970 1165 2001 crine
1181 1969 1270 2000 ssuxo
1284 1969 1433 2010 thyrsum

131 2088 251 2113 XXVIII.
268 2093 289 2111 ι.
311 2087 431 2110 Mnester
461 2087 650 2115 pantomimus.
671 2099 701 2104 —
718 2091 742 2110 2.
762 2085 947 2114 Infamaverst,
974 2091 1035 2109 cum
1074 2085 1236 2114 imitatione,
1266 2086 1296 2108 ut
1317 2085 1434 2114 videtur,

99 2124 184 2154 graeci
204 2123 280 2146 verbi
291 2118 479 2157 ἐξορχεῖσθαι
494 2122 621 2150 positum.
637 2134 665 2139 --
679 2127 700 2145 5.
713 2121 753 2145 Ob
767 2121 947 2144 atrocitatem.
958 2133 987 2136 —
1000 2125 1022 2144 4.
1036 2121 1079 2144 Sc.
1093 2120 1236 2144 Messalina
1251 2126 1256 2142 z
1278 2119 1335 2143 fieri
1356 2126 1435 2149 posse

104 2161 135 2184 ut
146 2165 194 2188 per
209 2164 269 2181 cam
280 2157 466 2181 defensionem
481 2157 660 2181 occluduntur
671 2157 846 2186 Imperatoris
857 2162 936 2180 aures
948 2155 1148 2181 accusantibus.
1162 2155 1205 2179 vel
1220 2155 1368 2179 confitente
1379 2160 1436 2180 rea.

134 2194 232 2219 XXIX.
260 2198 279 2216 ι.
305 2193 425 2216 Narratae
439 2198 453 2215 a
467 2193 598 2216 Suetonio
611 2198 634 2216 c.
649 2197 678 2216 29
698 2194 725 2216 et
747 2197 782 2216 57.
805 2192 881 2221 Apud
898 2191 1022 2214 Tacitum
1046 2191 1155 2214 excidit.
1167 2203 1194 2206 —
1207 2196 1229 2214 2.
1252 2190 1436 2219 vividissima,

105 2229 299 2255 florentissima
324 2228 406 2257 (apud
421 2228 580 2257 Claudium).
595 2241 623 2245 —-
636 2233 660 2252 3.
672 2229 713 2252 Sc.
732 2229 828 2256 sciam,
844 2234 875 2251 ex
889 2227 1063 2256 praecedente
1077 2227 1197 2255 peritus.
1210 2226 1323 2250 prioris
1337 2226 1433 2255 reqiae,

106 2264 167 2289 scil.
180 2263 318 2293 Caligulae.
330 2275 359 2279 —
372 2267 396 2286 4,
427 2263 551 2287 Debehat
572 2264 748 2294 perpelleret
763 2263 864 2292 dicere,
888 2261 923 2287 ob
937 2264 973 2286 ut
994 2262 1160 2292 praecedens‚
1174 2261 1223 2285 sed
1236 2261 1271 2285 ob
1292 2261 1437 2290 interjecta

104 2301 215 2326 Tacitus
227 2298 342 2322 mutavit
353 2299 593 2322 constructionem.

137 2334 221 2359 XXX.
235 2340 254 2358 i.
266 2334 296 2357 Ei
312 2339 367 2357 non
379 2333 540 2359 indicasset:
553 2334 626 2359 cont.
640 2333 710 2359 intra
725 2339 748 2359 c.
761 2340 800 2364 55,
826 2338 864 2359 se.
877 2345 907 2353 -
919 2339 944 2358 2.
966 2333 1009 2360 Ne
1021 2339 1072 2363 pro
1091 2333 1208 2363 nedum,
1225 2333 1332 2357 tantum
1343 2331 1440 2357 abesse

107 2370 148 2394 ut.
165 2383 193 2387 -
206 2375 227 2394 5.
241 2368 305 2394 Silio
319 2375 334 2393 a
346 2368 487 2393 Messalina
500 2368 587 2394 datos.
