1539 2668
147 179 209 211 352
502 174 636 205 'raeiri
658 172 937 203 HISTomumM
959 173 1034 203 un.
1058 174 1114 203 111.

184 253 303 285 XXXV.
327 250 477 281 Ceterum
491 246 629 278 assidere
643 245 779 285 sepultae
795 243 904 276 urbis¹
925 244 1028 277 ruinis
1043 244 1141 276 noxia
1157 244 1233 277 tabo
1245 245 1365 279 humus
1379 247 1467 281 haud

144 299 200 333 diu
222 296 378 339 permisit.
396 295 436 327 ad
452 294 583 326 tertium
600 291 740 332 lapidem
757 291 917 333 progressi
933 301 1033 332 vagos
1051 294 1265 333 paventesque
1281 293 1466 327 Vitellianos

143 355 203 380 sua
217 353 379 387 quemque
393 342 478 383 apud
493 342 584 381 signa
598 341 810 380 componunt.
830 341 863 370 et
880 338 976 370 victae
991 339 1133 379 legiones
1147 348 1187 371 ne
1200 343 1349 373 manente
1362 341 1467 373 adhuc

144 394 230 428 civili
246 392 330 424 bello
344 390 492 429 ambigue
506 389 653 427 agerent,
677 395 734 427 per
756 385 918 426 Illyricum
942 386 1109 427 dispersae.
1127 387 1160 418 in
1182 388 1377 420 Britanniam
1394 389 1469 421 inde

144 443 178 476 et
193 439 360 481 Hispanias
373 436 507 469 nuntios
520 435 722 474 famamque,
737 433 770 464 in
788 433 921 465 Galliam
935 433 1055 465 Julium
1069 435 1223 466 Calenum
1242 435 1422 476 tribunum,
1435 435 1470 468 in

145 487 347 523 Germaniam
363 483 529 524 Alpinium
548 480 758 513 Montanum²
777 481 967 521 praesectum
987 481 1129 513 cohortis
1141 506 1150 521 ‚
1169 482 1255 522 qnod
1273 482 1327 514 liic
1343 483 1470 524 Trevir,

145 536 281 570 Calenus
295 533 421 571 miuus,
433 532 567 570 uterque
580 528 740 560 Vitelliani
758 528 901 567 ruerant,
921 529 1064 560 ostentui
1080 528 1091 547 ³
1110 529 1236 560 misere.
1252 529 1349 560 simul
1362 532 1470 562 trans-

144 585 211 617 itus
228 581 356 622 Alpium
370 577 529 619 praesidiis
543 576 704 617 occupati,
719 579 871 616 suspecta
883 576 1062 616 Germania,
1078 577 1246 616 tamquam
1267 577 1301 607 in
1315 578 1472 609 auxilium

144 629 262 665 Vitellii
278 627 512 666 accingeretur.

186 679 320 710 XXXVI.
344 676 384 705 At
400 672 550 704 Vitellius
567 670 713 711 profecto
730 670 875 709 Caecina,
895 679 998 710 quum
1016 670 1152 701 Fabium
1169 672 1339 703 Valentem
1359 671 1472 712 paucis

144 724 219 767 post
235 722 350 755 diebus
366 720 407 752 ad
424 719 547 751 bellum
564 718 766 758 impulisset,
784 717 872 748 curis
888 717 1003 748 luxum
1020 716 1217 748 obtendebat
1232 719 1253 749 ¹.
1273 728 1336 749 non
1360 727 1474 758 parare

145 780 245 809 arma,
259 779 323 801 non
339 768 477 808 alloquio
491 765 712 805 exercitioque
726 765 865 796 militem
880 764 1020 804 firmare,
1037 774 1101 796 non
1118 765 1151 796 in
1165 774 1220 796 ore
1233 764 1244 782 ²
1264 765 1349 805 vulgi
1362 774 1474 806 agere;

145 819 201 851 sed
219 815 419 849 umbraculis
436 815 607 846 hortorum
632 813 781 853 abditus,
802 814 839 844 ut
857 812 973 852 ignava
990 812 1159 852 animalia,
1186 812 1305 852 quibus
1324 812 1350 844 si
1366 813 1475 844 cibum

146 873 298 905 suggeras
311 888 319 904 ,
333 863 439 903 jacent
458 864 651 901 torpentque
663 884 671 899 ,
691 860 856 900 praeterita
868 884 876 898 ‚
897 859 1071 899 instantia,
1095 859 1204 890 sutura
1227 860 1292 899 pari
1313 859 1475 892 oblivione

147 912 323 947 dimiserat.
340 912 437 950 atque
454 908 544 939 illum
562 908 594 938 in
608 916 740 938 nemore
753 906 887 938 Aricino
900 906 1044 937 desidem
1066 909 1097 937 et
1118 909 1317 937 marcentem
1336 906 1476 946 proditio

145 959 261 993 Lucilii
281 957 371 990 Bassi
394 965 431 987 ac
455 954 597 986 desectio
616 954 727 985 classis
748 953 946 985 Ravennatis
965 953 1114 994 perculit.
1146 962 1205 984 nec
1224 954 1328 984 multo
1348 956 1419 994 post
1435 954 1476 986 de

146 1007 271 1041 Caecina
287 1004 421 1036 affertur
436 1002 556 1033 mixtus
571 1001 688 1038 gaudio
705 1001 809 1039 dolor,
825 1004 856 1032 et
869 1000 1042 1032 descivisse
1055 1004 1086 1031 et
1100 1000 1140 1031 ab
1153 1001 1296 1032 exercitu
1316 1001 1473 1032 vinctum.

146 1055 221 1095 plus
236 1052 325 1093 apsd
337 1049 506 1082 socordem
522 1048 668 1079 animum
691 1047 807 1078 laetitia
828 1056 925 1086 quam
940 1056 1018 1078 cura
1033 1048 1146 1078 valuit.
1169 1048 1269 1078 multa
1283 1057 1358 1079 cum
1372 1048 1478 1080 exsul-

146 1102 269 1135 tatione
280 1101 312 1131 in
323 1098 441 1130 Urbem
456 1098 614 1133 revectuS,
633 1095 792 1134 frequenti
811 1095 967 1125 concione
975 1096 1147 1134 pietatem
1162 1095 1313 1126 militum
1327 1095 1477 1127 laudibus

147 1149 300 1181 cumulat.
314 1148 354 1177 P.
368 1144 531 1176 Sabinum
542 1143 704 1182 praetorii
714 1141 923 1181 praefectum
937 1140 976 1171 ob
989 1143 1181 1173 amicitiam
1197 1142 1340 1173 Caecz'noe
1352 1144 1477 1175 vinciri

144 1196 259 1237 jubet,
277 1191 453 1225 substituto
471 1190 503 1220 in
520 1189 629 1220 locum
645 1188 714 1226 ejus
733 1188 878 1228 Alplieno
894 1191 986 1218 Varo.

189 1244 340 1275 XXXVII.
364 1242 437 1270 Mox
453 1238 598 1268 senatum
616 1235 795 1275 composita
810 1235 842 1265 in
859 1234 1130 1274 magnificentiam
1144 1236 1289 1267 oratione
1303 1236 1476 1276 allocutus,

149 1288 319 1331 exquisitis
344 1287 476 1318 Patrum
501 1282 745 1314 adulationibus
771 1282 940 1313 attollitur.
970 1282 1097 1312 initium
1124 1283 1241 1313 atrocis
1267 1283 1297 1313 in
1315 1284 1476 1314 Caecinam

148 1335 316 1372 sententiae
335 1342 354 1364 a
374 1336 407 1364 L.
423 1330 553 1362 Vitellio
574 1329 719 1368 sactum3
737 1328 811 1359 dein
833 1328 930 1360 ceteri
950 1328 1129 1367 composita
1153 1329 1371 1369 indignatione
1386 1328 1479 1370 quod

149 1383 268 1419 consul
288 1378 556 1421 rempublicam,
575 1377 650 1408 dux
667 1377 912 1416 imperatorem
924 1399 933 1414 ,
949 1376 1058 1405 tantis
1075 1376 1206 1415 opibus,
1225 1379 1274 1408 tot
1292 1376 1477 1408 honoribus

149 1431 351 1464 cumulatus
366 1428 518 1458 amicum
537 1423 768 1465 prodidisset,
787 1423 877 1454 velut
894 1431 950 1462 pro
967 1422 1094 1454 Vitellio
1108 1427 1342 1464 conquerentes
1354 1449 1364 1463 ,
1380 1431 1476 1455 suum

151 1478 294 1511 dolorem
310 1476 315 1492 ¹
337 1472 554 1515 proferebant.
576 1471 664 1502 nulla
684 1471 716 1501 in
734 1470 878 1501 oratione
895 1469 1086 1509 cujusquam
1102 1479 1177 1510 erga
1193 1471 1362 1502 Flavianos
1377 1471 1476 1501 duces

150 1523 341 1560 obtrectatio
361 1532 368 1553 :
384 1528 536 1553 errorem
552 1517 893 1559 imprudentiamque
910 1519 1126 1549 exercituum
1143 1519 1309 1558 culpantes
1321 1542 1329 1557 ‚
1350 1522 1475 1558 Vespa-

151 1573 233 1606 siani
245 1579 363 1603 nomen
380 1567 528 1608 suspensi
543 1569 575 1598 et
591 1565 756 1596 vitabundi
774 1564 999 1596 circumibant.
1018 1573 1078 1595 nec
1093 1564 1195 1596 defuit
1211 1565 1266 1604 qui
1288 1575 1386 1596 tinum
1403 1574 1479 1596 con·

152 1622 276 1654 sulatus
303 1618 388 1649 diem
415 1615 465 1655 (is
482 1613 569 1646 enim
595 1612 628 1643 in
657 1613 760 1642 locum
785 1611 922 1643 Caecinae
944 1611 1130 1651 supererat)
1149 1620 1264 1650 magno
1286 1621 1358 1642 cum
1381 1611 1477 1643 irrisu

151 1665 324 1700 tribuentis
341 1660 594 1702 accipientisque
609 1658 838 1690 eblandiretur.
860 1657 961 1697 pridie
979 1657 1128 1688 kalendas
1144 1658 1339 1689 Novembres
1359 1658 1478 1690 Rosius

153 1713 291 1754 Regulus
307 1711 380 1742 iniit
395 1704 631 1749 ejuravitque2.
655 1705 853 1736 annotabant
869 1705 961 1745 periti
980 1713 1161 1745 nunquam
1176 1707 1281 1736 antea
1296 1714 1362 1737 ηοη
1380 1706 1477 1738 abro-

152 1764 232 1803 qato
246 1757 457 1799 maqistratu
475 1762 581 1794 neque
602 1753 671 1792 leqe
688 1753 764 1783 lata
779 1752 893 1783 alium
909 1750 1110 1791 suffectum.
1128 1760 1201 1782 nam
1217 1752 1330 1783 consul
1346 1761 1410 1783 uno
1426 1752 1478 1784 die

153 1812 184 1842 et
206 1808 282 1839 ante
298 1804 403 1836 suerat
423 1801 576 1834 Caninius
593 1799 725 1831 Rebilus
737 1799 747 1817 ³
769 1803 804 1831 C.
820 1800 947 1831 Caesare
963 1797 1141 1839 dictatore,
1160 1808 1262 1839 quum
1282 1799 1357 1830 belli
1372 1799 1478 1832 civilis

154 1854 287 1896 praemia
306 1850 545 1883 festinarentur.

194 1901 361 1934 XXXVIII.
385 1899 469 1930 Nota
488 1905 544 1936 per
560 1903 615 1926 eos
634 1894 702 1925 dies
716 1894 800 1926 Junii
817 1893 933 1925 Blaesi'
957 1902 1046 1925 mors
1063 1895 1095 1925 et
1120 1893 1242 1925 famosa
1260 1894 1338 1933 t'uit3
1358 1893 1398 1925 de
1414 1902 1478 1934 qua

153 1950 198 1981 sic
222 1947 416 1987 accepimus.
441 1942 531 1984 gravi
558 1942 701 1982 corporis
727 1941 841 1973 morbo
864 1950 947 1981 aeger
968 1940 1116 1972 Vitellius
1140 1941 1324 1973 Servilianis
1348 1940 1475 1972 hortis²

153 1996 270 2030 turrim
284 1993 394 2025 vicino
410 1993 506 2024 sitam
523 1990 680 2022 collucere
695 1998 751 2031 per
764 1992 892 2021 noctem
909 1988 1028 2020 crebris
1042 1988 1221 2020 luminibus
1237 1987 1475 2020 animadvertit.

184 2095 290 2119 XXXV.
305 2099 325 2117 ι.
343 2091 473 2117 Similiter
482 2090 620 2120 Sulpicius
631 2089 665 2113 ad
675 2089 835 2113 Ciceronem
848 2087 909 2117 (Ep.
925 2087 968 2116 IV,
980 2086 1013 2116 s).
1035 2087 1068 2111 de
1079 2086 1186 2110 Graeciae
1203 2085 1309 2114 oppidis
1325 2093 1341 2104 «ε
1358 2084 1475 2114 quodam

155 2133 279 2159 tempore
290 2127 497 2154 florentissimis,
515 2132 588 2150 nunc
601 2125 746 2155 prostratis
763 2126 792 2149 et
806 2123 902 2147 dirutis
918 2131 931 2142 υ
942 2122 1039 2146 scribit
1054 2128 1060 2145 :
1078 2121 1174 2153 Quum
1191 2126 1249 2144 uno
1265 2120 1326 2144 loco
1340 2120 1381 2143 tot
1394 2119 1476 2148 oppi—

156 2165 259 2188 dorum
270 2165 415 2188 cadavera
426 2162 556 2193 projecta
563 2161 691 2192 Jaceant.
711 2173 737 2177 —
758 2165 780 2183 2.
793 2159 874 2188 Cujus
889 2157 1022 2181 adventus
1041 2161 1069 2180 et
1083 2155 1201 2180 detectio
1221 2155 1292 2179 infra
1307 2154 1476 2183 narrabitur,

156 2201 195 2228 lV,
212 2205 305 2224 :aL-a.
322 2200 356 2224 Ut
369 2200 395 2223 in
407 2204 436 2222 se
450 2198 515 2228 ipsis
528 2197 705 2221 ostenderent
721 2195 838 2225 partium
849 2199 958 2217 suarum
973 2193 1083 2215 statum.

185 2236 304 2259 xxxvl.
335 2240 358 2259 ι.
382 2234 423 2259 Ad
447 2233 588 2258 abdendas
605 2237 684 2256 curas
701 2232 729 2255 et
747 2230 781 2255 ab
803 2235 833 2254 se
849 2227 1030 2254 removendas
1051 2227 1128 2251 luxui
1145 2225 1315 2255 indulgebat.
1329 2237 1357 2241 -
1369 2229 1390 2248 2.
1403 2225 1475 2249 Con·

156 2271 260 2299 spectu.

185 2305 317 2329 XXXVII.
335 2311 357 2329 ι.
374 2305 411 2329 Ex
423 2304 529 2334 injuriis
540 2304 649 2327 Caecinae
663 2301 789 2332 privatim
807 2301 835 2324 et
854 2299 964 2330 pub-lice
980 2299 1211 2327 conceptum-2.
1227 2295 1386 2324 Abdicavit;
1400 2300 1426 2319 v.
1439 2294 1474 2318 ad

158 2340 230 2364 Ann.
245 2339 318 2367 Xlll.
331 2346 368 2365 Η.
386 2353 413 2357 -—
427 2345 449 2363 ³.
465 2340 535 2363 Anni
549 2339 578 2363 U.
592 2343 646 2362 708.
660 2338 689 2361 ln
702 2343 760 2361 eam
773 2342 830 2360 rem
848 2334 934 2359 multa
950 2335 1016 2358 sunt
1032 2333 1145 2357 dicteria
1162 2331 1311 2361 Ciceronis,
1330 2330 1420 2360 Epist.
1435 2327 1475 2353 ad

152 2374 224 2405 sam.
243 2376 296 2404 Vll,
314 2381 350 2405 58,
370 2375 491 2400 Macron.
504 2375 622 2399 Saturn-
638 2374 670 2401 11,
685 2378 707 2400 a,
722 2373 788 2397 Plut.
805 2371 875 2396 Caes-
893 2376 918 2395 c.
929 2375 971 2394 κε.

184 2410 327 2436 xxxviii.
341 2416 361 2436 ι.
375 2410 414 2435 De
427 2417 480 2441 quo
493 2410 526 2440 11,
542 2414 639 2435 ism—2.
655 2410 684 2433 ln
698 2409 794 2439 quihus
807 2408 881 2433 Nero
898 2411 1006 2438 quoque
1019 2405 1120 2432 morari
1132 2404 1242 2434 solitus;
1257 2404 1339 2429 Ann.
1357 2400 1415 2430 XV.
1428 2403 1475 2428 5ΰὶ
