1539 2668
474 163 512 192 Δ.
534 163 574 193 U.
597 163 634 194 C.
659 163 733 194 815.
756 163 794 194 A.
819 163 856 195 C.
879 164 933 194 65.
1314 168 1375 199 263

53 234 147 268 simul
164 244 292 276 amore,
311 245 352 269 ne
367 237 427 269 sibi
445 237 538 270 unice
552 237 703 270 dilectam
717 237 757 270 ad
771 238 905 279 injurias
918 237 1124 279 relinqueret,
1146 240 1241 281 Vitoe,
1258 240 1375 283 inquit,

54 283 278 317 delinimenta
291 283 302 302 ²
321 287 596 317 monstraveram
613 285 686 325 tibi,
702 287 740 318 tu
753 288 876 318 mortis
889 285 992 318 decus
1004 288 1124 318 mavis.
1140 296 1206 319 non
1221 289 1377 322 invidebo

54 331 219 370 exemplo.
239 333 283 362 sit
303 331 406 371 hujus
434 334 507 364 tam
523 331 628 369 fortis
644 334 758 365 exitus
775 335 973 365 constantia
994 341 1100 374 penes
1116 336 1279 376 utrosque
1292 344 1375 377 par,

53 376 278 409 claritudinis
293 379 376 419 plus
390 381 423 411 in
443 381 500 411 tuo
511 378 596 419 fine.
615 382 689 420 post
711 389 784 420 quae
801 380 914 412 eodem
930 380 996 411 ictu
1013 380 1142 412 brachia
1167 381 1250 414 serro
1269 383 1376 415 exsol-

55 424 146 456 vunt.
162 428 280 457 Seneca
291 450 300 466 ‚
318 426 467 466 quoniam
484 426 584 458 senile
599 435 715 468 corpus
732 428 764 459 et
777 436 872 468 pareo
885 428 974 459 victu
999 430 1167 459 tenuatum
1192 429 1277 461 lenta
1292 430 1376 461 essu·

55 471 106 510 gia
137 472 282 513 sanguini
309 473 491 514 praebebat,
523 483 654 505 crurum
683 484 813 515 quoque
843 478 874 507 et
896 475 1057 516 poplitum
1082 483 1179 507 venas
1200 476 1375 517 abrumpit.

53 519 213 560 saevisque
234 520 432 552 cruciatibus
450 520 615 560 defessus,
637 530 677 552 ne
694 521 803 553 dolore
817 531 876 554 suo
894 523 1038 554 animum
1057 523 1167 554 uxoris
1190 523 1377 564 infringeret

53 566 149 605 atque
168 567 236 607 ipse
252 567 386 599 visendo
403 572 472 607 ejus
488 570 648 600 tormenta
663 569 703 600 ad
727 569 959 610 impatientiam
979 569 1190 610 delaberetur,
1212 570 1325 603 suadet
1342 573 1376 603 in

53 611 155 644 aliud
170 614 365 646 cubiculum
378 615 568 647 abscedere.
588 618 620 647 et
636 616 815 648 novissimo
832 626 960 657 quoque
977 620 1140 649 momento
1153 618 1377 658 suppeditante

50 658 248 700 eloquentia,
267 662 433 693 advocatis
449 662 662 703 scriptoribus
675 663 826 705 pleraque
839 664 992 704 tradidit,
1012 673 1084 705 quae
1101 664 1136 696 in
1154 665 1271 705 vulgus
1290 664 1376 697 edita

51 705 122 745 eJus
138 707 245 740 verbis
262 709 422 740 invertere
437 709 448 727 ³
467 710 671 750 supersedeo.

92 757 196 786 LX1V.
222 758 261 787 At
283 760 366 787 Nero
385 756 472 788 nullo
487 757 520 787 in
537 758 713 789 Paullinam
730 758 858 798 proprio
875 758 948 790 odio
960 782 969 799 ,
987 767 1024 790 ac
1041 767 1080 789 ne
1096 759 1240 799 glisceret
1256 758 1376 790 invidia

51 801 270 842 crudelitatis,
289 803 426 834 inhiberi
450 806 586 836 mortem
612 805 760 846 imperat.
779 806 983 837 hortantibus
1002 805 1160 837 militibus
1178 807 1263 838 servi
1285 806 1377 838 liber-

50 851 140 891 tique
153 852 295 892 obligant
311 853 444 884 brachia
456 878 464 893 ‚
480 855 631 894 premunt
649 855 836 894 sanguinem
848 879 857 894 ‚
883 855 1043 886 incertum
1065 864 1104 885 an
1122 855 1241 894 ignarae
1256 855 1278 885 ¹.
1299 864 1374 888 nam

49 900 87 931 ut
104 901 152 931 est
166 900 283 940 vulgus
299 901 338 932 ad
355 900 513 932 deteriora
527 903 712 941 promptum
727 926 735 941 ‚
765 911 829 932 non
847 901 975 932 defuere
992 901 1046 941 qui
1066 901 1251 941 crederent,
1270 902 1376 935 donec

52 947 310 986 implacabilem
332 949 502 980 Neronem
528 950 694 988 timuerit,
704 948 846 987 santam
865 950 1005 981 sociatoe
1021 957 1099 980 eum
1115 951 1240 980 marito
1254 950 1374 980 mortis

48 995 228 1035 petivisse,
255 995 380 1026 deinde
399 995 518 1028 oblata
533 997 668 1027 mitiore
682 1005 740 1036 spe
757 995 1002 1028 blandimentis
1022 998 1102 1027 vitre
1117 998 1265 1027 evictam
1286 1007 1296 1028 .-
1323 998 1375 1030 cui

48 1039 172 1072 addidit
195 1050 314 1082 pancos
330 1044 440 1082 postea
460 1052 579 1081 annos,
603 1043 754 1074 laudabili
776 1043 810 1074 in
835 1043 986 1074 maritum
1010 1044 1185 1082 memoria,
1206 1044 1238 1074 et
1261 1051 1316 1074 ore
1339 1051 1376 1074 ac

49 1087 202 1120 membris
217 1088 250 1119 in
273 1098 347 1121 eum
367 1090 519 1130 pallorem
547 1090 753 1129 albentibus,
778 1091 813 1121 ut
837 1090 979 1122 ostentui
1002 1093 1087 1122 esset
1113 1091 1251 1122 multum
1266 1090 1375 1123 vitalis

48 1134 180 1174 spiritus
197 1138 352 1176 egestum.
377 1139 493 1168 Seneca
509 1137 639 1169 interim
653 1160 661 1175 ,
686 1137 823 1169 durante
842 1138 948 1169 tractu
973 1139 1005 1169 et
1026 1137 1216 1169 lentitudine
1241 1137 1374 1177 mortis,

51 1181 189 1215 Statium
223 1186 378 1214 Annaeum
411 1184 466 1214 diu
494 1183 555 1215 sibi
580 1184 729 1215 amicitiae
762 1183 823 1215 fide
853 1184 885 1215 et
909 1185 977 1216 arte
1005 1184 1174 1215 medic-inae
1201 1184 1373 1224 probatum

49 1231 120 1261 orat
142 1231 323 1269 prouisum
346 1230 482 1270 pridem
511 1239 690 1269 venenum,
715 1239 778 1271 quo
807 1230 950 1261 damnati
975 1230 1106 1271 publico
1130 1230 1373 1262 Atheniensium

48 1276 167 1317 Judicio
183 1278 464 1317 exstinguerentur
480 1277 505 1317 ²,
520 1279 717 1318 promeret;
741 1277 937 1317 allatumque
963 1277 1071 1308 hausit
1087 1277 1204 1308 frustra
1215 1301 1223 1315 ,
1240 1277 1374 1316 frigidus

47 1325 113 1364 Jam
132 1324 219 1355 artus
231 1325 261 1355 et
279 1325 366 1356 cluso
377 1333 508 1365 corpore
522 1325 692 1355 adversum
707 1325 772 1355 vim
784 1325 910 1355 veneni.
924 1326 1086 1363 postremo
1101 1327 1247 1364 stagnum
1262 1323 1374 1355 calidae

50 1378 142 1411 aqua.³
162 1370 285 1402 introiit
298 1380 480 1411 respergens
495 1371 659 1412 proximos
673 1380 857 1409 servorum,
873 1370 981 1402 addita
1000 1380 1078 1402 voce
1093 1371 1200 1402 libare
1220 1379 1254 1402 se
1270 1371 1373 1411 liquo-

48 1426 120 1450 rem
135 1417 233 1449 illum
248 1419 325 1449 Jori
342 1418 520 1450 liberatori
535 1418 560 1449 ³.
583 1418 656 1450 exin
672 1418 783 1449 balneo
796 1418 805 1435 ⁴
826 1417 934 1448 illatus
951 1419 983 1449 et
996 1427 1114 1458 vapore
1128 1418 1196 1457 ejus
1211 1417 1372 1448 exanima-

47 1466 100 1496 tus
118 1464 185 1495 sine
202 1465 267 1496 ullo
284 1465 404 1496 funeris
417 1465 541 1496 solenni
564 1468 735 1496 crematur.
761 1466 806 1496 ita
826 1463 982 1495 codicillis
1000 1465 1255 1505 prrescripserat,
1271 1471 1371 1505 quum

48 1511 144 1543 etiam
161 1512 229 1543 tum
251 1512 408 1552 praedives
421 1513 452 1543 et
469 1513 653 1553 praepotens
673 1512 831 1553 supremis
848 1511 916 1543 suis
931 1512 1122 1543 consuleret.

88 1562 177 1589 LXV.
203 1563 299 1590 Fama
315 1559 377 1590 fuit
393 1559 544 1590 Subrium
561 1559 703 1590 Flavium
721 1568 795 1590 cum
820 1558 1063 1590 centurionibus
1076 1558 1204 1590 occulto
1217 1557 1348 1588 consilio
1361 1581 1370 1596 ‚

47 1613 153 1646 neque
166 1606 274 1636 tamen
293 1605 459 1645 ignorante
476 1609 594 1638 Seneca
610 1605 824 1637 destinavisse
838 1607 879 1637 ut
890 1607 970 1645 post
987 1607 1128 1637 occisum
1153 1613 1257 1644 opera
1275 1605 1369 1635 Piso-

46 1654 100 1685 nis
113 1653 283 1684 Neronem
301 1654 380 1684 Piso
396 1661 527 1693 quoque
543 1652 806 1692 interficeretur,
825 1652 1090 1693 tradereturque
1114 1653 1293 1691 imperium
1313 1653 1370 1682 Se-

44 1707 157 1739 necoe,
175 1702 275 1740 quasi
293 1699 481 1731 insontibus
500 1700 506 1717 ¹
527 1699 742 1732 claritudine
758 1701 927 1731 virtutum
943 1699 992 1731 ad
1007 1707 1177 1730 summum
1185 1698 1370 1738 fa.sti9i1cnz

51 1745 189 1778 delecto.
206 1746 284 1786 quin
307 1747 339 1778 et
354 1746 452 1777 verba
471 1746 571 1777 Flavii
588 1747 813 1786 vulgabantur,
831 1755 897 1778 non
912 1745 1044 1785 referre
1061 1745 1217 1776 dedecori
1236 1744 1262 1784 ²,
1285 1747 1312 1775 si
1327 1747 1369 1776 ci-

47 1792 226 1826 tharoedus
251 1793 490 1824 demoveretur
507 1795 540 1825 et
556 1793 732 1834 trayoedus
761 1793 972 1832 succederet,
989 1793 1063 1833 quia
1078 1795 1113 1823 ut
1129 1796 1211 1823 Nero
1229 1791 1349 1822 cithara
1361 1815 1370 1830 ,

46 1840 91 1871 ita
105 1840 178 1872 Piso
194 1840 316 1879 tragico
333 1842 448 1871 ornatu
465 1840 600 1872 canebat
616 1840 641 1858 ³·

87 1890 192 1918 val.
217 1888 366 1917 Ceterum
388 1886 535 1917 militaris
561 1895 690 1926 quoque
712 1886 909 1926 conspiratio
924 1894 988 1917 non
1009 1886 1093 1916 ultra
1112 1885 1242 1923 fefellit,
1262 1893 1370 1917 aceen-

45 1934 91 1966 sis
108 1933 269 1964 indicibus
287 1933 325 1964 ad
348 1932 550 1973 prodendum
576 1933 708 1964 Fenium
726 1933 844 1964 Rufum
857 1956 865 1972 ,
881 1941 974 1972 quem
992 1932 1129 1963 eundem
1155 1931 1320 1962 conscium
1338 1934 1371 1964 et

45 1980 270 2021 inquisitorem
291 1988 356 2011 non
374 1979 561 2010 tolerabant.
585 1983 664 2019 Ergo
682 1979 817 2010 instanti
839 1979 1064 2019 minitantique
1080 1978 1230 2009 renidens
1256 1978 1366 2008 Scaevi-

44 2036 106 2059 nus
123 2029 289 2059 neminem
311 2027 355 2058 ait
372 2027 484 2066 plura
503 2028 589 2058 scire
600 2035 704 2067 quam
718 2029 842 2067 ipsum,
860 2026 1071 2065 hortaturque
1086 2025 1190 2063 ultro,
1210 2024 1367 2056 redderet

46 2077 120 2107 tam
138 2074 220 2106 bono
236 2076 391 2114 Principi
407 2076 523 2105 vicem.
557 2083 620 2105 non
635 2083 698 2105 vox
714 2074 885 2105 adversum
903 2081 940 2105 ea
956 2073 1053 2104 Fenio
1067 2097 1074 2111 ,
1105 2081 1168 2102 non
1187 2071 1366 2109 silentium,

46 2122 101 2153 sed
118 2121 217 2153 verba
234 2130 291 2153 sua
308 2121 507 2161 praepediens
523 2124 555 2152 et
572 2122 701 2162 pavoris
726 2121 917 2152 manifestus
929 2144 937 2160 ,
964 2120 1159 2159 ceterisque,
1176 2127 1213 2149 ac
1226 2118 1367 2149 maxime

46 2169 197 2201 Cervario
210 2169 346 2200 Proculo
359 2168 489 2209 Equite‚
506 2167 546 2199 ad
562 2167 819 2200 convincendum
836 2176 909 2199 eum
926 2166 1090 2206 connixis,
1109 2165 1203 2205 jussu
1226 2168 1363 2205 Impera*

49 2251 191 2276 dolon—2.
204 2252 286 2276 veras
299 2252 521 2282 voluptates—³.
538 2252 609 2281 AliiS‚
628 2253 754 2276 nimirum
765 2251 832 2275 meis
845 2250 935 2275 verbis
946 2255 1065 2274 narrare.

76 2287 164 2310 LXIV.
181 2293 199 2310 ι.
213 2287 248 2311 Ut
261 2288 288 2311 in
302 2287 420 2317 deliquio
434 2288 530 2311 animae
544 2288 578 2312 ob
596 2288 732 2317 sanguinis
743 2287 942 2311 effluxum—2.
953 2285 1117 2310 Cicutam—
1127 2288 1152 2307 3.
1166 2283 1234 2306 Huic
1243 2281 1364 2306 Jovidis-

47 2322 148 2346 cessuri
164 2327 197 2346 ex
214 2323 338 2346 convivio
363 2322 484 2346 libabant
496 2323 590 2347 ultimo
612 2323 718 2353 poculo.
738 2322 813 2347 Conf,
836 2321 906 2346 infra
924 2321 995 2350 XVI,
1010 2326 1049 2344 35.
1066 2331 1094 2336 —
1105 2319 1191 2347 Sicco,
1206 2318 1236 2341 ut
1249 2316 1363 2345 videtur,

48 2357 120 2387 quod
134 2357 296 2380 Laconicum
311 2358 421 2381 dicitur.

46 2392 177 2451 -ξὶξὲᾰει
185 2391 247 2457 (ἑὲ)
258 2392 415 2451 ἐὲεοηῑὶῂυε
429 2393 543 2417 crimine
557 2393 635 2418 caedis
653 2393 756 2418 Neroni
775 2393 939 2423 parata—2.
956 2389 1027 2417 Nihil
1046 2390 1176 2415 interesse
1190 2387 1224 2412 ad
1237 2386 1362 2411 dedecus.
