1539 2668
91 123 132 152 92
470 123 601 152 TACITI
624 122 831 152 ANNALIUM
854 125 925 153 LIB.
951 125 1007 156 111.

93 195 296 228 consulatum
314 196 324 214 ⁴
350 196 379 228 ei
395 198 626 229 acceleraverat
642 198 819 237 Augustus,
836 199 873 230 ut
893 199 1071 231 Labeonem
1093 199 1277 237 Antistium,
1303 199 1415 231 iisdem

93 243 218 275 artibus
231 244 467 284 praecellentem
478 269 486 284 ,
512 244 694 284 dignatione
711 245 778 284 ejus
793 246 999 285 magistratus
1014 247 1132 278 antiret
1147 246 1158 264 ⁵
1179 256 1186 275 :
1209 254 1346 286 namque
1363 245 1416 276 illa

93 294 173 322 aetas
188 289 253 321 duo
271 291 358 330 pacis
374 291 489 322 decora
504 291 599 322 simul
616 291 702 323 tulit.
727 291 784 323 sed
803 293 906 324 Labeo
922 293 1107 333 incorrupta
1121 293 1267 324 libertate
1282 294 1315 324 et
1329 292 1370 323 ob
1383 291 1414 322 id

94 336 181 368 fama
204 338 414 369 celebratior:
434 338 596 378 Capitonis
620 338 808 378 obsequium
825 339 1066 372 dominantibus
1083 340 1183 380 magis
1212 339 1415 380 probabatur.

95 385 164 424 illi,
180 385 265 425 quod
281 386 454 425 praeturam
468 385 553 416 intra
566 385 671 424 stetit,
691 386 924 418 commendatio
938 396 976 419 ex
991 387 1127 428 injuria3
1143 387 1230 427 huic,
1245 385 1332 427 quod
1345 393 1420 417 con·

96 432 239 463 sulatum
256 431 393 472 adeptus
413 433 478 471 est,
501 432 611 462 odium
628 440 668 463 ex
684 432 803 464 invidia
818 434 992 465 oriebatur.

138 482 271 510 LXXVI.
297 480 335 510 Et
356 479 454 510 Junia
480 478 678 518 sexagesimo
706 481 819 519 quarto
842 483 915 520 post
942 480 1174 521 Philippensem
1191 480 1315 512 aciem¹
1337 486 1423 510 anno

97 534 288 566 supremum
307 526 393 557 diem
410 525 573 565 explevit,
592 528 709 557 Catone
726 528 886 558 avunculo
900 527 911 544 2
940 528 1043 567 genita
1056 552 1064 567 ‚
1090 532 1125 559 C.
1148 527 1247 559 Cassii
1262 535 1356 564 uxor,
1377 529 1419 556 M.

98 573 189 604 Bruti
207 581 309 603 soror.
326 574 553 603 testamentum
570 573 639 611 eJus
663 573 764 604 multo
788 575 872 614 apud
888 575 1020 614 vulgum
1046 584 1174 606 rumore
1197 574 1275 613 suit,
1299 573 1374 613 quia
1391 571 1422 602 in

98 619 225 659 magnis
241 619 371 660 opibus,
388 628 488 659 quum
503 619 603 650 ferme
620 622 751 651 cunctos
766 630 914 661 proceres
930 631 1004 653 cum
1029 622 1150 653 honore
1174 620 1423 657 nominavisset,

101 669 263 697 Caesarem
285 666 403 697 omisit.
437 665 524 706 quod
553 665 690 697 civiliter
718 670 904 708 acceptum,
934 677 1038 708 neque
1063 667 1229 708 prohibuit
1254 666 1426 706 quominus

101 713 287 744 laudatione
302 722 359 752 pro
376 713 488 743 rostris
504 713 683 752 ceterisque
703 715 888 746 solennibus
907 716 1004 747 funus
1017 714 1293 746 cohonestaretur.
1312 712 1426 751 viginti

101 759 352 791 clarissimarum
370 759 567 790 familiarum
591 760 744 799 imagines
759 762 905 793 antelatae
920 765 996 793 suut
1010 787 1017 801 ‚
1038 761 1167 799 Manlii,
1187 759 1328 800 Quinctii
1350 758 1427 789 alia-

101 816 166 847 que
182 807 327 847 ejusdem
348 806 526 837 nobilitatis
542 807 671 838 nomina
687 818 693 838 :
718 809 770 840 sed
792 810 1021 849 praefulgebant
1036 809 1163 841 Cassius
1182 810 1276 847 atque
1289 807 1406 838 Brutus
1418 827 1427 842 ,

100 861 140 885 eo
157 854 230 894 ipso
243 853 331 893 quod
345 853 464 893 effigies
480 862 590 884 eorum
604 863 668 885 non
684 856 868 887 visebantur
884 856 909 887 ³.

101 942 127 987 §-
142 932 169 987 ai
189 930 273 988 Quegn
288 930 370 959 gessit
383 935 454 953 anno
467 929 496 953 U.
512 934 563 953 7³9.
578 942 607 947 —-
617 936 638 953 5.
656 931 709 955 Sed
723 932 811 956 Labeo
824 932 945 956 oblatum
965 933 1136 956 consulatum
1150 937 1204 956 non
1219 929 1428 959 accepit-cons.

120 970 157 987 ue
175 970 222 988 on.
238 984 245 988 ,
262 970 305 993 ug.
323 970 345 987 c.
360 969 396 987 m,

133 1000 252 1023 Lxxw.
271 1005 289 1022 ι.
306 1000 361 1028 Qua
375 1005 445 1023 anno
459 1000 489 1023 U.
508 1004 551 1022 7¹2
562 1000 659 1024 Brutus
674 1004 701 1025 et
712 1003 818 1026 Cassius
835 1003 1001 1026 ceciderunt.
1016 1017 1042 1019 —-
1058 1008 1079 1026 2.
1095 1004 1131 1026 Ex
1143 1006 1236 1025 sorore
1249 1000 1357 1023 Catonis
1373 999 1431 1022 rti-

100 1036 199 1060 censis
210 1034 330 1059 Servilia.
344 1047 371 1052 —
385 1040 406 1058 5.
419 1035 485 1058 Nam
503 1037 622 1064 uersatus
633 1035 725 1061 honor
736 1039 860 1067 (alm-iam
878 1039 1011 1067 intendit,
1026 1039 1057 1062 ut
1069 1038 1177 1061 Tacitus
1194 1042 1253 1060 mox
1265 1041 1287 1059 c.
1299 1040 1336 1059 26.
