1539 2668
146 154 207 184 416
513 154 644 182 TACITI
666 154 943 183 HISTORIARUM
959 152 1035 182 Lm.
1059 154 1098 182 V.

145 230 187 260 ut
201 235 303 259 suam
319 229 453 268 ripam,
473 236 537 259 sua
555 230 674 259 castra
689 229 858 267 sanquine
877 228 1026 260 hostium
1043 231 1299 268 recuperarent.
1322 230 1456 261 alacrior

144 275 291 306 omnium
306 275 439 314 clamor,
457 276 529 314 quis
546 274 597 305 vel
612 283 629 306 e
646 275 740 313 longa
759 283 837 314 pace
853 275 957 315 proelii
975 274 1094 314 cupido
1108 275 1158 306 vel
1172 275 1262 306 sessis
1275 275 1356 307 bello
1370 277 1456 317 pacis

145 327 249 361 amor,
269 322 466 361 praemiaque
483 323 513 352 et
530 321 621 360 quies
636 321 669 352 in
686 326 849 361 posterum
864 322 1064 362 sperabatur.

186 372 280 400 XVII.
306 372 371 399 Nec
385 367 492 399 Civilis
507 368 656 398 silentem
673 369 794 399 struxit
809 369 907 400 aciem
921 394 929 408 ‚
946 369 1051 400 locum
1069 377 1183 409 pugnae
1198 369 1312 400 testem
1327 369 1457 401 virtutis

145 414 251 446 ciens:
266 428 281 442 «
294 417 377 446 stare
395 418 568 445 Germanos
584 417 784 455 Batavosque
798 425 893 456 super
905 416 1039 455 vestigia
1056 415 1176 455 gloriae,
1191 415 1311 447 cineres
1324 425 1457 456 ossaque

147 461 344 501 «legionum
370 461 540 491 calcantes.
565 470 760 502 quocunque
783 463 891 494 oculos
911 467 1074 494 Romanus
1098 463 1298 502 intenderet,
1324 464 1458 503 captivi-

146 520 163 535 κ
181 510 278 539 tatem
300 507 487 547 clademque
506 508 537 538 et
558 507 628 538 dira
653 509 784 540 omnia¹
805 509 979 541 obversari.
998 518 1038 540 ne
1057 511 1252 541 terrerentur
1273 510 1361 540 vario
1381 513 1458 541 Tre-

145 567 162 581 «
182 555 279 586 verici
304 554 406 594 proelii
431 557 559 585 eventu.
584 563 676 585 suam
701 555 765 586 illic
790 556 963 587 victoriam
985 556 1147 587 Germanis
1171 556 1356 594 obstitisse,
1380 555 1457 586 dum

146 614 162 628 α
181 602 311 632 omissis
323 601 392 632 telis
406 600 511 640 praeda
524 610 640 632 manus
654 601 837 642 impediunt
852 611 859 632 ι
876 602 932 633 sed
949 605 1066 633 cuncta
1077 611 1151 633 mox
1165 611 1315 643 prospera
1327 605 1359 634 et
1372 601 1459 633 hosti

144 661 160 675 ι
180 648 341 679 contraria
358 648 511 678 evenisse.
529 657 603 687 quae
616 648 779 687 provideri
796 650 869 679 astu
887 649 979 679 ducis
996 649 1191 688 oportuerit,
1209 650 1355 689 provisa,
1373 657 1458 680 cam-

144 706 160 721 «
180 703 238 735 pos
253 695 420 725 madentes
433 697 465 725 et
481 694 561 734 ipsis
573 703 687 734 gnaros
699 719 707 733 ,
723 695 856 734 paludes
872 695 1021 726 hostibus
1034 696 1157 726 noxias.
1173 696 1320 727 Rhenum
1339 697 1372 726 et
1385 699 1457 727 Ger-

145 754 163 768 «
180 742 296 773 mania:
310 742 385 772 deos
394 742 427 772 in
441 743 589 781 aspectu;
604 750 744 781 quorum
756 742 888 773 numine
898 744 1099 781 capesserent
1109 751 1260 782 pugnam,
1273 743 1458 782 conjugum,

145 799 161 815 κ
179 790 370 828 parentum,
393 788 505 828 patriae
528 797 698 820 memores.
715 789 807 820 illum
827 789 913 820 diem
934 791 989 820 aut
1009 789 1277 829 gloriosissimum
1294 789 1377 819 inter
1393 797 1459 819 ma-

143 846 162 862 «
176 836 262 875 jores
275 835 285 852 ²
307 838 362 866 aut
381 835 631 874 ignominiosum
652 836 738 876 apud
757 837 903 876 posteros
920 836 999 867 sore.
1017 849 1033 863 >›
1049 836 1104 867 ubi
1123 845 1202 867 sono
1218 844 1382 867 armorum
1404 835 1459 866 tri-

142 881 314 922 pudiisque
329 882 392 921 (ita
408 882 469 912 illis
483 881 592 921 111053)
610 883 786 922 approbata
803 884 879 914 sunt
895 882 980 913 dicta
991 907 999 921 ‚
1016 883 1101 913 saxis
1114 882 1345 922 glandibusque
1361 883 1393 914 et
1409 890 1458 914 ce·

142 929 221 959 teris
232 929 405 960 missilibus
417 929 564 968 proelium
574 928 739 969 incipitur,
752 939 854 969 neque
865 932 974 961 nostro
986 929 1084 960 milite
1094 929 1241 969 paludem
1251 929 1458 969 ingrediente,

142 977 176 1007 et
192 976 357 1007 Germanis
370 1000 378 1015 ,
395 978 432 1006 ut
447 975 602 1006 elicerent
614 976 639 1014 ⁴,
663 977 904 1008 lacessentibus.

185 1026 296 1054 XVIII.
317 1022 504 1062 Absumptis
527 1031 601 1062 quae
615 1023 792 1062 jaciuntur,
813 1026 843 1054 et
863 1023 1049 1054 ardescente
1066 1032 1170 1063 pugna
1184 1047 1192 1061 ,
1208 1032 1397 1062 procursum
1418 1022 1458 1054 ab

140 1070 236 1102 hoste
248 1069 407 1100 infestius.
424 1069 591 1099 immensis
607 1069 796 1109 corporibus
810 1072 843 1100 et
859 1070 1030 1109 praelongis
1047 1070 1148 1100 hastis
1160 1070 1336 1100 fluitantem
1354 1070 1457 1100 laban-

141 1119 273 1156 temque
286 1116 419 1146 militem
430 1115 552 1146 eminus
567 1115 746 1154 fodiebant;
762 1116 855 1146 simul
869 1124 886 1146 e
900 1116 982 1146 mole
993 1124 1089 1154 quam
1105 1116 1252 1147 eductam
1266 1116 1297 1146 in
1311 1116 1457 1147 Rhenum

140 1163 314 1194 retulimus
327 1163 350 1202 ¹,
367 1164 592 1192 Bructerorum
610 1171 732 1193 cuneus
749 1162 933 1193 tranatavit.
950 1162 1079 1194 turbata
1094 1163 1139 1193 ibi
1155 1172 1222 1202 res,
1236 1166 1267 1194 et
1283 1162 1459 1203 pellebatur

140 1209 302 1240 sociarum
321 1208 502 1240 cohortium
521 1208 605 1240 acies
618 1232 627 1247 ,
644 1218 745 1249 quum
764 1209 904 1248 legiones
921 1217 1060 1249 pugnam
1078 1210 1263 1249 excipiunt,
1279 1218 1460 1249 suppressa-

141 1265 205 1295 que
223 1256 365 1286 hostium
389 1255 507 1286 ferocia
530 1256 679 1295 proelium
703 1258 864 1295 aequatur.
887 1255 968 1287 inter
991 1264 1063 1295 qnae
1084 1257 1217 1296 perfuga
1232 1257 1368 1287 Batavus
1383 1255 1460 1287 adiit

141 1303 312 1341 Cerialem,
335 1304 433 1342 tcrqa
450 1302 599 1334 hostium
613 1302 624 1319 2
643 1303 855 1342 promittens,
872 1304 902 1334 si
919 1304 1070 1334 extremo
1083 1303 1222 1342 paludis
1239 1311 1336 1343 eques
1352 1304 1460 1334 milte-

140 1351 241 1381 retur
256 1361 266 1381 :
283 1350 431 1381 solidum
447 1349 547 1389 illst—³,
565 1352 597 1381 et
616 1352 800 1390 Guqernos,
815 1349 937 1390 quibus
951 1350 1105 1381 custodia
1120 1350 1318 1389 obvenisset,
1329 1357 1458 1390 parum

140 1398 301 1429 intentos.
329 1397 401 1428 duae
425 1397 484 1428 alae
506 1405 580 1427 cum
599 1397 732 1437 perfuga
756 1398 863 1428 missae
886 1397 1016 1428 incauto
1035 1397 1119 1427 hosti
1144 1397 1455 1428 circumfunduntur.

141 1444 229 1483 quod
251 1444 305 1475 ubi
326 1444 465 1474 clamore
483 1444 649 1483 cognitum
664 1468 673 1484 ,
691 1444 831 1483 legiones
849 1453 867 1475 a
885 1444 989 1475 fronte
1007 1443 1181 1475 incubuere
1195 1468 1202 1482 ‚
1221 1443 1369 1484 pulsique
1385 1446 1458 1474 Ger·

139 1492 228 1523 mani
242 1491 391 1522 Rhenum
407 1492 481 1530 suga
494 1492 655 1531 petebant.
675 1492 875 1523 debellatum
890 1500 928 1522 eo
947 1491 998 1521 die
1019 1491 1101 1522 soret
1113 1515 1121 1530 ,
1144 1492 1171 1522 si
1188 1495 1332 1522 Romana
1350 1490 1458 1521 classis

138 1539 231 1579 sequi
245 1540 451 1569 maturasset.
466 1547 506 1569 ne
519 1547 616 1578 eques
630 1539 761 1578 quidem
776 1538 910 1576 institit,
927 1540 1058 1577 repente
1076 1538 1153 1568 fusis
1167 1538 1324 1568 imbribus
1340 1540 1372 1568 et
1385 1546 1457 1577 pro-

138 1586 259 1626 pinqua
275 1588 379 1616 nocte.

182 1636 260 1663 XIX.
286 1634 416 1662 Postera
437 1631 488 1662 die
508 1631 751 1671 quartadecima
778 1631 859 1670 legio
882 1631 914 1661 in
931 1630 1128 1669 superiorem
1154 1630 1352 1670 provinciam
1370 1630 1455 1662 Gallo

140 1678 244 1710 Annio
262 1678 375 1715 missa;
394 1678 523 1709 Cerialis
546 1678 723 1709 exercitum
740 1677 878 1709 decuma
893 1686 932 1708 ex
949 1677 1102 1716 Hispania
1119 1678 1199 1716 legio
1216 1677 1387 1716 supplevit.
1406 1676 1455 1708 ci-

139 1725 195 1755 vili
221 1725 422 1756 Chaucorum
445 1725 563 1756 auxilia
588 1734 716 1756 venere.
745 1734 809 1755 non
834 1726 944 1756 tamen
969 1733 1065 1754 ausus
1087 1724 1239 1763 oppidum
1262 1726 1456 1754 Batavorum

139 1772 240 1802 armis
262 1772 344 1803 tueri
358 1795 366 1810 ,
390 1772 493 1811 raptis
519 1780 592 1811 quae
616 1772 690 1802 ferri
707 1772 872 1811 poterant,
891 1771 1003 1802 ceteris
1019 1771 1134 1810 inJecto
1158 1770 1243 1810 igni,
1265 1770 1300 1801 in
1317 1770 1455 1801 insulam

139 1819 320 1857 concessit,
342 1827 459 1858 gnarus
478 1818 586 1849 deesse
604 1827 701 1849 naves
718 1817 886 1849 efficiendo
901 1818 1011 1857 ponti,
1028 1826 1129 1857 neque
1146 1818 1320 1848 exercitum
1340 1821 1453 1848 Roma-

138 1873 217 1896 num
243 1866 335 1896 aliter
360 1865 638 1896 transmissurum.
669 1865 747 1905 quin
772 1868 804 1896 et
830 1865 932 1896 diruit
959 1865 1077 1896 molem
1103 1873 1120 1895 a
1144 1868 1248 1895 Druso
1270 1864 1455 1896 Germanico

136 1913 256 1943 factam
270 1914 294 1951 ¹,
312 1913 524 1952 Rhenumque
541 1921 643 1952 prono
657 1912 748 1943 alveo
766 1912 798 1943 in
816 1913 948 1944 Galliam
965 1913 1111 1943 ruentem
1122 1935 1130 1950 ,
1147 1911 1288 1950 disjectis
1303 1919 1375 1950 quae
1392 1919 1456 1942 mo-

135 1960 306 1999 rabantur,
321 1959 447 1990 effudit.
460 1960 507 1989 sic
520 1959 609 1990 velut
623 1959 737 1990 abacto
751 1968 857 1998 amne,
873 1959 979 1990 tenuis
992 1959 1103 1989 alveus
1116 1958 1256 1989 insulam
1275 1958 1359 1988 inter
1374 1961 1451 1989 Ger·

135 2013 315 2045 manosque
329 2006 562 2036 continentium
575 2008 730 2037 terrarum
745 2006 881 2046 speciem
895 2007 1024 2037 fecerat.
1034 2005 1188 2036 transiere
1196 2005 1343 2036 Rhenum
1352 2007 1452 2035 Tutor

136 2061 265 2092 quoque
283 2056 315 2083 et
332 2053 488 2083 Classicus
513 2055 544 2083 et
568 2054 698 2083 centum
721 2053 874 2084 tredecim
899 2057 1113 2084 Treverorum
1129 2053 1312 2090 senatores3
1332 2051 1364 2081 in
1381 2052 1452 2090 quis

135 2099 199 2129 fuit
214 2100 358 2139 Alpinius
375 2100 565 2138 Montanus,
584 2108 678 2139 quem
696 2108 713 2129 a
729 2100 836 2130 Primo
853 2099 990 2130 Antonio
1010 2099 1145 2130 missum
1164 2099 1195 2129 in
1221 2098 1336 2129 Gallias
1358 2105 1450 2136 supe-

135 2145 202 2177 rius
223 2146 513 2177 memoravimus2.
540 2146 755 2178 comitabatur
778 2155 852 2178 eum
879 2147 978 2177 frater
1001 2146 1154 2177 Decimus
1176 2144 1332 2184 Alpinius.
1353 2142 1450 2175 51111111

164 2275 243 2299 XVII.
258 2281 276 2298 1.
289 2276 359 2299 Nihil
369 2276 420 2299 nisi
431 2275 550 2300 dim—2.
566 2277 596 2300 In
607 2276 677 2300 fama
687 2295 692 2305 ,
703 2282 782 2306 quam
793 2276 908 2305 majores
918 2275 1036 2306 Ipsorum
1050 2275 1190 2299 consecuti
1203 2274 1333 2299 sint.-:'›.
1350 2275 1444 2300 Germ.

134 2315 159 2334 c.
172 2315 261 2334 n.—⁴.
274 2312 315 2333 Sc.
328 2312 461 2335 Romanos
474 2318 505 2335 ex
516 2318 563 2335 51111
575 2313 691 2336 statione
702 2313 728 2335 in
740 2312 875 2341 paludem.

165 2345 260 2369 XVIII.
273 2350 291 2368 1.
304 2346 386 2374 Supra
398 2352 421 2369 c.
433 2351 522 2370 ¹1.—2.
537 2348 569 2370 Se
580 2347 670 2370 hostes
681 2352 695 2369 a
709 2348 786 2375 tergo
798 2347 1108 2370 circumventurum.-s.
1122 2345 1193 2373 Illac,
1206 2344 1256 2369 ibi.

164 2379 236 2404 XIX.
251 2385 268 2403 1.
285 2380 321 2403 Dc
335 2386 385 2410 qua
401 2382 506 2405 dunat.
523 2381 596 2411 XIII,
608 2386 699 2405 iss—2.
715 2381 759 2409 111,
773 2387 815 2410 ταῖς
829 2382 869 2410 IV,
884 2387 920 2410 51,
935 2381 981 2404 11111
998 2381 1099 2405 dictum
1114 2381 1144 2405 in
1164 2380 1361 2405 Germaniam-

1523 2101 1533 2352 l

1520 2378 1527 2668 ἑ
