1539 2668
538 126 577 154 A.
595 126 642 154 U.
664 125 699 154 C.
724 125 794 154 815.
830 126 869 153 A.
892 125 928 154 C.
952 126 1004 154 62.
1373 122 1433 154 227

110 216 130 232 ι(
145 206 366 235 Romanorum
386 197 587 229 imitamenta
601 197 754 238 praeferre
766 220 775 237 ,
796 199 962 239 assumpta
976 197 1073 229 etiam
1090 195 1268 228 Stoicorum
1287 204 1434 235 arrogan-

111 264 130 280 (ι
147 250 192 281 tia
204 250 355 287 sectaque
367 245 375 263 ⁷
383 270 393 286 ,
404 254 477 285 quae
490 245 637 277 turbidos
644 248 682 276 et
695 245 894 285 negotiorum
911 247 1100 286 appetentes
1113 244 1217 276 faciat.
1235 257 1252 271 υ
1269 247 1334 275 Nec
1349 243 1434 276 ultra

107 305 210 329 mora.
230 294 328 331 sulla,
343 295 435 324 sexto
451 292 502 324 die
515 292 673 333 pervectis
689 293 864 324 Massiliam
885 291 1150 334 percussoribus,
1166 294 1240 322 ante
1256 293 1379 322 metum
1401 291 1434 323 et

106 351 273 377 rumorem
291 340 496 379 interficitur,
512 349 612 380 quum
625 340 776 380 epulandi
792 349 887 372 causa
908 338 1135 372 discumberet.
1156 339 1315 379 perlatum
1335 339 1435 379 caput

104 391 175 432 ejus
188 389 286 421 illusit
303 391 384 419 Nero
396 411 405 426 ‚
420 390 578 427 tauquam
592 389 789 428 praematura
806 388 923 419 canitie
938 387 1092 419 deforme.

147 440 257 469 LVIII.
282 435 395 466 Plauto
419 436 523 474 parari
541 443 654 466 necem
671 445 736 466 non
757 436 892 475 perinde
907 435 1072 467 occultum
1095 433 1173 473 fuit,
1196 433 1273 473 quia
1286 431 1433 472 pluribus

105 484 193 516 salus
213 483 282 523 ejus
301 481 475 513 curabatur
488 492 497 520 ;
521 483 553 513 et
569 482 708 522 spatium
722 482 845 513 itineris
859 492 896 515 ac
911 482 1008 514 maris
1018 485 1212 521 tempusque
1228 479 1434 519 interjectum

103 532 249 563 moverat
263 529 401 567 samaim
416 529 579 569 vulgoque
591 529 755 569 fingebant
767 530 932 569 petiliani¹
947 529 991 560 ab
1008 538 1044 560 eo
1060 528 1301 564 Corbulonem,
1311 525 1435 565 magnis

101 579 173 610 tum
189 576 383 609 exercitibus
408 576 638 616 praesidentem
650 602 659 617 ‚
673 579 707 608 et
721 602 730 617 ,
747 577 774 608 si
797 577 874 608 clari
893 579 990 616 atque
1006 576 1151 606 insontes
1165 573 1434 612 interficerentur,

101 625 301 666 praecipuum
322 623 362 655 ad
384 623 525 663 pericula
538 623 564 663 2;
583 626 666 665 quin
684 627 717 656 et
740 627 855 656 „Isium
872 624 1003 663 favore
1013 624 1153 662 Juvem's
1171 630 1273 653 arma
1285 622 1433 661 cepisse,

101 681 162 705 nec
177 672 304 703 milites
320 670 366 702 acl
379 671 489 701 scelus
504 673 621 702 missos
641 674 704 703 aut
727 680 870 703 numero
886 670 1018 702 validos
1030 672 1092 701 aut
1107 671 1224 700 animo
1242 670 1433 708 promptos,

95 721 284 762 postquam
291 718 395 758 jussu
410 718 545 757 ‹slicere
564 721 800 758 nequiverint,
821 719 868 750 ad
885 727 961 758 spes
986 726 1092 749 novas
1112 718 1278 748 transisse
1296 715 1321 746 ³.
1350 724 1435 746 vana

102 768 173 799 haec
185 790 195 806 ,
218 774 306 797 more
334 765 427 795 famae
437 788 446 803 ‚
471 764 671 796 credentium
688 766 755 797 otio
770 766 980 805 augebantur.
1013 767 1161 795 Ceterum
1179 763 1313 794 libertus
1330 762 1434 793 Plauti

99 813 265 846 celeritate
286 815 456 843 ventorum
474 813 631 851 prtevenit
649 813 872 843 centurionem
889 814 919 843 et
935 811 1087 842 mandata
1104 815 1138 841 L.
1154 810 1285 841 Antistii
1299 808 1401 840 soceri
1420 809 1431 826 ⁴

98 861 228 894 attulit:
251 871 266 886 u
281 859 437 898 effugeret
450 867 581 897 segnem
602 862 760 897 mortem3
778 860 890 890 odium
911 859 936 898 5,
952 858 1128 897 suffugium
1139 881 1148 896 ‚
1166 860 1198 889 et
1212 857 1319 897 magni
1334 855 1435 887 nomi·

100 921 116 935 (t
134 907 185 938 nis
202 906 407 937 miseratione
421 909 623 945 reperturum
645 906 765 944 bonos,
782 906 1042 937 consociaturum
1060 904 1210 935 audaces.
1229 904 1354 935 nullum
1383 902 1434 933 in-

97 967 115 982 «
132 953 227 985 terim
245 953 426 984 subsidium
452 953 690 992 aspernandum
732 953 759 984 si
774 954 939 993 sexaginta
959 952 1076 982 milites
1105 953 1165 990 (tot
1182 951 1269 981 enim
1287 950 1434 981 advenie-

97 1014 113 1028 «
132 1001 222 1040 bant)
238 1000 445 1040 propulisset3
455 1000 531 1031 dum
545 1001 681 1032 refertur
694 1001 828 1032 nuntius
843 999 1061 1039 ixei-onbdum
1077 1007 1190 1029 munus
1204 998 1265 1029 alia
1278 999 1434 1038 permeat,

100 1062 116 1076 «
135 1048 238 1079 multa
257 1050 408 1079 secutura
421 1056 494 1086 quae
511 1047 551 1078 ad
568 1056 671 1088 usque
686 1048 806 1079 bellum
825 1048 1053 1079 evalescerent.
1070 1046 1210 1085 denique
1224 1048 1280 1076 aut
1296 1046 1434 1077 salutem

99 1107 114 1121 «ι
128 1094 185 1125 tali
203 1094 339 1126 consilio
356 1094 459 1133 quaeri
471 1118 480 1133 ,
499 1096 555 1125 aut
582 1094 663 1125 nibil
684 1095 814 1134 gravius
836 1094 969 1126 audenti
985 1102 1084 1133 quam
1106 1093 1224 1132 ignavo
1245 1092 1434 1132 patiendum

97 1152 115 1168 «ι
132 1149 213 1172 esse.
228 1154 243 1168 »

139 1191 205 1219 LIX
241 1187 299 1218 Sed
317 1188 465 1218 Plautum
481 1196 518 1218 ea
532 1196 595 1218 non
617 1188 834 1226 movere‚sive
848 1188 969 1218 nullam
982 1196 1077 1227 opem
1095 1186 1287 1226 providebat
1302 1186 1434 1217 inermis

95 1236 192 1274 atque
211 1234 322 1273 exsul,
350 1244 405 1265 seu
424 1234 521 1265 taedio
544 1234 704 1274 ambiguae
718 1234 806 1274 spei,
825 1244 865 1265 an
883 1243 992 1265 amore
1015 1233 1159 1273 conjugis
1181 1236 1213 1264 et
1239 1233 1432 1273 liberorum,

95 1281 214 1321 quibus
235 1281 474 1322 placabiliorem
490 1283 557 1312 lore
574 1281 754 1321 Principem
770 1281 900 1312 rebatur
917 1281 1003 1312 nulla
1020 1279 1236 1311 sollicitudine
1252 1280 1431 1312 turbatum.

94 1330 171 1359 sunt
186 1329 241 1368 qui
258 1329 345 1359 alios
363 1337 383 1358 a
401 1336 514 1358 socero
529 1330 665 1358 nmisios
685 1331 812 1359 venisse
826 1329 941 1367 terant,
961 1330 1130 1367 tanquam
1150 1327 1236 1358 nillil
1253 1330 1358 1359 (τίνοαε
1374 1329 1433 1358 im-

95 1377 266 1415 mineret‚-
283 1376 504 1415 doctoresque
527 1372 725 1415 sapientioe‚
752 1377 935 1407 Coeranwn
957 1377 1077 1413 Gaea-1⁴,
1096 1374 1315 1405 Musonium¹
1338 1376 1434 1407 Tusci

93 1425 227 1462 generis
240 1447 249 1462 ‚
276 1425 511 1453 consimilium
536 1422 753 1462 opperiemloe
766 1424 886 1453 morus
909 1432 976 1462 pro
1005 1423 1138 1452 incerta
1159 1423 1191 1451 el
1207 1420 1345 1460 lrepida
1363 1424 1434 1453 vita

94 1471 252 1501 suasisse.
281 1473 426 1509 repertus
442 1472 491 1500 est
514 1471 601 1500 certe
627 1478 683 1509 per
699 1470 844 1500 medium
865 1469 927 1500 diei
946 1468 1053 1499 nudus
1069 1466 1278 1498 exercitando
1292 1469 1431 1508 corpori.

95 1516 192 1548 talem
209 1526 283 1548 eum
300 1518 444 1548 centurio
456 1516 632 1547 trucidavit
647 1525 754 1548 corani
770 1517 925 1557 Pelagone
940 1516 1094 1556 spadone,
1112 1523 1208 1554 quem
1224 1518 1306 1545 Nero
1323 1518 1433 1547 centu·

94 1564 176 1595 rioni
192 1567 224 1595 et
242 1565 404 1604 manipulo
419 1564 511 1604 quasi
528 1563 719 1595 satellitibus
734 1565 922 1595 ministrum
940 1563 1062 1603 regium
1082 1563 1314 1602 prarposuerat.
1330 1564 1434 1602 Caput

93 1610 257 1642 interfecti
272 1612 430 1642 relatum:
449 1612 542 1650 cujus
559 1612 689 1650 aspectu
707 1611 788 1651 (ipsa
803 1611 960 1650 Principis
975 1610 1073 1640 verba
1090 1609 1253 1647 reseram),
1276 1610 1359 1643 Cur,
1386 1608 1431 1638 in-

93 1658 184 1697 quit,
205 1660 296 1690 Nero
314 1660 368 1673 ***
384 1658 410 1698 ²,
437 1662 468 1689 et
495 1658 602 1697 posito
629 1660 719 1689 metu
738 1658 868 1698 nuptias
894 1662 1042 1697 Poppaeae
1061 1655 1102 1700 ob
1117 1654 1276 1695 ejusmodi
1294 1656 1432 1686 terrores

92 1705 209 1736 dilatas
229 1708 391 1737 maturare
409 1708 498 1745 parat
513 1705 745 1745 Octaviamque
760 1706 930 1745 conjugem
955 1703 1100 1742 amoliri,
1120 1702 1270 1743 quamvis
1287 1702 1431 1732 modeste

91 1753 218 1791 ageret,
234 1753 365 1783 nomine
378 1752 478 1792 patris
493 1754 525 1783 et
543 1752 664 1783 studiis
682 1748 793 1793 populi
809 1761 940 1791 gravem
957 1751 983 1782 ³.
1002 1751 1060 1782 Sed
1079 1750 1117 1781 ad
1139 1753 1285 1781 senatum
1308 1749 1432 1780 litteras

95 1797 184 1829 misit
202 1799 242 1829 de
260 1799 349 1830 caede
371 1799 468 1830 Sullae
496 1799 666 1838 Plautique
684 1799 769 1830 haud
783 1799 968 1838 consessus,
985 1806 1099 1828 verum
1118 1799 1302 1836 utriusque
1321 1796 1430 1827 turbt-

94 1844 178 1875 clam
195 1847 369 1885 inqenium
388 1853 457 1876 csse
483 1847 515 1876 ec
528 1845 592 1875 sibi
609 1846 884 1877 incolumitatem
904 1845 1104 1884 reipublicae
1116 1852 1245 1883 magma
1263 1851 1351 1874 cura
1365 1842 1430 1874 ha-

94 1891 165 1923 beri
183 1890 210 1922 ⁴.
240 1891 378 1923 decretae
394 1900 431 1923 eo
456 1891 587 1922 nomine
611 1892 878 1931 supplicationes
895 1893 1002 1931 utque
1024 1891 1124 1921 Sulla
1148 1891 1181 1921 et
1209 1889 1362 1920 Plautus
1381 1897 1430 1921 se·

95 1941 185 1970 nutu
202 1941 436 1978 moverentur,
455 1938 657 1979 gravioribus
674 1940 783 1970 tamen
801 1938 951 1970 ludibriis
968 1946 1064 1978 quam
1079 1936 1173 1967 malis
1192 1936 1216 1968 ⁵.
1432 1960 1436 1964 .

133 1989 196 2018 LX.
221 1986 322 2027 Igitur
346 1990 478 2026 accepto
494 1989 626 2017 Petrum
647 1986 814 2027 consulto,
832 1987 1005 2026 postquam
1033 1986 1152 2016 cuncta
1176 1983 1336 2015 scelerum
1355 1991 1430 2015 suo-

91 2082 225 2108 ritudn‘ne
237 2083 292 2107 etc.
303 2094 334 2099 —
345 2087 368 2106 ‹3-
382 2083 423 2108 Sc·
439 2077 525 2118 ὄντα,
540 2082 714 2107 instructum.
728 2094 756 2100 -—
768 2086 791 2106 ⁷.
819 2081 948 2106 Doctrina
959 2088 967 2111 ;
996 2085 1056 2110 quae
1071 2085 1115 2104 res
1124 2085 1207 2109 agere
1219 2080 1248 2104 et
1267 2078 1426 2104 libertatem

91 2123 216 2149 quaerere
226 2117 351 2148 jubebat.

124 2154 213 2178 LVIII.
229 2159 249 2178 ι.
261 2155 418 2183 Tentatum,
426 2153 603 2178 sollicitatum
616 2152 652 2178 ad
663 2159 708 2178 res
720 2159 816 2177 novas·
832 2153 872 2177 De
886 2151 1040 2177 Corbulone
1057 2158 1082 2175 v.
1094 2157 1155 2182 cap.
1169 2155 1266 2175 2e.-—2.
1280 2151 1322 2173 Se.
1338 2151 1422 2175 susci-

93 2189 256 2218 pienda—³.
273 2189 394 2213 Plautum
410 2193 463 2212 -⁴.
483 2190 521 2213 De
534 2195 587 2219 quo
601 2189 671 2216 XVI,
688 2194 721 2217 io,
739 2190 880 2212 ii-—5.Sc.
893 2189 1013 2212 omnium
1029 2189 1055 2211 in
1067 2187 1204 2211 Neronem
1216 2187 1268 2216 ipsi
1282 2186 1340 2210 iore
1352 2186 1424 2215 suff.

126 2223 191 2248 LIX.
208 2229 228 2248 ι.
240 2225 278 2249 De
292 2230 345 2254 quo
359 2224 429 2248 infra
454 2225 509 2253 XV,
523 2230 562 2253 71,
582 2225 658 2249 Hist.
683 2224 729 2252 III,
744 2230 788 2253 8¹3
805 2225 847 2253 lv,
867 2229 904 2248 40.
929 2225 1056 2247 Coeranus
1073 2223 1131 2246 fere
1149 2223 1320 2251 ignotus—2.
1339 2222 1426 2246 Perle-

93 2259 158 2282 runt
170 2259 254 2284 verba
270 2260 395 2284 Neronis.
416 2260 465 2284 Dio
480 2260 584 2284 Cassius
604 2260 680 2290 Lxll,
700 2265 736 2287 u,
751 2260 808 2284 Iiaec
827 2259 910 2284 fuisse
928 2259 1030 2284 refert:
1046 2255 1114 2285 Οὐκ
1126 2254 1210 2294 ᾔδειν
1224 2251 1426 2292 ὅτιμεγάλην

93 2296 163 2337 ῥῖνα
175 2295 306 2336 exea—³.
321 2302 423 2326 Claudii
435 2301 522 2331 patris
534 2302 591 2326 veri
605 2307 685 2326 causa
698 2303 790 2331 (quum
804 2302 875 2326 Nero
893 2302 964 2325 esset
974 2301 1112 2329 insititius)
1125 2301 1152 2323 et
1171 2301 1291 2329 propter·
1301 2299 1426 2323 favorem

92 2333 189 2365 populi‘
210 2336 314 2362 Neroni
335 2338 483 2362 molestam
490 2339 518 2362 et
526 2338 653 2362 invisam.
666 2350 695 2354 —-
708 2342 732 2361 4.
749 2338 883 2362 Tractari.
896 2349 926 2355 -
936 2343 964 2363 ε.·
976 2338 1005 2361 In
1022 2343 1076 2367 qua
1092 2336 1245 2366 regravius
1257 2337 1292 2361 et*
1303 2336 1435 2367 odiosum.

91 2370 410 2400 magiseratludihrium
420 2379 504 2402 quam
515 2373 616 2398 malum
623 2374 719 2403 ipsum.
