<?xml version="1.0" encoding="UTF-8"?>
<!DOCTYPE html PUBLIC "-//W3C//DTD XHTML 1.0 Transitional//EN"
    "http://www.w3.org/TR/xhtml1/DTD/xhtml1-transitional.dtd">
<html xmlns="http://www.w3.org/1999/xhtml" xml:lang="en" lang="en">
 <head>
  <title>
</title>
<meta http-equiv="Content-Type" content="text/html;charset=utf-8" />
  <meta name='ocr-system' content='tesseract 3.04.00' />
  <meta name='ocr-capabilities' content='ocr_page ocr_carea ocr_par ocr_line ocrx_word'/>
</head>
<body>
  <div class='ocr_page' id='page_1' title='image "./operaquaesupersu00taciuoft_0338.png"; bbox 0 0 1539 2668; ppageno 0'>
   <div class='ocr_carea' id='block_1_1' title="bbox 91 192 1037 223">
    <p class='ocr_par' dir='ltr' id='par_1_1' title="bbox 91 192 1037 223">
     <span class='ocr_line' id='line_1_1' title="bbox 91 192 1037 223; baseline -0.001 0"><span class='ocrx_word' id='word_1_1' title='bbox 91 193 150 223; x_wconf 79' lang='lat'><strong>306</strong></span> <span class='ocrx_word' id='word_1_2' title='bbox 448 193 579 222; x_wconf 79' lang='lat' dir='ltr'><strong>TACl&#39;l&#39;l</strong></span> <span class='ocrx_word' id='word_1_3' title='bbox 603 192 875 222; x_wconf 78' lang='lat' dir='ltr'>HISTORIARUM</span> <span class='ocrx_word' id='word_1_4' title='bbox 898 194 971 222; x_wconf 90' lang='lat' dir='ltr'>LIB.</span> <span class='ocrx_word' id='word_1_5' title='bbox 998 195 1037 222; x_wconf 91' lang='grc' dir='ltr'><strong>ΙΙ.</strong></span> 
     </span>
    </p>
   </div>
   <div class='ocr_carea' id='block_1_2' title="bbox 90 265 1432 2060">
    <p class='ocr_par' dir='ltr' id='par_1_2' title="bbox 91 265 1420 359">
     <span class='ocr_line' id='line_1_2' title="bbox 92 265 1420 310; baseline 0.001 -9"><span class='ocrx_word' id='word_1_6' title='bbox 92 268 269 308; x_wconf 79' lang='lat' dir='ltr'>religionis,</span> <span class='ocrx_word' id='word_1_7' title='bbox 291 265 404 307; x_wconf 86' lang='lat' dir='ltr'><strong>templi</strong></span> <span class='ocrx_word' id='word_1_8' title='bbox 426 265 545 305; x_wconf 88' lang='lat' dir='ltr'><strong>ritum,</strong></span> <span class='ocrx_word' id='word_1_9' title='bbox 573 265 708 296; x_wconf 84' lang='lat' dir='ltr'><strong>formam</strong></span> <span class='ocrx_word' id='word_1_10' title='bbox 731 265 801 297; x_wconf 85' lang='lat' dir='ltr'><strong>deae</strong></span> <span class='ocrx_word' id='word_1_11' title='bbox 825 265 942 307; x_wconf 88' lang='lat' dir='ltr'><strong>(neque</strong></span> <span class='ocrx_word' id='word_1_12' title='bbox 964 266 1051 298; x_wconf 82' lang='lat' dir='ltr'><strong>enirn</strong></span> <span class='ocrx_word' id='word_1_13' title='bbox 1074 267 1151 298; x_wconf 90' lang='lat' dir='ltr'><strong>alibi</strong></span> <span class='ocrx_word' id='word_1_14' title='bbox 1174 268 1221 299; x_wconf 88' lang='lat' dir='ltr'><strong>sic</strong></span> <span class='ocrx_word' id='word_1_15' title='bbox 1240 271 1250 286; x_wconf 69' lang='lat'><strong>⁴</strong></span> <span class='ocrx_word' id='word_1_16' title='bbox 1274 268 1420 310; x_wconf 72' lang='lat' dir='ltr'><strong>habetur,</strong></span> 
     </span>
     <span class='ocr_line' id='line_1_3' title="bbox 91 314 388 359; baseline -0.01 -11"><span class='ocrx_word' id='word_1_17' title='bbox 91 315 202 359; x_wconf 78' lang='lat' dir='ltr'><strong>paucis</strong></span> <span class='ocrx_word' id='word_1_18' title='bbox 218 314 388 346; x_wconf 78' lang='lat' dir='ltr'><strong>disserere.</strong></span> 
     </span>
    </p>

    <p class='ocr_par' dir='ltr' id='par_1_3' title="bbox 90 360 1428 963">
     <span class='ocr_line' id='line_1_4' title="bbox 133 360 1421 404; baseline 0.002 -10"><span class='ocrx_word' id='word_1_19' title='bbox 133 366 189 395; x_wconf 90' lang='grc' dir='ltr'>ΙΙΙ.</span> <span class='ocrx_word' id='word_1_20' title='bbox 209 361 424 394; x_wconf 73' lang='lat' dir='ltr'><em>Conditorem</em></span> <span class='ocrx_word' id='word_1_21' title='bbox 442 360 563 400; x_wconf 67' lang='lat' dir='ltr'><strong>templi</strong></span> <span class='ocrx_word' id='word_1_22' title='bbox 590 367 703 401; x_wconf 76' lang='lat' dir='ltr'><strong>reqem</strong></span> <span class='ocrx_word' id='word_1_23' title='bbox 719 361 845 392; x_wconf 70' lang='lat' dir='ltr'><strong>Aeria-n</strong></span> <span class='ocrx_word' id='word_1_24' title='bbox 862 362 956 393; x_wconf 90' lang='lat' dir='ltr'><strong>vetus</strong></span> <span class='ocrx_word' id='word_1_25' title='bbox 971 361 1147 401; x_wconf 86' lang='lat' dir='ltr'><strong>memoria,</strong></span> <span class='ocrx_word' id='word_1_26' title='bbox 1166 361 1299 402; x_wconf 87' lang='lat' dir='ltr'><strong>quidam</strong></span> <span class='ocrx_word' id='word_1_27' title='bbox 1313 365 1421 404; x_wconf 69' lang='lat' dir='ltr'><strong>ipsius</strong></span> 
     </span>
     <span class='ocr_line' id='line_1_5' title="bbox 91 406 1423 450; baseline 0.001 -7"><span class='ocrx_word' id='word_1_28' title='bbox 91 410 167 443; x_wconf 78' lang='lat' dir='ltr'><strong>dece</strong></span> <span class='ocrx_word' id='word_1_29' title='bbox 181 417 302 442; x_wconf 77' lang='lat' dir='ltr'><strong>nomen</strong></span> <span class='ocrx_word' id='word_1_30' title='bbox 327 408 365 440; x_wconf 78' lang='lat' dir='ltr'><strong>td</strong></span> <span class='ocrx_word' id='word_1_31' title='bbox 389 407 571 448; x_wconf 85' lang='lat' dir='ltr'><strong>perhibent.</strong></span> <span class='ocrx_word' id='word_1_32' title='bbox 600 406 683 439; x_wconf 88' lang='lat' dir='ltr'><strong>fama</strong></span> <span class='ocrx_word' id='word_1_33' title='bbox 707 407 866 439; x_wconf 84' lang='lat' dir='ltr'><strong>recentior</strong></span> <span class='ocrx_word' id='word_1_34' title='bbox 888 408 987 440; x_wconf 84' lang='lat' dir='ltr'><strong>tradit</strong></span> <span class='ocrx_word' id='word_1_35' title='bbox 1012 418 1034 440; x_wconf 85' lang='lat' dir='ltr'><strong>a</strong></span> <span class='ocrx_word' id='word_1_36' title='bbox 1053 411 1189 450; x_wconf 67' lang='lat' dir='ltr'><strong>Cinyra</strong></span> <span class='ocrx_word' id='word_1_37' title='bbox 1212 408 1220 426; x_wconf 92' lang='lat'><strong>¹</strong></span> <span class='ocrx_word' id='word_1_38' title='bbox 1240 413 1423 444; x_wconf 70' lang='lat' dir='ltr'><strong>sacratum</strong></span> 
     </span>
     <span class='ocr_line' id='line_1_6' title="bbox 92 456 1422 499; baseline -0.001 -8"><span class='ocrx_word' id='word_1_39' title='bbox 92 458 279 499; x_wconf 75' lang='lat' dir='ltr'><strong>templum,</strong></span> <span class='ocrx_word' id='word_1_40' title='bbox 294 456 463 496; x_wconf 82' lang='lat' dir='ltr'><strong><em>deamque</em></strong></span> <span class='ocrx_word' id='word_1_41' title='bbox 479 457 592 496; x_wconf 69' lang='lat' dir='ltr'><strong>ipsam</strong></span> <span class='ocrx_word' id='word_1_42' title='bbox 608 457 807 496; x_wconf 80' lang='lat' dir='ltr'><em>conceptam</em></span> <span class='ocrx_word' id='word_1_43' title='bbox 823 458 916 487; x_wconf 71' lang='lat' dir='ltr'><strong>mari</strong></span> <span class='ocrx_word' id='word_1_44' title='bbox 934 457 1003 488; x_wconf 79' lang='lat' dir='ltr'><strong>huc</strong></span> <span class='ocrx_word' id='word_1_45' title='bbox 1020 457 1218 497; x_wconf 76' lang='lat' dir='ltr'><em>appulsam.</em></span> <span class='ocrx_word' id='word_1_46' title='bbox 1237 456 1298 488; x_wconf 83' lang='lat' dir='ltr'><strong>sed</strong></span> <span class='ocrx_word' id='word_1_47' title='bbox 1312 459 1422 490; x_wconf 73' lang='lat' dir='ltr'><strong>scien-</strong></span> 
     </span>
     <span class='ocr_line' id='line_1_7' title="bbox 93 503 1422 546; baseline -0.002 -8"><span class='ocrx_word' id='word_1_48' title='bbox 93 508 178 539; x_wconf 73' lang='lat' dir='ltr'><strong>tiam</strong></span> <span class='ocrx_word' id='word_1_49' title='bbox 194 507 374 545; x_wconf 79' lang='lat' dir='ltr'><strong>artemque</strong></span> <span class='ocrx_word' id='word_1_50' title='bbox 396 503 626 543; x_wconf 74' lang='lat' dir='ltr'><em>haruspicum</em></span> <span class='ocrx_word' id='word_1_51' title='bbox 639 503 802 543; x_wconf 69' lang='lat' dir='ltr'><strong>accitam,</strong></span> <span class='ocrx_word' id='word_1_52' title='bbox 817 504 850 534; x_wconf 82' lang='lat' dir='ltr'><strong>et</strong></span> <span class='ocrx_word' id='word_1_53' title='bbox 866 503 1006 535; x_wconf 72' lang='lat' dir='ltr'><strong>Cilicem</strong></span> <span class='ocrx_word' id='word_1_54' title='bbox 1022 505 1201 536; x_wconf 72' lang='lat' dir='ltr'><strong>Tamiram</strong></span> <span class='ocrx_word' id='word_1_55' title='bbox 1216 504 1379 536; x_wconf 69' lang='lat' dir='ltr'><strong>intulisse</strong></span> <span class='ocrx_word' id='word_1_56' title='bbox 1393 503 1422 546; x_wconf 85' lang='lat'><strong>²,-</strong></span> 
     </span>
     <span class='ocr_line' id='line_1_8' title="bbox 91 548 1423 594; baseline -0.002 -8"><span class='ocrx_word' id='word_1_57' title='bbox 91 555 196 594; x_wconf 80' lang='lat' dir='ltr'><strong>atque</strong></span> <span class='ocrx_word' id='word_1_58' title='bbox 221 554 272 584; x_wconf 73' lang='lat' dir='ltr'><strong>tta</strong></span> <span class='ocrx_word' id='word_1_59' title='bbox 294 552 438 591; x_wconf 79' lang='lat' dir='ltr'><strong>pactum</strong></span> <span class='ocrx_word' id='word_1_60' title='bbox 455 551 496 581; x_wconf 78' lang='lat' dir='ltr'><strong>ut</strong></span> <span class='ocrx_word' id='word_1_61' title='bbox 510 548 659 589; x_wconf 74' lang='lat' dir='ltr'><strong>familiae</strong></span> <span class='ocrx_word' id='word_1_62' title='bbox 681 551 866 590; x_wconf 70' lang='lat' dir='ltr'><strong>utriusque</strong></span> <span class='ocrx_word' id='word_1_63' title='bbox 879 552 1010 590; x_wconf 67' lang='lat' dir='ltr'><strong>posteri</strong></span> <span class='ocrx_word' id='word_1_64' title='bbox 1036 552 1243 582; x_wconf 68' lang='lat' dir='ltr'><strong>caerimoniis</strong></span> <span class='ocrx_word' id='word_1_65' title='bbox 1254 550 1423 591; x_wconf 57' lang='lat' dir='ltr'><strong>praeside»</strong></span> 
     </span>
     <span class='ocr_line' id='line_1_9' title="bbox 90 597 1423 639; baseline -0.001 -8"><span class='ocrx_word' id='word_1_66' title='bbox 90 602 179 633; x_wconf 78' lang='lat' dir='ltr'><strong>rent.</strong></span> <span class='ocrx_word' id='word_1_67' title='bbox 201 608 295 637; x_wconf 75' lang='lat' dir='ltr'><strong>mox,</strong></span> <span class='ocrx_word' id='word_1_68' title='bbox 313 607 353 629; x_wconf 90' lang='lat' dir='ltr'><strong>ne</strong></span> <span class='ocrx_word' id='word_1_69' title='bbox 370 598 492 628; x_wconf 85' lang='lat' dir='ltr'><strong>honore</strong></span> <span class='ocrx_word' id='word_1_70' title='bbox 513 597 603 628; x_wconf 87' lang='lat' dir='ltr'><strong>nullo</strong></span> <span class='ocrx_word' id='word_1_71' title='bbox 617 597 741 637; x_wconf 80' lang='lat' dir='ltr'><strong>regium</strong></span> <span class='ocrx_word' id='word_1_72' title='bbox 758 606 858 637; x_wconf 78' lang='lat' dir='ltr'><strong>genus</strong></span> <span class='ocrx_word' id='word_1_73' title='bbox 882 598 1082 637; x_wconf 78' lang='lat' dir='ltr'><strong>peregrinam</strong></span> <span class='ocrx_word' id='word_1_74' title='bbox 1100 598 1234 639; x_wconf 76' lang='lat' dir='ltr'><strong>stirpem</strong></span> <span class='ocrx_word' id='word_1_75' title='bbox 1252 597 1423 630; x_wconf 82' lang='lat' dir='ltr'><strong>antecelle-</strong></span> 
     </span>
     <span class='ocr_line' id='line_1_10' title="bbox 90 644 1424 687; baseline -0.001 -9"><span class='ocrx_word' id='word_1_76' title='bbox 90 649 162 687; x_wconf 89' lang='lat' dir='ltr'><strong>ret,</strong></span> <span class='ocrx_word' id='word_1_77' title='bbox 182 647 253 687; x_wconf 87' lang='lat' dir='ltr'><strong>ipsa</strong></span> <span class='ocrx_word' id='word_1_78' title='bbox 270 654 368 686; x_wconf 89' lang='lat' dir='ltr'><strong>quam</strong></span> <span class='ocrx_word' id='word_1_79' title='bbox 387 645 565 676; x_wconf 85' lang='lat' dir='ltr'><strong>intulerant</strong></span> <span class='ocrx_word' id='word_1_80' title='bbox 583 644 718 676; x_wconf 84' lang='lat' dir='ltr'><strong>scientia</strong></span> <span class='ocrx_word' id='word_1_81' title='bbox 734 644 880 684; x_wconf 80' lang='lat' dir='ltr'><strong>hospites</strong></span> <span class='ocrx_word' id='word_1_82' title='bbox 896 653 1019 676; x_wconf 83' lang='lat' dir='ltr'><strong>cessere</strong></span> <span class='ocrx_word' id='word_1_83' title='bbox 1040 645 1052 663; x_wconf 78' lang='lat'>³</span> <span class='ocrx_word' id='word_1_84' title='bbox 1073 655 1080 675; x_wconf 82' lang='lat' dir='ltr'>z</span> <span class='ocrx_word' id='word_1_85' title='bbox 1099 647 1227 676; x_wconf 88' lang='lat' dir='ltr'><strong>tantum</strong></span> <span class='ocrx_word' id='word_1_86' title='bbox 1247 644 1424 686; x_wconf 79' lang='lat' dir='ltr'><strong>Cinyrades</strong></span> 
     </span>
     <span class='ocr_line' id='line_1_11' title="bbox 90 691 1425 732; baseline -0.004 -4"><span class='ocrx_word' id='word_1_87' title='bbox 90 695 244 728; x_wconf 84' lang='lat' dir='ltr'><strong>sacerdos</strong></span> <span class='ocrx_word' id='word_1_88' title='bbox 269 692 460 724; x_wconf 78' lang='lat' dir='ltr'><strong>consulitur.</strong></span> <span class='ocrx_word' id='word_1_89' title='bbox 488 691 618 732; x_wconf 77' lang='lat' dir='ltr'><strong>hostiae,</strong></span> <span class='ocrx_word' id='word_1_90' title='bbox 647 694 682 723; x_wconf 92' lang='lat' dir='ltr'><strong>ut</strong></span> <span class='ocrx_word' id='word_1_91' title='bbox 708 692 845 732; x_wconf 89' lang='lat' dir='ltr'><strong>quisque</strong></span> <span class='ocrx_word' id='word_1_92' title='bbox 868 691 977 730; x_wconf 85' lang='lat' dir='ltr'><strong>vovit,</strong></span> <span class='ocrx_word' id='word_1_93' title='bbox 996 692 1051 722; x_wconf 89' lang='lat' dir='ltr'><strong>sed</strong></span> <span class='ocrx_word' id='word_1_94' title='bbox 1081 701 1186 724; x_wconf 88' lang='lat' dir='ltr'><strong>mares</strong></span> <span class='ocrx_word' id='word_1_95' title='bbox 1211 692 1425 732; x_wconf 80' lang='lat' dir='ltr'><strong>deliguntur:</strong></span> 
     </span>
     <span class='ocr_line' id='line_1_12' title="bbox 90 738 1425 779; baseline -0.002 -5"><span class='ocrx_word' id='word_1_96' title='bbox 90 741 272 774; x_wconf 84' lang='lat' dir='ltr'><strong>certissima</strong></span> <span class='ocrx_word' id='word_1_97' title='bbox 289 740 368 772; x_wconf 87' lang='lat' dir='ltr'><strong>fides</strong></span> <span class='ocrx_word' id='word_1_98' title='bbox 385 739 555 770; x_wconf 85' lang='lat' dir='ltr'><strong>hoedorum</strong></span> <span class='ocrx_word' id='word_1_99' title='bbox 573 739 674 770; x_wconf 81' lang='lat' dir='ltr'><strong>fibris.</strong></span> <span class='ocrx_word' id='word_1_100' title='bbox 694 738 885 778; x_wconf 82' lang='lat' dir='ltr'><strong>sanguinem</strong></span> <span class='ocrx_word' id='word_1_101' title='bbox 900 748 964 770; x_wconf 86' lang='lat' dir='ltr'><strong>arae</strong></span> <span class='ocrx_word' id='word_1_102' title='bbox 977 738 1146 771; x_wconf 79' lang='lat' dir='ltr'><strong>offundere</strong></span> <span class='ocrx_word' id='word_1_103' title='bbox 1163 739 1303 771; x_wconf 86' lang='lat' dir='ltr'><strong>vetitum</strong></span> <span class='ocrx_word' id='word_1_104' title='bbox 1325 749 1332 770; x_wconf 93' lang='lat'>:</span> <span class='ocrx_word' id='word_1_105' title='bbox 1354 747 1425 779; x_wconf 82' lang='lat' dir='ltr'><strong>pre-</strong></span> 
     </span>
     <span class='ocr_line' id='line_1_13' title="bbox 90 785 1427 828; baseline -0.001 -8"><span class='ocrx_word' id='word_1_106' title='bbox 90 788 183 820; x_wconf 92' lang='lat' dir='ltr'><strong>cibus</strong></span> <span class='ocrx_word' id='word_1_107' title='bbox 209 792 241 820; x_wconf 87' lang='lat' dir='ltr'><strong>et</strong></span> <span class='ocrx_word' id='word_1_108' title='bbox 266 788 340 828; x_wconf 79' lang='lat' dir='ltr'><strong>igne</strong></span> <span class='ocrx_word' id='word_1_109' title='bbox 362 796 444 828; x_wconf 87' lang='lat' dir='ltr'><strong>puro</strong></span> <span class='ocrx_word' id='word_1_110' title='bbox 463 787 577 818; x_wconf 84' lang='lat' dir='ltr'><strong>altaria</strong></span> <span class='ocrx_word' id='word_1_111' title='bbox 600 787 783 825; x_wconf 76' lang='lat' dir='ltr'><strong>adolentur,</strong></span> <span class='ocrx_word' id='word_1_112' title='bbox 810 795 869 817; x_wconf 87' lang='lat' dir='ltr'><strong>nec</strong></span> <span class='ocrx_word' id='word_1_113' title='bbox 895 786 967 817; x_wconf 88' lang='lat' dir='ltr'><strong>ullis</strong></span> <span class='ocrx_word' id='word_1_114' title='bbox 988 786 1149 818; x_wconf 87' lang='lat' dir='ltr'><strong>imbribus</strong></span> <span class='ocrx_word' id='word_1_115' title='bbox 1171 794 1371 827; x_wconf 86' lang='lat' dir='ltr'><strong>quamquam</strong></span> <span class='ocrx_word' id='word_1_116' title='bbox 1392 785 1427 819; x_wconf 92' lang='lat' dir='ltr'><strong>in</strong></span> 
     </span>
     <span class='ocr_line' id='line_1_14' title="bbox 92 831 1428 876; baseline -0.001 -9"><span class='ocrx_word' id='word_1_117' title='bbox 92 837 204 876; x_wconf 86' lang='lat' dir='ltr'><strong>aperto</strong></span> <span class='ocrx_word' id='word_1_118' title='bbox 223 835 427 867; x_wconf 87' lang='lat' dir='ltr'><strong>madescunt.</strong></span> <span class='ocrx_word' id='word_1_119' title='bbox 444 834 655 865; x_wconf 82' lang='lat' dir='ltr'><strong>simulacrum</strong></span> <span class='ocrx_word' id='word_1_120' title='bbox 671 833 739 865; x_wconf 79' lang='lat' dir='ltr'><strong>deae</strong></span> <span class='ocrx_word' id='word_1_121' title='bbox 755 841 820 864; x_wconf 90' lang='lat' dir='ltr'><strong>non</strong></span> <span class='ocrx_word' id='word_1_122' title='bbox 837 832 939 872; x_wconf 78' lang='lat' dir='ltr'><strong>effigie</strong></span> <span class='ocrx_word' id='word_1_123' title='bbox 956 833 1096 864; x_wconf 80' lang='lat' dir='ltr'><strong>humana</strong></span> <span class='ocrx_word' id='word_1_124' title='bbox 1107 832 1135 873; x_wconf 81' lang='lat'><strong>⁴,</strong></span> <span class='ocrx_word' id='word_1_125' title='bbox 1150 834 1326 865; x_wconf 89' lang='lat' dir='ltr'><strong>continuus</strong></span> <span class='ocrx_word' id='word_1_126' title='bbox 1340 831 1428 865; x_wconf 84' lang='lat' dir='ltr'><strong>orbis</strong></span> 
     </span>
     <span class='ocr_line' id='line_1_15' title="bbox 91 878 1427 921; baseline -0.003 -6"><span class='ocrx_word' id='word_1_127' title='bbox 91 883 206 915; x_wconf 79' lang='lat' dir='ltr'><strong>latiore</strong></span> <span class='ocrx_word' id='word_1_128' title='bbox 232 883 326 914; x_wconf 89' lang='lat' dir='ltr'><strong>initio</strong></span> <span class='ocrx_word' id='word_1_129' title='bbox 354 884 486 914; x_wconf 87' lang='lat' dir='ltr'><strong>tenuem</strong></span> <span class='ocrx_word' id='word_1_130' title='bbox 514 882 547 912; x_wconf 87' lang='lat' dir='ltr'><strong>in</strong></span> <span class='ocrx_word' id='word_1_131' title='bbox 568 880 728 912; x_wconf 82' lang='lat' dir='ltr'><strong>ambitum</strong></span> <span class='ocrx_word' id='word_1_132' title='bbox 753 880 850 911; x_wconf 87' lang='lat' dir='ltr'><strong>metae</strong></span> <span class='ocrx_word' id='word_1_133' title='bbox 877 880 974 912; x_wconf 88' lang='lat' dir='ltr'><strong>modo</strong></span> <span class='ocrx_word' id='word_1_134' title='bbox 1002 889 1198 921; x_wconf 85' lang='lat' dir='ltr'><strong>exsurgens;</strong></span> <span class='ocrx_word' id='word_1_135' title='bbox 1225 881 1257 912; x_wconf 89' lang='lat' dir='ltr'><strong>et</strong></span> <span class='ocrx_word' id='word_1_136' title='bbox 1283 879 1365 912; x_wconf 82' lang='lat' dir='ltr'><strong>ratio</strong></span> <span class='ocrx_word' id='word_1_137' title='bbox 1392 878 1427 911; x_wconf 87' lang='lat' dir='ltr'><strong>in</strong></span> 
     </span>
     <span class='ocr_line' id='line_1_16' title="bbox 92 930 246 963; baseline -0.019 0"><span class='ocrx_word' id='word_1_138' title='bbox 92 930 246 963; x_wconf 90' lang='lat' dir='ltr'><strong>obscuro.</strong></span> 
     </span>
    </p>

    <p class='ocr_par' dir='ltr' id='par_1_4' title="bbox 92 972 1429 1345">
     <span class='ocr_line' id='line_1_17' title="bbox 134 972 1426 1016; baseline -0.004 -7"><span class='ocrx_word' id='word_1_139' title='bbox 134 982 186 1009; x_wconf 90' lang='lat' dir='ltr'><strong>lV.</strong></span> <span class='ocrx_word' id='word_1_140' title='bbox 204 977 297 1009; x_wconf 85' lang='lat' dir='ltr'><strong>Titus</strong></span> <span class='ocrx_word' id='word_1_141' title='bbox 311 976 457 1016; x_wconf 82' lang='lat' dir='ltr'><strong>spectata</strong></span> <span class='ocrx_word' id='word_1_142' title='bbox 473 974 639 1015; x_wconf 83' lang='lat' dir='ltr'><strong>opulentia</strong></span> <span class='ocrx_word' id='word_1_143' title='bbox 653 973 813 1014; x_wconf 86' lang='lat' dir='ltr'><strong>donisque</strong></span> <span class='ocrx_word' id='word_1_144' title='bbox 829 983 943 1014; x_wconf 83' lang='lat' dir='ltr'><strong>regum</strong></span> <span class='ocrx_word' id='word_1_145' title='bbox 954 998 962 1013; x_wconf 92' lang='lat'>‚</span> <span class='ocrx_word' id='word_1_146' title='bbox 983 983 1122 1014; x_wconf 89' lang='lat' dir='ltr'><strong>quaeque</strong></span> <span class='ocrx_word' id='word_1_147' title='bbox 1138 974 1200 1005; x_wconf 83' lang='lat' dir='ltr'><strong>alia</strong></span> <span class='ocrx_word' id='word_1_148' title='bbox 1215 973 1328 1005; x_wconf 85' lang='lat' dir='ltr'><strong>laetum</strong></span> <span class='ocrx_word' id='word_1_149' title='bbox 1345 972 1426 1005; x_wconf 87' lang='lat' dir='ltr'><strong>anti-</strong></span> 
     </span>
     <span class='ocr_line' id='line_1_18' title="bbox 93 1021 1429 1067; baseline -0.003 -10"><span class='ocrx_word' id='word_1_150' title='bbox 93 1025 274 1067; x_wconf 83' lang='lat' dir='ltr'><strong>quitatibus</strong></span> <span class='ocrx_word' id='word_1_151' title='bbox 292 1024 298 1041; x_wconf 91' lang='lat'>¹</span> <span class='ocrx_word' id='word_1_152' title='bbox 319 1027 504 1056; x_wconf 87' lang='lat' dir='ltr'><strong>Graecorum</strong></span> <span class='ocrx_word' id='word_1_153' title='bbox 523 1031 623 1062; x_wconf 82' lang='lat' dir='ltr'><strong>genus</strong></span> <span class='ocrx_word' id='word_1_154' title='bbox 643 1021 778 1053; x_wconf 73' lang='lat' dir='ltr'><strong>incertae</strong></span> <span class='ocrx_word' id='word_1_155' title='bbox 795 1021 951 1053; x_wconf 86' lang='lat' dir='ltr'><strong>vetustati</strong></span> <span class='ocrx_word' id='word_1_156' title='bbox 972 1021 1114 1061; x_wconf 78' lang='lat' dir='ltr'><strong>affingit,</strong></span> <span class='ocrx_word' id='word_1_157' title='bbox 1142 1021 1184 1053; x_wconf 83' lang='lat' dir='ltr'><strong>de</strong></span> <span class='ocrx_word' id='word_1_158' title='bbox 1207 1021 1429 1061; x_wconf 69' lang='lat' dir='ltr'><strong>naviyatione</strong></span> 
     </span>
     <span class='ocr_line' id='line_1_19' title="bbox 92 1066 1427 1115; baseline -0.005 -11"><span class='ocrx_word' id='word_1_159' title='bbox 92 1073 235 1115; x_wconf 85' lang='lat' dir='ltr'><strong>primum</strong></span> <span class='ocrx_word' id='word_1_160' title='bbox 256 1070 431 1102; x_wconf 78' lang='lat' dir='ltr'><strong>consuluit.</strong></span> <span class='ocrx_word' id='word_1_161' title='bbox 452 1070 625 1110; x_wconf 83' lang='lat' dir='ltr'><strong>postquam</strong></span> <span class='ocrx_word' id='word_1_162' title='bbox 637 1068 752 1109; x_wconf 73' lang='lat' dir='ltr'><strong>pandi</strong></span> <span class='ocrx_word' id='word_1_163' title='bbox 770 1070 864 1099; x_wconf 71' lang='lat' dir='ltr'><strong>viam</strong></span> <span class='ocrx_word' id='word_1_164' title='bbox 886 1070 919 1099; x_wconf 80' lang='lat' dir='ltr'><strong>et</strong></span> <span class='ocrx_word' id='word_1_165' title='bbox 938 1077 1036 1099; x_wconf 79' lang='lat' dir='ltr'><strong>mare</strong></span> <span class='ocrx_word' id='word_1_166' title='bbox 1053 1076 1261 1109; x_wconf 82' lang='lat' dir='ltr'><strong>prosperum</strong></span> <span class='ocrx_word' id='word_1_167' title='bbox 1282 1066 1427 1107; x_wconf 84' lang='lat' dir='ltr'><strong>accepit,</strong></span> 
     </span>
     <span class='ocr_line' id='line_1_20' title="bbox 94 1114 1428 1159; baseline -0.006 -7"><span class='ocrx_word' id='word_1_168' title='bbox 94 1120 134 1153; x_wconf 86' lang='lat' dir='ltr'><strong>de</strong></span> <span class='ocrx_word' id='word_1_169' title='bbox 155 1129 189 1151; x_wconf 89' lang='lat' dir='ltr'><strong>se</strong></span> <span class='ocrx_word' id='word_1_170' title='bbox 212 1128 268 1159; x_wconf 89' lang='lat' dir='ltr'><strong>per</strong></span> <span class='ocrx_word' id='word_1_171' title='bbox 284 1117 435 1157; x_wconf 82' lang='lat' dir='ltr'><strong>ambages</strong></span> <span class='ocrx_word' id='word_1_172' title='bbox 453 1116 465 1134; x_wconf 80' lang='lat'><em>²</em></span> <span class='ocrx_word' id='word_1_173' title='bbox 492 1117 669 1156; x_wconf 84' lang='lat' dir='ltr'><strong>interrogat</strong></span> <span class='ocrx_word' id='word_1_174' title='bbox 687 1115 779 1146; x_wconf 85' lang='lat' dir='ltr'><strong>eaesis</strong></span> <span class='ocrx_word' id='word_1_175' title='bbox 800 1114 1024 1155; x_wconf 85' lang='lat' dir='ltr'><strong>compluribus</strong></span> <span class='ocrx_word' id='word_1_176' title='bbox 1041 1115 1168 1146; x_wconf 82' lang='lat' dir='ltr'><strong>hostiis.</strong></span> <span class='ocrx_word' id='word_1_177' title='bbox 1187 1115 1350 1147; x_wconf 84' lang='lat' dir='ltr'><strong>Sostratus</strong></span> <span class='ocrx_word' id='word_1_178' title='bbox 1367 1114 1428 1152; x_wconf 89' lang='lat' dir='ltr'><strong>(sa-</strong></span> 
     </span>
     <span class='ocr_line' id='line_1_21' title="bbox 95 1159 1428 1204; baseline -0.005 -6"><span class='ocrx_word' id='word_1_179' title='bbox 95 1167 234 1200; x_wconf 86' lang='lat' dir='ltr'><strong>cerdotis</strong></span> <span class='ocrx_word' id='word_1_180' title='bbox 253 1165 286 1196; x_wconf 87' lang='lat' dir='ltr'><strong>id</strong></span> <span class='ocrx_word' id='word_1_181' title='bbox 306 1173 424 1196; x_wconf 89' lang='lat' dir='ltr'><strong>nomen</strong></span> <span class='ocrx_word' id='word_1_182' title='bbox 439 1164 518 1204; x_wconf 85' lang='lat' dir='ltr'><strong>erat)</strong></span> <span class='ocrx_word' id='word_1_183' title='bbox 539 1163 595 1194; x_wconf 91' lang='lat' dir='ltr'><strong>ubi</strong></span> <span class='ocrx_word' id='word_1_184' title='bbox 611 1164 686 1194; x_wconf 81' lang='lat' dir='ltr'><strong>laeta</strong></span> <span class='ocrx_word' id='word_1_185' title='bbox 699 1164 732 1194; x_wconf 84' lang='lat' dir='ltr'><strong>et</strong></span> <span class='ocrx_word' id='word_1_186' title='bbox 747 1162 959 1203; x_wconf 85' lang='lat' dir='ltr'><strong>congruentia</strong></span> <span class='ocrx_word' id='word_1_187' title='bbox 973 1164 1048 1193; x_wconf 79' lang='lat' dir='ltr'><strong>exta</strong></span> <span class='ocrx_word' id='word_1_188' title='bbox 1068 1163 1258 1202; x_wconf 84' lang='lat' dir='ltr'><strong>magnisque</strong></span> <span class='ocrx_word' id='word_1_189' title='bbox 1271 1159 1428 1192; x_wconf 86' lang='lat' dir='ltr'><strong>consultis</strong></span> 
     </span>
     <span class='ocr_line' id='line_1_22' title="bbox 96 1207 1429 1252; baseline -0.005 -7"><span class='ocrx_word' id='word_1_190' title='bbox 96 1222 237 1246; x_wconf 84' lang='lat' dir='ltr'><strong>annuere</strong></span> <span class='ocrx_word' id='word_1_191' title='bbox 251 1212 345 1244; x_wconf 86' lang='lat' dir='ltr'><strong>deam</strong></span> <span class='ocrx_word' id='word_1_192' title='bbox 361 1211 459 1251; x_wconf 79' lang='lat' dir='ltr'><strong>videt,</strong></span> <span class='ocrx_word' id='word_1_193' title='bbox 476 1219 579 1252; x_wconf 80' lang='lat' dir='ltr'><strong>pauca</strong></span> <span class='ocrx_word' id='word_1_194' title='bbox 594 1210 627 1241; x_wconf 91' lang='lat' dir='ltr'><strong>in</strong></span> <span class='ocrx_word' id='word_1_195' title='bbox 644 1218 786 1250; x_wconf 87' lang='lat' dir='ltr'><strong>praesens</strong></span> <span class='ocrx_word' id='word_1_196' title='bbox 801 1213 833 1241; x_wconf 90' lang='lat' dir='ltr'><strong>et</strong></span> <span class='ocrx_word' id='word_1_197' title='bbox 850 1209 947 1241; x_wconf 85' lang='lat' dir='ltr'><strong>solita</strong></span> <span class='ocrx_word' id='word_1_198' title='bbox 964 1210 1173 1250; x_wconf 89' lang='lat' dir='ltr'><strong>respondens,</strong></span> <span class='ocrx_word' id='word_1_199' title='bbox 1190 1208 1292 1250; x_wconf 87' lang='lat' dir='ltr'><strong>petito</strong></span> <span class='ocrx_word' id='word_1_200' title='bbox 1305 1207 1429 1240; x_wconf 88' lang='lat' dir='ltr'><strong>secreto</strong></span> 
     </span>
     <span class='ocr_line' id='line_1_23' title="bbox 94 1254 1428 1301; baseline -0.005 -8"><span class='ocrx_word' id='word_1_201' title='bbox 94 1262 205 1294; x_wconf 83' lang='lat' dir='ltr'><strong>sutura</strong></span> <span class='ocrx_word' id='word_1_202' title='bbox 224 1260 339 1301; x_wconf 85' lang='lat' dir='ltr'><strong>aperit.</strong></span> <span class='ocrx_word' id='word_1_203' title='bbox 355 1259 446 1290; x_wconf 80' lang='lat' dir='ltr'><strong>Titus</strong></span> <span class='ocrx_word' id='word_1_204' title='bbox 462 1261 558 1289; x_wconf 86' lang='lat' dir='ltr'><strong>aucto</strong></span> <span class='ocrx_word' id='word_1_205' title='bbox 581 1257 689 1289; x_wconf 90' lang='lat' dir='ltr'><strong>animo</strong></span> <span class='ocrx_word' id='word_1_206' title='bbox 704 1257 743 1289; x_wconf 93' lang='lat' dir='ltr'><strong>ad</strong></span> <span class='ocrx_word' id='word_1_207' title='bbox 760 1259 885 1298; x_wconf 88' lang='lat' dir='ltr'><strong>patrem</strong></span> <span class='ocrx_word' id='word_1_208' title='bbox 902 1256 914 1275; x_wconf 74' lang='lat'><strong>³</strong></span> <span class='ocrx_word' id='word_1_209' title='bbox 930 1257 1101 1297; x_wconf 85' lang='lat' dir='ltr'><strong>pervectus</strong></span> <span class='ocrx_word' id='word_1_210' title='bbox 1118 1255 1283 1297; x_wconf 84' lang='lat' dir='ltr'><strong>suspensis</strong></span> <span class='ocrx_word' id='word_1_211' title='bbox 1300 1254 1428 1296; x_wconf 85' lang='lat' dir='ltr'><strong>provin-</strong></span> 
     </span>
     <span class='ocr_line' id='line_1_24' title="bbox 95 1303 1218 1345; baseline -0.005 -4"><span class='ocrx_word' id='word_1_212' title='bbox 95 1309 220 1341; x_wconf 86' lang='lat' dir='ltr'><strong>ciarum</strong></span> <span class='ocrx_word' id='word_1_213' title='bbox 234 1309 266 1339; x_wconf 90' lang='lat' dir='ltr'><strong>et</strong></span> <span class='ocrx_word' id='word_1_214' title='bbox 280 1306 482 1339; x_wconf 77' lang='lat' dir='ltr'><strong>exercituum</strong></span> <span class='ocrx_word' id='word_1_215' title='bbox 498 1305 664 1338; x_wconf 84' lang='lat' dir='ltr'><strong>mentibus</strong></span> <span class='ocrx_word' id='word_1_216' title='bbox 682 1305 797 1345; x_wconf 86' lang='lat' dir='ltr'><strong>ingens</strong></span> <span class='ocrx_word' id='word_1_217' title='bbox 812 1312 922 1336; x_wconf 91' lang='lat' dir='ltr'><strong>rerum</strong></span> <span class='ocrx_word' id='word_1_218' title='bbox 940 1303 1058 1335; x_wconf 85' lang='lat' dir='ltr'><strong>fiducia</strong></span> <span class='ocrx_word' id='word_1_219' title='bbox 1073 1304 1218 1336; x_wconf 86' lang='lat' dir='ltr'><strong>accessit.</strong></span> 
     </span>
    </p>

    <p class='ocr_par' dir='ltr' id='par_1_5' title="bbox 95 1347 1432 1773">
     <span class='ocr_line' id='line_1_25' title="bbox 138 1347 1428 1395; baseline -0.006 -8"><span class='ocrx_word' id='word_1_220' title='bbox 138 1356 365 1395; x_wconf 83' lang='lat' dir='ltr'><strong>Profligaverat</strong></span> <span class='ocrx_word' id='word_1_221' title='bbox 376 1354 385 1371; x_wconf 73' lang='lat'><strong><em>⁴</em></strong></span> <span class='ocrx_word' id='word_1_222' title='bbox 408 1353 527 1384; x_wconf 87' lang='lat' dir='ltr'><strong>bellum</strong></span> <span class='ocrx_word' id='word_1_223' title='bbox 548 1352 716 1384; x_wconf 77' lang='lat' dir='ltr'><strong>Iudaicum</strong></span> <span class='ocrx_word' id='word_1_224' title='bbox 730 1351 950 1392; x_wconf 83' lang='lat' dir='ltr'><strong>Vespasianus</strong></span> <span class='ocrx_word' id='word_1_225' title='bbox 962 1376 971 1392; x_wconf 87' lang='lat'>‚</span> <span class='ocrx_word' id='word_1_226' title='bbox 988 1351 1228 1392; x_wconf 80' lang='lat' dir='ltr'><strong>oppugnatione</strong></span> <span class='ocrx_word' id='word_1_227' title='bbox 1246 1347 1428 1388; x_wconf 81' lang='lat' dir='ltr'><strong>Hierosoly·</strong></span> 
     </span>
     <span class='ocr_line' id='line_1_26' title="bbox 95 1393 1432 1442; baseline -0.007 -6"><span class='ocrx_word' id='word_1_228' title='bbox 95 1412 225 1437; x_wconf 90' lang='lat' dir='ltr'><strong>morum</strong></span> <span class='ocrx_word' id='word_1_229' title='bbox 241 1403 364 1442; x_wconf 87' lang='lat' dir='ltr'><strong>reliqua</strong></span> <span class='ocrx_word' id='word_1_230' title='bbox 378 1426 387 1441; x_wconf 92' lang='lat'><strong>,</strong></span> <span class='ocrx_word' id='word_1_231' title='bbox 407 1401 491 1432; x_wconf 91' lang='lat' dir='ltr'><strong>duro</strong></span> <span class='ocrx_word' id='word_1_232' title='bbox 507 1400 609 1441; x_wconf 82' lang='lat' dir='ltr'><strong>magis</strong></span> <span class='ocrx_word' id='word_1_233' title='bbox 626 1402 658 1433; x_wconf 86' lang='lat' dir='ltr'><strong>et</strong></span> <span class='ocrx_word' id='word_1_234' title='bbox 675 1400 778 1432; x_wconf 87' lang='lat' dir='ltr'><strong>arduo</strong></span> <span class='ocrx_word' id='word_1_235' title='bbox 791 1408 888 1440; x_wconf 77' lang='lat' dir='ltr'><strong>opere</strong></span> <span class='ocrx_word' id='word_1_236' title='bbox 903 1399 946 1430; x_wconf 91' lang='lat' dir='ltr'><strong>ob</strong></span> <span class='ocrx_word' id='word_1_237' title='bbox 959 1399 1123 1439; x_wconf 84' lang='lat' dir='ltr'><strong>ingenium</strong></span> <span class='ocrx_word' id='word_1_238' title='bbox 1141 1398 1260 1430; x_wconf 76' lang='lat' dir='ltr'><strong>montis</strong></span> <span class='ocrx_word' id='word_1_239' title='bbox 1277 1399 1309 1428; x_wconf 83' lang='lat' dir='ltr'><strong>et</strong></span> <span class='ocrx_word' id='word_1_240' title='bbox 1324 1393 1432 1436; x_wconf 81' lang='lat' dir='ltr'><strong>pervi-</strong></span> 
     </span>
     <span class='ocr_line' id='line_1_27' title="bbox 95 1441 1429 1490; baseline -0.007 -8"><span class='ocrx_word' id='word_1_241' title='bbox 95 1451 218 1483; x_wconf 79' lang='lat' dir='ltr'><strong>caciam</strong></span> <span class='ocrx_word' id='word_1_242' title='bbox 247 1449 505 1490; x_wconf 75' lang='lat' dir='ltr'><strong>superstitionis,</strong></span> <span class='ocrx_word' id='word_1_243' title='bbox 532 1457 628 1488; x_wconf 83' lang='lat' dir='ltr'><strong>quam</strong></span> <span class='ocrx_word' id='word_1_244' title='bbox 658 1457 724 1489; x_wconf 89' lang='lat' dir='ltr'><strong>quo</strong></span> <span class='ocrx_word' id='word_1_245' title='bbox 749 1447 829 1479; x_wconf 84' lang='lat' dir='ltr'><strong>satis</strong></span> <span class='ocrx_word' id='word_1_246' title='bbox 854 1446 976 1477; x_wconf 83' lang='lat' dir='ltr'><strong>virium</strong></span> <span class='ocrx_word' id='word_1_247' title='bbox 1002 1445 1142 1478; x_wconf 86' lang='lat' dir='ltr'><strong>obsessis</strong></span> <span class='ocrx_word' id='word_1_248' title='bbox 1168 1445 1209 1477; x_wconf 81' lang='lat' dir='ltr'><strong>ad</strong></span> <span class='ocrx_word' id='word_1_249' title='bbox 1243 1441 1429 1476; x_wconf 80' lang='lat' dir='ltr'><strong>tolerandas</strong></span> 
     </span>
     <span class='ocr_line' id='line_1_28' title="bbox 95 1489 1430 1536; baseline -0.01 -3"><span class='ocrx_word' id='word_1_250' title='bbox 95 1497 302 1533; x_wconf 81' lang='lat' dir='ltr'><strong>necessitates</strong></span> <span class='ocrx_word' id='word_1_251' title='bbox 322 1499 517 1536; x_wconf 79' lang='lat' dir='ltr'><strong>superesset.</strong></span> <span class='ocrx_word' id='word_1_252' title='bbox 541 1498 623 1535; x_wconf 86' lang='lat' dir='ltr'><strong>tres,</strong></span> <span class='ocrx_word' id='word_1_253' title='bbox 650 1496 687 1527; x_wconf 89' lang='lat' dir='ltr'><strong>ut</strong></span> <span class='ocrx_word' id='word_1_254' title='bbox 707 1504 806 1535; x_wconf 82' lang='lat' dir='ltr'><strong>supra</strong></span> <span class='ocrx_word' id='word_1_255' title='bbox 821 1493 1073 1526; x_wconf 87' lang='lat' dir='ltr'><strong>memoravimus</strong></span> <span class='ocrx_word' id='word_1_256' title='bbox 1098 1493 1124 1534; x_wconf 89' lang='lat'><strong>⁵,</strong></span> <span class='ocrx_word' id='word_1_257' title='bbox 1150 1493 1213 1534; x_wconf 86' lang='lat' dir='ltr'><strong>ipsi</strong></span> <span class='ocrx_word' id='word_1_258' title='bbox 1229 1489 1430 1532; x_wconf 80' lang='lat' dir='ltr'><strong>vespasiano</strong></span> 
     </span>
     <span class='ocr_line' id='line_1_29' title="bbox 95 1534 1430 1588; baseline -0.007 -10"><span class='ocrx_word' id='word_1_259' title='bbox 95 1548 239 1588; x_wconf 79' lang='lat' dir='ltr'><strong>legiones</strong></span> <span class='ocrx_word' id='word_1_260' title='bbox 256 1546 358 1583; x_wconf 79' lang='lat' dir='ltr'><strong>erant,</strong></span> <span class='ocrx_word' id='word_1_261' title='bbox 376 1543 529 1575; x_wconf 76' lang='lat' dir='ltr'><strong>exercitae</strong></span> <span class='ocrx_word' id='word_1_262' title='bbox 545 1543 628 1574; x_wconf 88' lang='lat' dir='ltr'><strong>bello</strong></span> <span class='ocrx_word' id='word_1_263' title='bbox 643 1552 651 1574; x_wconf 89' lang='lat'>:</span> <span class='ocrx_word' id='word_1_264' title='bbox 670 1544 826 1583; x_wconf 85' lang='lat' dir='ltr'><strong>quattuor</strong></span> <span class='ocrx_word' id='word_1_265' title='bbox 841 1542 1009 1573; x_wconf 84' lang='lat' dir='ltr'><strong>Mucianus</strong></span> <span class='ocrx_word' id='word_1_266' title='bbox 1022 1541 1190 1572; x_wconf 80' lang='lat' dir='ltr'><strong>obtinebat</strong></span> <span class='ocrx_word' id='word_1_267' title='bbox 1209 1541 1240 1571; x_wconf 89' lang='lat' dir='ltr'><strong>in</strong></span> <span class='ocrx_word' id='word_1_268' title='bbox 1259 1546 1353 1580; x_wconf 87' lang='lat' dir='ltr'><strong>pace;</strong></span> <span class='ocrx_word' id='word_1_269' title='bbox 1373 1534 1430 1567; x_wconf 84' lang='lat' dir='ltr'><strong>sed</strong></span> 
     </span>
     <span class='ocr_line' id='line_1_30' title="bbox 97 1587 1428 1632; baseline -0.011 -4"><span class='ocrx_word' id='word_1_270' title='bbox 97 1594 261 1629; x_wconf 80' lang='lat' dir='ltr'><strong>aemulatio</strong></span> <span class='ocrx_word' id='word_1_271' title='bbox 284 1593 316 1624; x_wconf 87' lang='lat' dir='ltr'><strong>et</strong></span> <span class='ocrx_word' id='word_1_272' title='bbox 338 1591 478 1632; x_wconf 83' lang='lat' dir='ltr'><strong>proximi</strong></span> <span class='ocrx_word' id='word_1_273' title='bbox 501 1591 660 1622; x_wconf 88' lang='lat' dir='ltr'><strong>exercitus</strong></span> <span class='ocrx_word' id='word_1_274' title='bbox 676 1590 779 1630; x_wconf 83' lang='lat' dir='ltr'><strong>gloria</strong></span> <span class='ocrx_word' id='word_1_275' title='bbox 802 1590 963 1630; x_wconf 86' lang='lat' dir='ltr'><strong>repulerat</strong></span> <span class='ocrx_word' id='word_1_276' title='bbox 983 1589 1153 1628; x_wconf 82' lang='lat' dir='ltr'><strong>segnitiam</strong></span> <span class='ocrx_word' id='word_1_277' title='bbox 1167 1612 1176 1627; x_wconf 96' lang='lat'><strong>,</strong></span> <span class='ocrx_word' id='word_1_278' title='bbox 1202 1587 1428 1627; x_wconf 83' lang='lat' dir='ltr'><strong>quantumque</strong></span> 
     </span>
     <span class='ocr_line' id='line_1_31' title="bbox 97 1632 1428 1677; baseline -0.01 -3"><span class='ocrx_word' id='word_1_279' title='bbox 97 1642 159 1676; x_wconf 91' lang='lat' dir='ltr'><strong>illis</strong></span> <span class='ocrx_word' id='word_1_280' title='bbox 182 1640 308 1672; x_wconf 87' lang='lat' dir='ltr'><strong>roboris</strong></span> <span class='ocrx_word' id='word_1_281' title='bbox 333 1638 521 1669; x_wconf 87' lang='lat' dir='ltr'><strong>discrimina</strong></span> <span class='ocrx_word' id='word_1_282' title='bbox 545 1638 578 1668; x_wconf 84' lang='lat' dir='ltr'><strong>et</strong></span> <span class='ocrx_word' id='word_1_283' title='bbox 605 1637 709 1677; x_wconf 88' lang='lat' dir='ltr'><strong>labor,</strong></span> <span class='ocrx_word' id='word_1_284' title='bbox 735 1638 865 1668; x_wconf 81' lang='lat' dir='ltr'><strong>tantuin</strong></span> <span class='ocrx_word' id='word_1_285' title='bbox 892 1636 942 1666; x_wconf 89' lang='lat' dir='ltr'><strong>his</strong></span> <span class='ocrx_word' id='word_1_286' title='bbox 965 1635 1086 1675; x_wconf 86' lang='lat' dir='ltr'><strong>vigoris</strong></span> <span class='ocrx_word' id='word_1_287' title='bbox 1112 1634 1279 1666; x_wconf 81' lang='lat' dir='ltr'><strong>addiderat</strong></span> <span class='ocrx_word' id='word_1_288' title='bbox 1302 1632 1428 1671; x_wconf 83' lang='lat' dir='ltr'><strong>integra</strong></span> 
     </span>
     <span class='ocr_line' id='line_1_32' title="bbox 98 1678 1428 1732; baseline -0.008 -13"><span class='ocrx_word' id='word_1_289' title='bbox 98 1689 189 1732; x_wconf 84' lang='lat' dir='ltr'><strong>quies</strong></span> <span class='ocrx_word' id='word_1_290' title='bbox 207 1688 240 1719; x_wconf 88' lang='lat' dir='ltr'><strong>et</strong></span> <span class='ocrx_word' id='word_1_291' title='bbox 263 1684 427 1725; x_wconf 83' lang='lat' dir='ltr'><strong>inexperti</strong></span> <span class='ocrx_word' id='word_1_292' title='bbox 453 1683 527 1715; x_wconf 88' lang='lat' dir='ltr'><strong>belli</strong></span> <span class='ocrx_word' id='word_1_293' title='bbox 544 1684 650 1715; x_wconf 83' lang='lat' dir='ltr'><strong>ardor.</strong></span> <span class='ocrx_word' id='word_1_294' title='bbox 669 1683 790 1715; x_wconf 82' lang='lat' dir='ltr'><strong>auxilia</strong></span> <span class='ocrx_word' id='word_1_295' title='bbox 814 1682 946 1722; x_wconf 85' lang='lat' dir='ltr'><strong>utrique</strong></span> <span class='ocrx_word' id='word_1_296' title='bbox 961 1682 1147 1713; x_wconf 81' lang='lat' dir='ltr'><strong>cohortium</strong></span> <span class='ocrx_word' id='word_1_297' title='bbox 1165 1681 1353 1720; x_wconf 85' lang='lat' dir='ltr'><strong>alarumque</strong></span> <span class='ocrx_word' id='word_1_298' title='bbox 1368 1701 1377 1718; x_wconf 90' lang='lat'><strong>,</strong></span> <span class='ocrx_word' id='word_1_299' title='bbox 1395 1678 1428 1708; x_wconf 86' lang='lat' dir='ltr'><strong>et</strong></span> 
     </span>
     <span class='ocr_line' id='line_1_33' title="bbox 98 1730 1000 1773; baseline -0.011 -3"><span class='ocrx_word' id='word_1_300' title='bbox 98 1737 215 1770; x_wconf 84' lang='lat' dir='ltr'><strong>classes</strong></span> <span class='ocrx_word' id='word_1_301' title='bbox 231 1741 383 1773; x_wconf 84' lang='lat' dir='ltr'><strong>regesque</strong></span> <span class='ocrx_word' id='word_1_302' title='bbox 395 1755 403 1770; x_wconf 90' lang='lat'><strong>,</strong></span> <span class='ocrx_word' id='word_1_303' title='bbox 420 1740 458 1762; x_wconf 84' lang='lat' dir='ltr'><strong>ac</strong></span> <span class='ocrx_word' id='word_1_304' title='bbox 476 1740 594 1763; x_wconf 85' lang='lat' dir='ltr'><strong>nomen</strong></span> <span class='ocrx_word' id='word_1_305' title='bbox 610 1731 732 1772; x_wconf 87' lang='lat' dir='ltr'><strong>dispari</strong></span> <span class='ocrx_word' id='word_1_306' title='bbox 754 1731 840 1762; x_wconf 85' lang='lat' dir='ltr'><strong>fama</strong></span> <span class='ocrx_word' id='word_1_307' title='bbox 862 1730 1000 1761; x_wconf 89' lang='lat' dir='ltr'><strong>celebre.</strong></span> 
     </span>
    </p>

    <p class='ocr_par' dir='ltr' id='par_1_6' title="bbox 100 1775 1431 2060">
     <span class='ocr_line' id='line_1_34' title="bbox 140 1775 1428 1822; baseline -0.008 -9"><span class='ocrx_word' id='word_1_308' title='bbox 140 1788 180 1817; x_wconf 81' lang='lat' dir='ltr'><strong>V.</strong></span> <span class='ocrx_word' id='word_1_309' title='bbox 200 1780 414 1822; x_wconf 85' lang='lat' dir='ltr'><strong>Vespasianus</strong></span> <span class='ocrx_word' id='word_1_310' title='bbox 442 1788 515 1810; x_wconf 89' lang='lat' dir='ltr'><strong>acer</strong></span> <span class='ocrx_word' id='word_1_311' title='bbox 538 1779 685 1818; x_wconf 67' lang='lat' dir='ltr'><strong>militiae,</strong></span> <span class='ocrx_word' id='word_1_312' title='bbox 713 1779 836 1809; x_wconf 84' lang='lat' dir='ltr'><strong>anteire</strong></span> <span class='ocrx_word' id='word_1_313' title='bbox 861 1786 995 1817; x_wconf 82' lang='lat' dir='ltr'><strong>agmen,</strong></span> <span class='ocrx_word' id='word_1_314' title='bbox 1018 1777 1125 1808; x_wconf 86' lang='lat' dir='ltr'><strong>locum</strong></span> <span class='ocrx_word' id='word_1_315' title='bbox 1152 1775 1266 1808; x_wconf 85' lang='lat' dir='ltr'><strong>castris</strong></span> <span class='ocrx_word' id='word_1_316' title='bbox 1291 1779 1404 1815; x_wconf 84' lang='lat' dir='ltr'><strong>capere</strong></span> <span class='ocrx_word' id='word_1_317' title='bbox 1419 1794 1428 1811; x_wconf 95' lang='lat'><strong>,</strong></span> 
     </span>
     <span class='ocr_line' id='line_1_35' title="bbox 101 1817 1430 1869; baseline -0.011 -5"><span class='ocrx_word' id='word_1_318' title='bbox 101 1835 197 1864; x_wconf 86' lang='lat' dir='ltr'><strong>noctu</strong></span> <span class='ocrx_word' id='word_1_319' title='bbox 221 1830 342 1869; x_wconf 87' lang='lat' dir='ltr'><strong>diuque</strong></span> <span class='ocrx_word' id='word_1_320' title='bbox 361 1827 494 1858; x_wconf 85' lang='lat' dir='ltr'><strong>consilio</strong></span> <span class='ocrx_word' id='word_1_321' title='bbox 511 1835 568 1867; x_wconf 88' lang='lat' dir='ltr'><strong>ac,</strong></span> <span class='ocrx_word' id='word_1_322' title='bbox 590 1826 616 1857; x_wconf 89' lang='lat' dir='ltr'><strong>si</strong></span> <span class='ocrx_word' id='word_1_323' title='bbox 643 1834 695 1858; x_wconf 90' lang='lat' dir='ltr'><strong>res</strong></span> <span class='ocrx_word' id='word_1_324' title='bbox 717 1827 886 1866; x_wconf 86' lang='lat' dir='ltr'><strong>posceret,</strong></span> <span class='ocrx_word' id='word_1_325' title='bbox 913 1833 1011 1855; x_wconf 86' lang='lat' dir='ltr'><strong>manu</strong></span> <span class='ocrx_word' id='word_1_326' title='bbox 1035 1824 1182 1855; x_wconf 81' lang='lat' dir='ltr'><strong>hostibus</strong></span> <span class='ocrx_word' id='word_1_327' title='bbox 1207 1821 1330 1862; x_wconf 88' lang='lat' dir='ltr'><strong>obniti,</strong></span> <span class='ocrx_word' id='word_1_328' title='bbox 1356 1817 1430 1851; x_wconf 80' lang='lat' dir='ltr'><strong>cibo</strong></span> 
     </span>
     <span class='ocr_line' id='line_1_36' title="bbox 100 1864 1431 1916; baseline -0.008 -6"><span class='ocrx_word' id='word_1_329' title='bbox 100 1878 235 1913; x_wconf 82' lang='lat' dir='ltr'><strong>fortuito</strong></span> <span class='ocrx_word' id='word_1_330' title='bbox 250 1901 258 1916; x_wconf 90' lang='lat'>‚</span> <span class='ocrx_word' id='word_1_331' title='bbox 276 1878 367 1907; x_wconf 76' lang='lat' dir='ltr'><strong>veste</strong></span> <span class='ocrx_word' id='word_1_332' title='bbox 384 1874 559 1913; x_wconf 81' lang='lat' dir='ltr'><strong>habituque</strong></span> <span class='ocrx_word' id='word_1_333' title='bbox 585 1873 641 1904; x_wconf 82' lang='lat' dir='ltr'><strong>vix</strong></span> <span class='ocrx_word' id='word_1_334' title='bbox 668 1882 687 1905; x_wconf 84' lang='lat' dir='ltr'><strong>a</strong></span> <span class='ocrx_word' id='word_1_335' title='bbox 710 1873 854 1913; x_wconf 81' lang='lat' dir='ltr'><strong>gregario</strong></span> <span class='ocrx_word' id='word_1_336' title='bbox 877 1871 980 1903; x_wconf 82' lang='lat' dir='ltr'><strong>milite</strong></span> <span class='ocrx_word' id='word_1_337' title='bbox 997 1872 1203 1913; x_wconf 85' lang='lat' dir='ltr'><strong>discrepans;</strong></span> <span class='ocrx_word' id='word_1_338' title='bbox 1229 1875 1363 1911; x_wconf 82' lang='lat' dir='ltr'><strong>prorsus</strong></span> <span class='ocrx_word' id='word_1_339' title='bbox 1374 1891 1384 1908; x_wconf 90' lang='lat'>‚</span> <span class='ocrx_word' id='word_1_340' title='bbox 1402 1864 1431 1898; x_wconf 78' lang='lat' dir='ltr'><strong>si</strong></span> 
     </span>
     <span class='ocr_line' id='line_1_37' title="bbox 101 1911 1429 1962; baseline -0.008 -5"><span class='ocrx_word' id='word_1_341' title='bbox 101 1926 239 1959; x_wconf 81' lang='lat' dir='ltr'><strong>avaritia</strong></span> <span class='ocrx_word' id='word_1_342' title='bbox 263 1923 411 1962; x_wconf 88' lang='lat' dir='ltr'><strong>abesset,</strong></span> <span class='ocrx_word' id='word_1_343' title='bbox 430 1921 573 1961; x_wconf 88' lang='lat' dir='ltr'><strong>antiquis</strong></span> <span class='ocrx_word' id='word_1_344' title='bbox 591 1920 729 1952; x_wconf 88' lang='lat' dir='ltr'><strong>ducibus</strong></span> <span class='ocrx_word' id='word_1_345' title='bbox 753 1929 822 1961; x_wconf 91' lang='lat' dir='ltr'><strong>par.</strong></span> <span class='ocrx_word' id='word_1_346' title='bbox 847 1920 1035 1951; x_wconf 88' lang='lat' dir='ltr'><strong>Mucianum</strong></span> <span class='ocrx_word' id='word_1_347' title='bbox 1062 1928 1079 1951; x_wconf 91' lang='lat' dir='ltr'><strong>e</strong></span> <span class='ocrx_word' id='word_1_348' title='bbox 1105 1917 1267 1950; x_wconf 86' lang='lat' dir='ltr'><strong>contrario</strong></span> <span class='ocrx_word' id='word_1_349' title='bbox 1287 1911 1429 1956; x_wconf 81' lang='lat' dir='ltr'><strong>magnifi-</strong></span> 
     </span>
     <span class='ocr_line' id='line_1_38' title="bbox 101 1960 1431 2012; baseline -0.008 -7"><span class='ocrx_word' id='word_1_350' title='bbox 101 1974 204 2006; x_wconf 78' lang='lat' dir='ltr'><strong>centia</strong></span> <span class='ocrx_word' id='word_1_351' title='bbox 223 1973 255 2004; x_wconf 87' lang='lat' dir='ltr'><strong>et</strong></span> <span class='ocrx_word' id='word_1_352' title='bbox 268 1979 344 2012; x_wconf 87' lang='lat' dir='ltr'><strong>opes</strong></span> <span class='ocrx_word' id='word_1_353' title='bbox 358 1970 390 2001; x_wconf 90' lang='lat' dir='ltr'><strong>et</strong></span> <span class='ocrx_word' id='word_1_354' title='bbox 407 1972 524 2001; x_wconf 87' lang='lat' dir='ltr'><strong>cuncta</strong></span> <span class='ocrx_word' id='word_1_355' title='bbox 540 1968 702 2009; x_wconf 88' lang='lat' dir='ltr'><strong>privatum</strong></span> <span class='ocrx_word' id='word_1_356' title='bbox 720 1967 853 1999; x_wconf 91' lang='lat' dir='ltr'><strong>modum</strong></span> <span class='ocrx_word' id='word_1_357' title='bbox 870 1975 1077 2008; x_wconf 80' lang='lat' dir='ltr'><strong>supergressa</strong></span> <span class='ocrx_word' id='word_1_358' title='bbox 1093 1965 1308 2004; x_wconf 80' lang='lat' dir='ltr'><strong>extollebant3</strong></span> <span class='ocrx_word' id='word_1_359' title='bbox 1325 1960 1431 2004; x_wconf 73' lang='lat' dir='ltr'><strong>aptior</strong></span> 
     </span>
     <span class='ocr_line' id='line_1_39' title="bbox 101 2007 1429 2060; baseline -0.01 -8"><span class='ocrx_word' id='word_1_360' title='bbox 101 2028 269 2060; x_wconf 89' lang='lat' dir='ltr'><strong>sermone,</strong></span> <span class='ocrx_word' id='word_1_361' title='bbox 287 2017 445 2059; x_wconf 85' lang='lat' dir='ltr'><strong>dispositu</strong></span> <span class='ocrx_word' id='word_1_362' title='bbox 457 2016 654 2057; x_wconf 86' lang='lat' dir='ltr'><strong>provisuque</strong></span> <span class='ocrx_word' id='word_1_363' title='bbox 671 2014 815 2046; x_wconf 87' lang='lat' dir='ltr'><strong>civilium</strong></span> <span class='ocrx_word' id='word_1_364' title='bbox 835 2022 942 2046; x_wconf 90' lang='lat' dir='ltr'><strong>rerum</strong></span> <span class='ocrx_word' id='word_1_365' title='bbox 961 2014 1084 2054; x_wconf 87' lang='lat' dir='ltr'><strong>peritus</strong></span> <span class='ocrx_word' id='word_1_366' title='bbox 1107 2013 1114 2031; x_wconf 91' lang='lat'><strong>¹</strong></span> <span class='ocrx_word' id='word_1_367' title='bbox 1138 2023 1145 2045; x_wconf 90' lang='lat'><strong>:</strong></span> <span class='ocrx_word' id='word_1_368' title='bbox 1163 2012 1325 2053; x_wconf 83' lang='lat' dir='ltr'><strong>egregium</strong></span> <span class='ocrx_word' id='word_1_369' title='bbox 1338 2007 1429 2051; x_wconf 81' lang='lat' dir='ltr'><strong>prin-</strong></span> 
     </span>
    </p>
   </div>
   <div class='ocr_carea' id='block_1_3' title="bbox 103 2155 1435 2471">
    <p class='ocr_par' dir='ltr' id='par_1_7' title="bbox 104 2155 856 2191">
     <span class='ocr_line' id='line_1_40' title="bbox 104 2155 856 2191; baseline -0.008 -6"><span class='ocrx_word' id='word_1_370' title='bbox 104 2161 281 2191; x_wconf 81' lang='lat' dir='ltr'><strong>utplurimum</strong></span> <span class='ocrx_word' id='word_1_371' title='bbox 294 2159 510 2190; x_wconf 60' lang='lat' dir='ltr'><strong>legentibus—⁴.</strong></span> <span class='ocrx_word' id='word_1_372' title='bbox 527 2158 582 2188; x_wconf 74' lang='lat' dir='ltr'><strong>Sic,</strong></span> <span class='ocrx_word' id='word_1_373' title='bbox 593 2157 641 2182; x_wconf 89' lang='lat' dir='ltr'><strong>tali</strong></span> <span class='ocrx_word' id='word_1_374' title='bbox 655 2157 741 2182; x_wconf 81' lang='lat' dir='ltr'><strong>forma</strong></span> <span class='ocrx_word' id='word_1_375' title='bbox 756 2155 856 2180; x_wconf 77' lang='lat' dir='ltr'><strong>efficta.</strong></span> 
     </span>
    </p>

    <p class='ocr_par' dir='ltr' id='par_1_8' title="bbox 103 2184 1435 2368">
     <span class='ocr_line' id='line_1_41' title="bbox 134 2184 1427 2229; baseline -0.009 -9"><span class='ocrx_word' id='word_1_376' title='bbox 134 2197 177 2220; x_wconf 86' lang='lat'>111.</span> <span class='ocrx_word' id='word_1_377' title='bbox 195 2202 215 2220; x_wconf 78' lang='lat' dir='ltr'><strong>i.</strong></span> <span class='ocrx_word' id='word_1_378' title='bbox 230 2196 378 2220; x_wconf 79' lang='lat' dir='ltr'><strong>conditore</strong></span> <span class='ocrx_word' id='word_1_379' title='bbox 392 2194 540 2225; x_wconf 71' lang='lat' dir='ltr'><strong>Paphi.—2.</strong></span> <span class='ocrx_word' id='word_1_380' title='bbox 554 2193 593 2218; x_wconf 79' lang='lat' dir='ltr'><strong>Ab</strong></span> <span class='ocrx_word' id='word_1_381' title='bbox 604 2193 644 2217; x_wconf 80' lang='lat' dir='ltr'><strong>his</strong></span> <span class='ocrx_word' id='word_1_382' title='bbox 656 2187 822 2229; x_wconf 83' lang='grc' dir='ltr'>Κινυράδαι</span> <span class='ocrx_word' id='word_1_383' title='bbox 837 2192 864 2215; x_wconf 88' lang='lat' dir='ltr'><strong>et</strong></span> <span class='ocrx_word' id='word_1_384' title='bbox 874 2184 1058 2227; x_wconf 85' lang='grc' dir='ltr'>Ταμιράδαι.</span> <span class='ocrx_word' id='word_1_385' title='bbox 1072 2189 1167 2213; x_wconf 88' lang='lat' dir='ltr'><strong>Cicero</strong></span> <span class='ocrx_word' id='word_1_386' title='bbox 1188 2187 1222 2212; x_wconf 80' lang='lat' dir='ltr'><strong>de</strong></span> <span class='ocrx_word' id='word_1_387' title='bbox 1245 2186 1338 2211; x_wconf 75' lang='lat' dir='ltr'><strong>Divin.</strong></span> <span class='ocrx_word' id='word_1_388' title='bbox 1360 2186 1379 2214; x_wconf 86' lang='lat'><strong>1,</strong></span> <span class='ocrx_word' id='word_1_389' title='bbox 1393 2189 1427 2209; x_wconf 72' lang='lat' dir='ltr'><strong>a:</strong></span> 
     </span>
     <span class='ocr_line' id='line_1_42' title="bbox 103 2221 1429 2259; baseline -0.009 -3"><span class='ocrx_word' id='word_1_390' title='bbox 103 2241 119 2252; x_wconf 75' lang='grc' dir='ltr'>κ</span> <span class='ocrx_word' id='word_1_391' title='bbox 130 2232 228 2255; x_wconf 81' lang='lat' dir='ltr'><strong>Cilices</strong></span> <span class='ocrx_word' id='word_1_392' title='bbox 245 2231 380 2255; x_wconf 80' lang='lat' dir='ltr'><strong>volatibus</strong></span> <span class='ocrx_word' id='word_1_393' title='bbox 398 2231 487 2254; x_wconf 84' lang='lat' dir='ltr'><strong>avium</strong></span> <span class='ocrx_word' id='word_1_394' title='bbox 514 2229 695 2259; x_wconf 83' lang='lat' dir='ltr'><strong>cantibusque</strong></span> <span class='ocrx_word' id='word_1_395' title='bbox 710 2230 740 2252; x_wconf 87' lang='lat' dir='ltr'><strong>ut</strong></span> <span class='ocrx_word' id='word_1_396' title='bbox 754 2227 910 2252; x_wconf 84' lang='lat' dir='ltr'><strong>certissimis</strong></span> <span class='ocrx_word' id='word_1_397' title='bbox 924 2225 1008 2255; x_wconf 86' lang='lat' dir='ltr'><strong>signis</strong></span> <span class='ocrx_word' id='word_1_398' title='bbox 1028 2223 1164 2249; x_wconf 82' lang='lat' dir='ltr'><strong>declarari</strong></span> <span class='ocrx_word' id='word_1_399' title='bbox 1188 2228 1233 2247; x_wconf 87' lang='lat' dir='ltr'><strong>res</strong></span> <span class='ocrx_word' id='word_1_400' title='bbox 1258 2221 1429 2250; x_wconf 79' lang='lat' dir='ltr'><strong>futuras-pu-</strong></span> 
     </span>
     <span class='ocr_line' id='line_1_43' title="bbox 105 2254 1435 2296; baseline -0.008 -5"><span class='ocrx_word' id='word_1_401' title='bbox 105 2268 172 2291; x_wconf 83' lang='lat' dir='ltr'><strong>tant.</strong></span> <span class='ocrx_word' id='word_1_402' title='bbox 192 2277 206 2287; x_wconf 79' lang='lat' dir='ltr'><strong>n</strong></span> <span class='ocrx_word' id='word_1_403' title='bbox 220 2268 250 2291; x_wconf 87' lang='lat' dir='ltr'><strong>ln</strong></span> <span class='ocrx_word' id='word_1_404' title='bbox 264 2266 364 2296; x_wconf 84' lang='lat' dir='ltr'><strong>templo</strong></span> <span class='ocrx_word' id='word_1_405' title='bbox 376 2271 461 2290; x_wconf 85' lang='lat' dir='ltr'><strong>sacrae</strong></span> <span class='ocrx_word' id='word_1_406' title='bbox 481 2265 613 2290; x_wconf 84' lang='lat' dir='ltr'><strong>columbae</strong></span> <span class='ocrx_word' id='word_1_407' title='bbox 625 2264 777 2288; x_wconf 87' lang='lat' dir='ltr'><strong>alebantur.</strong></span> <span class='ocrx_word' id='word_1_408' title='bbox 789 2276 816 2279; x_wconf 97' lang='lat'><strong>—</strong></span> <span class='ocrx_word' id='word_1_409' title='bbox 831 2267 853 2285; x_wconf 77' lang='lat'><strong>5.</strong></span> <span class='ocrx_word' id='word_1_410' title='bbox 872 2263 1032 2288; x_wconf 62' lang='lat' dir='ltr'><strong>necessest:</strong></span> <span class='ocrx_word' id='word_1_411' title='bbox 1050 2265 1110 2283; x_wconf 88' lang='lat' dir='ltr'><strong>cam</strong></span> <span class='ocrx_word' id='word_1_412' title='bbox 1123 2258 1266 2288; x_wconf 84' lang='lat' dir='ltr'><strong>cinyradae</strong></span> <span class='ocrx_word' id='word_1_413' title='bbox 1289 2254 1435 2281; x_wconf 74' lang='lat' dir='ltr'><strong>sacerdott</strong></span> 
     </span>
     <span class='ocr_line' id='line_1_44' title="bbox 105 2291 1430 2334; baseline -0.008 -6"><span class='ocrx_word' id='word_1_414' title='bbox 105 2308 266 2328; x_wconf 78' lang='lat' dir='ltr'><strong>concessere</strong></span> <span class='ocrx_word' id='word_1_415' title='bbox 287 2302 502 2326; x_wconf 55' lang='lat' dir='ltr'><strong>Tumuada—⁴.</strong></span> <span class='ocrx_word' id='word_1_416' title='bbox 519 2300 595 2325; x_wconf 79' lang='lat' dir='ltr'><strong>Adde</strong></span> <span class='ocrx_word' id='word_1_417' title='bbox 613 2307 618 2324; x_wconf 92' lang='lat'>:</span> <span class='ocrx_word' id='word_1_418' title='bbox 635 2300 682 2324; x_wconf 87' lang='lat' dir='ltr'><strong>sed</strong></span> <span class='ocrx_word' id='word_1_419' title='bbox 702 2301 744 2323; x_wconf 83' lang='lat' dir='ltr'><strong>est</strong></span> <span class='ocrx_word' id='word_1_420' title='bbox 758 2299 831 2323; x_wconf 79' lang='lat' dir='ltr'><strong>cont.</strong></span> <span class='ocrx_word' id='word_1_421' title='bbox 846 2291 1002 2334; x_wconf 85' lang='grc' dir='ltr'>Πυραμίδι</span> <span class='ocrx_word' id='word_1_422' title='bbox 1016 2291 1110 2331; x_wconf 78' lang='grc' dir='ltr'>λευκῇ</span> <span class='ocrx_word' id='word_1_423' title='bbox 1133 2295 1248 2320; x_wconf 85' lang='lat' dir='ltr'><strong>similem</strong></span> <span class='ocrx_word' id='word_1_424' title='bbox 1263 2294 1329 2319; x_wconf 81' lang='lat' dir='ltr'><strong>dicit</strong></span> <span class='ocrx_word' id='word_1_425' title='bbox 1347 2291 1430 2318; x_wconf 76' lang='lat' dir='ltr'><strong>Max!-</strong></span> 
     </span>
     <span class='ocr_line' id='line_1_45' title="bbox 105 2331 1073 2368; baseline -0.009 -5"><span class='ocrx_word' id='word_1_426' title='bbox 105 2344 164 2363; x_wconf 78' lang='lat' dir='ltr'><strong>mus</strong></span> <span class='ocrx_word' id='word_1_427' title='bbox 173 2339 279 2368; x_wconf 85' lang='lat' dir='ltr'><strong>Tyrius.</strong></span> <span class='ocrx_word' id='word_1_428' title='bbox 291 2338 359 2362; x_wconf 34' lang='lat' dir='ltr'><strong>nissi</strong></span> <span class='ocrx_word' id='word_1_429' title='bbox 374 2343 395 2365; x_wconf 77' lang='lat' dir='ltr'><strong>a,</strong></span> <span class='ocrx_word' id='word_1_430' title='bbox 408 2343 432 2367; x_wconf 82' lang='lat' dir='ltr'><strong>p.</strong></span> <span class='ocrx_word' id='word_1_431' title='bbox 449 2341 478 2361; x_wconf 77' lang='lat'><strong>50</strong></span> <span class='ocrx_word' id='word_1_432' title='bbox 491 2341 557 2360; x_wconf 83' lang='lat' dir='ltr'><strong>meae</strong></span> <span class='ocrx_word' id='word_1_433' title='bbox 574 2336 637 2359; x_wconf 84' lang='lat' dir='ltr'><strong>edit.</strong></span> <span class='ocrx_word' id='word_1_434' title='bbox 655 2334 825 2364; x_wconf 83' lang='lat' dir='ltr'><strong>Conspicitur</strong></span> <span class='ocrx_word' id='word_1_435' title='bbox 839 2334 866 2357; x_wconf 88' lang='lat' dir='ltr'><strong>in</strong></span> <span class='ocrx_word' id='word_1_436' title='bbox 880 2334 968 2357; x_wconf 87' lang='lat' dir='ltr'><strong>numis</strong></span> <span class='ocrx_word' id='word_1_437' title='bbox 980 2331 1073 2361; x_wconf 82' lang='lat' dir='ltr'><strong>Paphi.</strong></span> 
     </span>
    </p>

    <p class='ocr_par' dir='ltr' id='par_1_9' title="bbox 105 2365 1428 2439">
     <span class='ocr_line' id='line_1_46' title="bbox 135 2365 1428 2402; baseline -0.008 -4"><span class='ocrx_word' id='word_1_438' title='bbox 135 2375 177 2398; x_wconf 63' lang='lat' dir='ltr'><strong>iv,</strong></span> <span class='ocrx_word' id='word_1_439' title='bbox 198 2380 217 2398; x_wconf 82' lang='grc' dir='ltr'><strong>ι.</strong></span> <span class='ocrx_word' id='word_1_440' title='bbox 234 2374 347 2402; x_wconf 81' lang='lat' dir='ltr'><strong>Antiqua</strong></span> <span class='ocrx_word' id='word_1_441' title='bbox 358 2372 468 2396; x_wconf 86' lang='lat' dir='ltr'><strong>historia</strong></span> <span class='ocrx_word' id='word_1_442' title='bbox 482 2371 697 2396; x_wconf 59' lang='lat' dir='ltr'><strong>referenda—2.</strong></span> <span class='ocrx_word' id='word_1_443' title='bbox 709 2369 801 2393; x_wconf 75' lang='lat' dir='ltr'><strong>Verbis</strong></span> <span class='ocrx_word' id='word_1_444' title='bbox 816 2368 955 2398; x_wconf 81' lang='lat' dir='ltr'><strong>ambiguis,</strong></span> <span class='ocrx_word' id='word_1_445' title='bbox 971 2373 1004 2391; x_wconf 91' lang='lat' dir='ltr'><strong>ne</strong></span> <span class='ocrx_word' id='word_1_446' title='bbox 1022 2366 1172 2396; x_wconf 86' lang='lat' dir='ltr'><strong>periculum</strong></span> <span class='ocrx_word' id='word_1_447' title='bbox 1192 2366 1243 2390; x_wconf 84' lang='lat' dir='ltr'><strong>sibi</strong></span> <span class='ocrx_word' id='word_1_448' title='bbox 1256 2365 1428 2390; x_wconf 81' lang='lat' dir='ltr'><strong>nasceretur.</strong></span> 
     </span>
     <span class='ocr_line' id='line_1_47' title="bbox 105 2400 1398 2439; baseline -0.007 -6"><span class='ocrx_word' id='word_1_449' title='bbox 105 2415 158 2433; x_wconf 80' lang='lat'><strong>-5.</strong></span> <span class='ocrx_word' id='word_1_450' title='bbox 172 2410 222 2439; x_wconf 85' lang='lat' dir='ltr'><strong>Qui</strong></span> <span class='ocrx_word' id='word_1_451' title='bbox 236 2410 292 2434; x_wconf 89' lang='lat' dir='ltr'><strong>tum</strong></span> <span class='ocrx_word' id='word_1_452' title='bbox 307 2408 434 2432; x_wconf 79' lang='lat' dir='ltr'><strong>Caesareae</strong></span> <span class='ocrx_word' id='word_1_453' title='bbox 446 2408 472 2430; x_wconf 91' lang='lat' dir='ltr'><strong>in</strong></span> <span class='ocrx_word' id='word_1_454' title='bbox 486 2407 577 2431; x_wconf 77' lang='lat' dir='ltr'><strong>Judaea</strong></span> <span class='ocrx_word' id='word_1_455' title='bbox 595 2405 818 2429; x_wconf 68' lang='lat' dir='ltr'><strong>versabatur.—⁴.</strong></span> <span class='ocrx_word' id='word_1_456' title='bbox 834 2405 918 2433; x_wconf 82' lang='lat' dir='ltr'><strong>Prope</strong></span> <span class='ocrx_word' id='word_1_457' title='bbox 933 2403 966 2426; x_wconf 84' lang='lat' dir='ltr'><strong>ad</strong></span> <span class='ocrx_word' id='word_1_458' title='bbox 983 2402 1065 2426; x_wconf 82' lang='lat' dir='ltr'><strong>finem</strong></span> <span class='ocrx_word' id='word_1_459' title='bbox 1078 2401 1307 2432; x_wconf 69' lang='lat' dir='ltr'><strong>perduxerat—11.</strong></span> <span class='ocrx_word' id='word_1_460' title='bbox 1323 2400 1343 2430; x_wconf 77' lang='grc' dir='ltr'><strong>Ι,</strong></span> <span class='ocrx_word' id='word_1_461' title='bbox 1363 2404 1398 2424; x_wconf 82' lang='grc' dir='ltr'><strong>ιο.</strong></span> 
     </span>
    </p>

    <p class='ocr_par' dir='ltr' id='par_1_10' title="bbox 137 2440 798 2471">
     <span class='ocr_line' id='line_1_48' title="bbox 137 2440 798 2471; baseline -0.009 -3"><span class='ocrx_word' id='word_1_462' title='bbox 137 2445 166 2468; x_wconf 88' lang='lat' dir='ltr'><strong>V.</strong></span> <span class='ocrx_word' id='word_1_463' title='bbox 188 2451 206 2468; x_wconf 83' lang='lat' dir='ltr'><strong>i.</strong></span> <span class='ocrx_word' id='word_1_464' title='bbox 221 2444 266 2468; x_wconf 81' lang='lat' dir='ltr'><strong>His</strong></span> <span class='ocrx_word' id='word_1_465' title='bbox 277 2443 310 2467; x_wconf 83' lang='lat' dir='ltr'><strong>de</strong></span> <span class='ocrx_word' id='word_1_466' title='bbox 320 2444 450 2467; x_wconf 61' lang='lat' dir='ltr'><strong>‘Muciano</strong></span> <span class='ocrx_word' id='word_1_467' title='bbox 465 2443 534 2466; x_wconf 83' lang='lat' dir='ltr'><strong>adde</strong></span> <span class='ocrx_word' id='word_1_468' title='bbox 547 2447 629 2471; x_wconf 78' lang='lat' dir='ltr'><strong>supra</strong></span> <span class='ocrx_word' id='word_1_469' title='bbox 644 2440 715 2463; x_wconf 80' lang='lat' dir='ltr'><strong>dicta</strong></span> <span class='ocrx_word' id='word_1_470' title='bbox 728 2441 745 2468; x_wconf 78' lang='lat' dir='ltr'><strong>i,</strong></span> <span class='ocrx_word' id='word_1_471' title='bbox 764 2445 798 2463; x_wconf 82' lang='lat' dir='ltr'><strong>io.</strong></span> 
     </span>
    </p>
   </div>
   <div class='ocr_carea' id='block_1_4' title="bbox 1495 0 1539 2668">
    <p class='ocr_par' dir='ltr' id='par_1_11' title="bbox 1495 0 1539 2668">
     <span class='ocr_line' id='line_1_49' title="bbox 1495 0 1539 2668; baseline 0 0"><span class='ocrx_word' id='word_1_472' title='bbox 1495 0 1539 2668; x_wconf 95' lang='lat' dir='ltr'><strong> </strong></span> 
     </span>
    </p>
   </div>
  </div>
 </body>
</html>
