1539 2668
510 170 772 202 ELOCUTIONIS
793 170 977 199 TACl'rFAE.
1353 171 1407 201 xix

343 267 741 307 CONJUNCTloNES
760 277 809 302 ET
829 265 1140 302 PARTICULAE.

134 368 224 403 Haec
242 373 323 411 pars
340 362 477 409 linguae
502 362 601 398 utin
629 360 731 396 nullo
756 360 926 406 scriptore
946 358 1163 405 negligenda
1193 365 1247 394 est
1262 387 1271 401 ,
1302 361 1350 395 ita
1371 361 1408 396 in

86 420 211 456 Tacito
225 416 427 464 praesertim
445 415 639 462 diligenter
657 412 901 453 observanda,
931 413 993 459 qui
1016 423 1159 448 summa
1182 418 1260 449 arte
1276 414 1410 449 oratio—

87 483 171 510 nem
189 470 398 513 contexuit,
425 474 466 504 ut
484 468 572 504 nihil
587 478 663 504 non
678 467 725 502 sit
748 466 1135 513 significantissimum.
1156 467 1306 512 Propria
1327 466 1409 512 ipsi,

88 525 144 562 vel
164 534 246 571 quae
263 523 512 570 frequentiora
529 520 625 568 apud
639 531 721 556 eum
742 520 816 555 sint
830 530 937 566 quam
957 518 1055 566 apud
1066 525 1220 562 ceteros,
1244 519 1322 556 haec
1336 519 1411 555 fere

87 581 326 614 annotantur.

138 652 394 699 Conjunctz'vae
413 651 488 686 sive
514 649 730 696 copulantes
755 648 956 694 particula
983 657 1077 694 saepe
1101 648 1342 693 omittuntur,
1373 655 1414 685 ut

90 706 290 751 interrupto
310 705 500 752 paululum
520 713 688 740 sermone
711 712 768 738 res
789 701 941 737 vividius
959 707 1155 737 notentur:
1178 704 1279 737 mira
1298 705 1398 738 comt

89 761 151 795 tas
165 761 201 794 et
214 758 365 794 diversa
382 769 405 793 a
423 757 563 793 Tiberii
577 766 763 798 sermone,
794 754 912 790 melta.
934 757 1034 790 Nero
1054 754 1222 790 vividam
1242 758 1413 791 animum

89 814 129 848 in
142 811 221 847 alia
237 812 416 847 detorsit:
438 810 570 846 caelare
582 836 593 855 ‚
609 812 790 856 pinyere,
812 811 945 843 cantas
963 810 1031 843 aut
1048 809 1216 854 reqimen
1236 817 1415 854 equorum

90 875 284 900 exercere.
306 866 541 900 Faturorum
556 864 747 909 praesaye’a
758 889 770 908 ‚
797 862 897 905 laeta,
920 863 1060 904 tristia,
1081 860 1274 907 ambtqaa,
1293 863 1416 896 mani-

82 916 203 963 festa.
241 917 379 953 Multus
417 922 469 952 est
500 915 656 963 felixque
697 916 875 962 asynclett
913 925 998 950 usus
1036 913 1132 960 apud
1164 914 1345 949 Tacitum.
1370 935 1416 940 -

89 970 177 1005 Post
194 969 410 1017 adjectivum
436 970 574 1005 mattas
595 978 713 1015 graeco
738 979 838 1003 more
866 968 1011 1014 ponitur
1035 970 1099 1002 et:
1120 967 1242 1002 malta
1274 970 1309 1002 et
1329 978 1416 1013 pro-

89 1023 228 1069 brosa;
254 1023 375 1059 malta
389 1023 594 1069 soeclaqae,
616 1023 715 1053 πολλὰ
733 1024 783 1052 καὶ
800 1023 904 1062 μικρά..
923 1042 967 1046 -—
991 1019 1148 1066 Quando
1170 1020 1415 1056 adversativa

88 1078 147 1110 vis
167 1076 237 1121 jam
263 1076 300 1111 in
319 1076 408 1122 ipsis
420 1075 538 1111 verbis
563 1084 728 1121 expressa
756 1075 845 1110 etin
868 1074 980 1109 totius
999 1072 1190 1108 sententiae
1215 1073 1418 1109 conforma-

89 1128 189 1165 tione
222 1128 335 1171 inest,
366 1138 461 1174 saepe
485 1128 713 1175 conjunctiva
742 1127 918 1172 particula
944 1132 1139 1162 contentus
1165 1130 1220 1161 est
1237 1126 1413 1162 'lfacitusz

89 1180 170 1216 lzaec
179 1181 320 1227 palam
334 1180 424 1216 dixit
441 1184 477 1216 et
496 1181 575 1215 alia
594 1183 765 1225 secreto‚·
785 1182 960 1224 speciosis
976 1182 1012 1214 et
1027 1180 1153 1214 irritis
1171 1179 1387 1214 nomtnz‘bus
1404 1206 1414 1223 ,

89 1235 285 1269 ministros
304 1236 446 1269 veteres
463 1236 499 1268 et
512 1243 730 1279 praefsraves
750 1232 871 1275 (nimis
890 1232 1079 1274 molestos)
1097 1231 1273 1278 afflixit,
1295 1237 1331 1267 et
1347 1231 1417 1267 alia

90 1286 207 1322 multa
226 1313 235 1330 ‚
266 1286 303 1321 in
327 1286 461 1332 quibus
482 1285 658 1332 particula
682 1285 749 1320 secl
767 1285 918 1320 nimium
944 1284 1112 1320 insistere
1130 1283 1350 1330 oppositioni
1369 1284 1418 1319 vi-

89 1338 233 1375 deatur.
256 1342 375 1385 Atque
396 1339 561 1384 opposita
582 1337 642 1373 illa
660 1338 874 1384 plerumque
902 1337 1013 1373 simul
1038 1342 1072 1372 et
1095 1347 1169 1372 uno
1189 1342 1353 1383 tempore
1368 1337 1420 1372 lo-

88 1400 173 1427 cum
194 1391 351 1427 habent:
371 1401 483 1437 quare
506 1392 623 1436 aptior
641 1391 678 1425 in
697 1390 829 1426 talibus
847 1396 901 1425 est
920 1390 1152 1436 conjunctiva
1167 1389 1357 1435 particula,
1380 1395 1420 1425 ut

89 1443 129 1479 in
147 1443 230 1480 his:
258 1446 404 1480 strenui
432 1446 654 1490 tynactqae;
680 1455 745 1490 spe
773 1446 971 1489 metaqac5
987 1443 1184 1488 pavebant
1212 1441 1420 1479 terrebant-

88 1507 158 1543 que
173 1509 188 1543 ;
208 1497 347 1533 aderat
361 1499 496 1533 ceterI's
510 1496 767 1543 periculorum
779 1498 1098 1543 pra‘na'oraquze
1120 1497 1344 1541 ostentator,
1364 1496 1418 1531 ni-

88 1550 225 1586 mirum
251 1550 371 1596 prouti
392 1551 569 1597 egissent3
603 1549 744 1585 diversa
769 1549 917 1596 quidem
944 1554 1052 1592 sunt,
1084 1548 1147 1584 sed
1174 1548 1303 1584 eodem
1326 1554 1417 1584 tem-

89 1613 176 1649 pore
190 1605 384 1639 ostentata.
399 1624 443 1628 —
464 1604 566 1649 Saepe
585 1606 621 1638 et
640 1603 820 1650 significat
843 1605 957 1638 ettam
969 1614 984 1648 ,·
1007 1601 1201 1649 aliquoties
1225 1612 1296 1648 qae
1325 1601 1418 1647 posi-

88 1661 169 1692 tum
187 1661 243 1692 est
256 1655 319 1692 ubi
339 1661 523 1703 exspectes
542 1667 699 1703 quoque.
720 1676 766 1682 -
794 1657 864 1692 Pro
881 1658 971 1691 et
986 1658 1021 1691 et
1041 1665 1135 1701 saepe
1161 1654 1270 1691 habes
1292 1675 1333 1680 —-
1347 1665 1418 1700 que

149 1711 196 1751 et,
215 1719 336 1755 -que
414 1720 461 1745 ac
477 1709 550 1745 sive
565 1712 677 1756 atque
686 1721 701 1756 ,-
721 1715 757 1745 et
775 1720 859 1745 cum
877 1709 1068 1756 negatione
1085 1718 1204 1754 neque
1222 1714 1286 1754 pro
1303 1707 1417 1743 altero

87 1764 137 1807 et,
157 1766 198 1799 u't
222 1763 350 1799 Germ.
371 1772 403 1798 c.
426 1766 462 1806 2,
483 1762 546 1798 ubi
564 1762 646 1798 vide
664 1767 743 1798 not.

138 1838 394 1883 Disjunctivae
403 1837 609 1884 particulae
628 1838 830 1885 saepissime
849 1842 1037 1884 ponuntur
1056 1837 1240 1883 simplices
1259 1836 1323 1872 ubi
1343 1836 1417 1871 vul-

89 1890 187 1938 garis
203 1898 322 1927 sermo
344 1890 516 1927 adhihere
536 1891 629 1927 solet
654 1891 841 1937 duplices:
866 1890 1054 1926 miracula
1073 1891 1295 1925 narrabant
1317 1889 1417 1931 (sive)

88 1945 173 1979 visa
185 1945 266 1979 sive
279 1954 332 1979 ex
346 1946 449 1979 metu
462 1944 626 1989 credita,·
643 1945 770 1989 juaeta
783 1943 992 1990 periculoso
1009 1943 1049 1986 (i.
1066 1953 1099 1978 e.
1112 1953 1225 1988 quum
1243 1952 1345 1988 aeque
1359 1952 1419 1987 pe-

90 1994 292 2032 riculosum
312 1999 419 2039 esset)
422 1996 523 2041 ficta
539 2007 605 2032 sea
619 2007 709 2031 vera
719 1999 925 2042 promeret.
941 1997 988 2031 Et
1006 1995 1141 2030 variata
1154 1999 1359 2030 structura:
1377 1997 1418 2030 in

93 2049 346 2096 Campaniam
365 2051 559 2092 concessit,
577 2049 680 2091 (sive)
693 2049 843 2095 lonyam
860 2049 1071 2085 absentiam
1079 2047 1289 2095 paullatim
1303 2048 1420 2083 medi-

91 2103 192 2144 coms,
213 2103 291 2138 sive
309 2105 352 2138 at
361 2105 490 2138 amoto
500 2105 618 2149 patre
633 2105 778 2138 Drusus
795 2104 927 2137 munia
945 2101 1160 2137 consulatus
1176 2100 1276 2136 solas
1289 2100 1418 2146 imple-

89 2157 162 2190 ret.
177 2156 370 2190 Venenum
379 2166 522 2202 param
534 2155 712 2199 validam,
728 2157 804 2191 sive
818 2157 1162 2201 temperamentum
1178 2156 1321 2197 inerat,
1339 2163 1415 2198 pro,

91 2217 273 2244 venenum
292 2217 356 2244 seu
376 2219 438 2255 per
460 2219 499 2244 se
526 2208 722 2244 invalidum
738 2235 747 2252 ‚
776 2218 839 2244 seu
865 2212 1190 2254 temperamentum
1210 2206 1414 2242 continens.

139 2260 236 2296 Hinc
266 2260 400 2307 pendet
416 2262 654 2298 usitatissima
681 2262 807 2297 Tacito
828 2266 1008 2296 structura
1028 2260 1212 2307 particulae
1236 2261 1317 2303 AN,
1348 2268 1416 2304 qua

94 2312 382 2358 praecedentibus
423 2315 530 2351 aliam
563 2325 710 2351 causam
748 2314 981 2350 verisimilem
1011 2312 1193 2356 annectit,
1222 2322 1297 2348 non
1327 2321 1416 2357 prae-

95 2365 206 2401 missa
225 2367 397 2412 particula
425 2371 574 2414 utram,
602 2379 684 2414 quae
713 2367 903 2414 periodum
931 2372 1124 2403 oneratura
1150 2371 1246 2402 esset
1274 2376 1282 2399 :
1293 2364 1417 2410 finem

94 2419 182 2455 vz‘tae
208 2423 362 2466 sponte,
391 2432 443 2457 an
459 2421 574 2467 fato,
603 2422 797 2468 impleret,
824 2422 849 2457 i.
883 2432 915 2456 e.
947 2420 1022 2457 sive
1056 2422 1186 2466 sponte
1216 2418 1290 2454 sive
1317 2416 1414 2461 fato,
