1539 2668
154 145 219 174 ²286
520 141 653 171 TAcr'rl
676 139 950 169 HISTORIARUM
972 140 1047 169 LIB.
1072 140 1096 169 1.

152 212 388 248 daremilitum
409 215 568 255 judicium
584 237 593 253 ‚
619 212 801 244 exosculari
827 213 963 245 othonis
985 221 1118 244 manum
1139 222 1148 243 ε
1169 214 1355 254 quantoque
1381 215 1481 255 magis

155 260 236 294 falsa
258 264 357 294 *erant
373 271 457 302 quae
483 261 619 299 fiebant,
632 261 730 291 tanto
745 259 838 300 plura
861 260 975 291 facere.
1002 269 1061 292 nec
1082 259 1316 300 aspernabatur
1338 261 1483 302 singulos

152 310 264 350 otho,
277 310 418 342 avidum·
435 311 467 341 et
488 309 648 340 minacem
674 307 814 338 militum
833 308 977 339 animum
1003 316 1083 339 voce
1108 307 1265 348 vultuque
1288 309 1481 348 temperans,

150 357 444 390 *Marimncelsum
469 356 634 388 consulem
650 355 865 395 designatum
890 356 922 386 et
945 355 1052 387 Galbae
1076 355 1228 394 usquein
1253 357 1484 388 extremasres

150 404 478 444 ssmicum'iidumqiie
500 403 539 435 ad
558 402 749 443 supplicium
773 402 1023 442 expostulabant
1044 401 1215 433 industriae
1243 402 1312 442 ejus
1334 402 1485 434 innocen-

146 450 376 493 :tiaequeqnasi
391 451 485 483 malis
498 450 622 482 artibus
638 449 886 482 infensi.=Caedis
900 450 932 481 et
950 449 1132 490 praedarum
1153 448 1281 480 initium
1305 450 1338 481 et
1362 449 1485 489 optimo

144 499 273 539 ,cuique
291 499 464 540 perniciem
480 498 586 539 quaeri·
601 497 786 538 apparebat.
813 496 870 529 sed
893 497 1014 528 Othoni
1026 497 1171 528 nondum
1193 497 1368 529 auctoritas
1384 497 1485 528 inerat

156 545 196 576 ad
210 546 448 586 prohibendum
475 546 604 576 scelus:
625 544 736 584 jubere
757 544 823 584 jam
849 545 987 585 poterat.
1004 544 1048 575 ita
1064 544 1272 576 simulatione
1286 545 1342 576 irae
1365 545 1485 576 vinciri

145 592 281 633 {russum
311 595 342 624 et
370 593 516 633 majores
538 601 661 634 poenas
690 591 862 624 daturum
897 591 1061 623 affirmans
1099 592 1250 632 praesenti
1282 592 1382 623 exitio
1410 589 1485 622 sub·

143 640 263 674 &traxit
1316 674 1319 675 ⁷

196 691 301 720 XLVI.
327 687 442 719 omnia
465 685 737 718 deindearhitrio
764 684 906 716 mil-itum
937 686 1021 717 acta.
1049 685 1194 725 praetorii
1217 685 1388 726 praefectos
1426 684 1486 716 sibi

155 732 217 775 ipsi
233 735 357 775 legere,
381 734 520 766 Plotium
547 734 691 765 Firmum
712 741 729 764 e
748 732 1005 772 manipularibus
1028 731 1211 771 quondam,
1239 734 1310 764 tum
1335 732 1486 772 vigilibus

143 782 367 823 ‘praepositum
384 785 415 814 et
432 780 705 813 incolumiadliuc
722 779 819 811 Galba
832 780 939 820 partes
956 779 1093 810 Othonis
1116 781 1263 811 secutum
1280 788 1286 810 :
1303 778 1488 819 adjungitur

155 830 296 863 Licinius
326 829 482 862 Proculus
507 828 627 860 intima*
645 827 863 859 familiaritate
888 826 1026 858 Othonis
1055 830 1228 867 suspectus
1258 826 1396 858 consilia
1419 826 1489 867 eJus

156 877 285 910 fovisse.
302 877 380 909 Urbi
401 876 548 908 Flavium
568 875 721 907 Sabinum
743 874 917 914 praefecere
936 874 1096 913 judicium
1124 874 1259 906 Neronis
1285 874 1412 914 secuti,
1427 873 1488 906 suh

140 934 220 967 quo
245 925 380 957 eandem
410 932 520 956 curam
543 922 750 962 obtinuerat,
776 921 937 962 plerisque
969 922 1204 962 Vespasianum
1230 921 1362 952 tratrem
1388 920 1423 953 in
1450 930 1488 953 eo

136 984 142 1002 1
155 972 411 1012 respicientibus.
430 970 607 1011 flagitatum
618 971 667 1001 <ut
682 970 877 1001 vacationes
885 970 1057 1009 praestarzz
1071 968 1331 1000 centurionibus
1343 968 1456 1000 solita>
1477 968 1483 985 ¹

134 1021 426 1052 <·rem²‘lterentur.
445 1026 585 1059 namque
601 1016 764 1058 gregarius
787 1015 882 1047 miles
905 1018 941 1047 ut
963 1015 1125 1047 tributum
1148 1024 1290 1046 annuum
1316 1015 1486 1055 pendebat.

136 1068 270 1107 [quarta
288 1076 362 1107 pars
384 1065 538 1106 manipuli
560 1072 671 1104 sparsa
697 1072 753 1104 per
777 1065 978 1094 commeatus
1005 1064 1063 1094 aut
1092 1062 1125 1093 in
1149 1062 1227 1102 ipsis
1248 1062 1362 1093 castris
1386 1071 1488 1103 vaga,

134 1125 137 1140 ι
154 1113 233 1145 dum
251 1113 261 1131 ²
279 1114 459 1145 mercedem
485 1111 666 1144 centurioni
688 1109 870 1141 exsolveret
887 1119 894 1139 :
916 1118 1022 1150 neque
1044 1109 1177 1140 modum
1195 1108 1300 1139 oneris
1317 1109 1488 1149 quisquam

155 1170 259 1201 neque
284 1170 384 1201 genus
398 1161 541 1200 quaestus
564 1158 653 1199 pensi
680 1157 820 1189 habebat
835 1156 859 1187 ³.
883 1166 939 1197 per
954 1156 1124 1188 latrocinia
1142 1158 1174 1187 et
1187 1158 1297 1196 raptus
1316 1157 1372 1187 aut
1394 1159 1491 1189 servi-

156 1208 240 1240 libus
257 1207 443 1240 ministeriis
462 1206 600 1238 militare
616 1205 723 1237 otium
745 1203 960 1236 redimebant.
982 1205 1052 1235 tum
1067 1203 1339 1244 locupletissimus
1353 1202 1490 1245 quisque

155 1257 247 1288 miles
262 1255 368 1287 labore
382 1264 419 1286 ac
435 1253 561 1286 saevitia
574 1252 714 1293 fatigari,
731 1252 835 1284 donec
851 1251 1054 1283 vacationem
1069 1252 1199 1283 emeret.
1223 1250 1277 1282 ubi
1298 1250 1487 1292 sumptibus

155 1305 331 1337 exhaustus
350 1302 499 1334 socordia
518 1302 650 1341 insuper
663 1301 870 1340 elanguerat,
891 1299 984 1340 inops
1010 1308 1069 1340 pro
1097 1298 1258 1339 locuplete
1276 1299 1308 1330 et
1327 1297 1412 1329 iners
1432 1306 1489 1338 pro

154 1355 285 1383 strenuo
306 1351 336 1381 in
361 1350 560 1390 manipulum
579 1348 723 1386 redibat;
742 1356 779 1378 ac
799 1356 910 1378 rursus
934 1347 1018 1378 alius
1041 1348 1138 1386 atque
1161 1345 1260 1384 alius,
1287 1345 1400 1376 eadem
1417 1353 1487 1386 ege-

132 1424 135 1427 .
155 1400 238 1431 state
258 1408 294 1430 ac
313 1398 442 1430 licentia
458 1396 600 1437 corrupti
616 1420 625 1434 ‚
641 1395 681 1427 ad
693 1394 872 1426 seditiones
889 1396 921 1426 et
942 1393 1122 1425 discordias
1139 1394 1171 1424 et
1190 1392 1231 1423 ad
1248 1394 1430 1424 extremum
1456 1392 1490 1424 in

153 1446 235 1478 bella
250 1445 357 1477 civilia
375 1445 521 1476 ruebant.
539 1443 594 1475 sed
619 1443 703 1474 Otho
718 1451 758 1473 ne
782 1442 871 1481 vulgi
892 1441 898 1459 ⁴
918 1442 1090 1481 largitione
1109 1439 1337 1472 centurionum
1365 1439 1490 1472 animos

153 1496 331 1534 averteret,
337 1494 466 1535 fiscum
478 1502 581 1526 suum
600 1494 796 1524 vacationes
816 1500 955 1523 anmcas
973 1491 1218 1522 emollitur-um
1235 1489 1405 1530 promisit,
1422 1498 1490 1521 rem

153 1543 352 1576 hauddubie
372 1542 482 1574 utilem
501 1543 534 1573 et
560 1550 578 1572 a
597 1539 690 1572 bonis
713 1540 825 1579 postea
851 1539 1054 1579 Principibus
1071 1539 1286 1579 perpetuitate
1309 1536 1489 1578 disciplinae
1536 1536 1537 1548 ¹

153 1592 323 1623 firmatam.
339 1594 423 1622 Laco
439 1588 625 1630 praefectus,
642 1588 808 1626 tamquam
824 1586 1009 1618 ininsulam
1027 1586 1250 1625 seponeretnr,
1277 1583 1317 1615 ab
1340 1586 1488 1626 evocato,
1536 1596 1539 1620 κ

152 1637 307 1680 quemad
318 1636 440 1668 coedem
456 1636 525 1675 eJus
542 1635 628 1667 Otho
651 1633 869 1674 praemiserat,
884 1633 1073 1670 confossus3
1101 1632 1134 1662 in
1149 1631 1349 1662 Marcianum
1366 1631 1486 1663 Icelum
1535 1644 1536 1649 ¹

140 1688 190 1718 vut
203 1686 237 1716 in
252 1684 405 1716 libertum
422 1682 527 1722 palam
544 1680 816 1713 animadversum.
1114 1691 1119 1692 ν
1534 1703 1535 1710 ¹

192 1734 312 1764 XLVII.
331 1731 451 1762 Exacto
471 1737 528 1770 per
549 1728 672 1759 :celera
687 1727 740 1759 die
756 1726 971 1758 novissimum
995 1725 1156 1756 malorum
1173 1723 1234 1755 fuit
1250 1723 1375 1756 laetitia.
1393 1726 1489 1757 vocat
1534 1721 1535 1760 ἶ

152 1780 301 1812 senatum
338 1779 459 1818 praetor
491 1776 635 1808 urbanus
656 1775 662 1792 ¹
685 1775 838 1814 ;certant
863 1772 1108 1804 adulationibus
1136 1770 1234 1802 ceteri
1266 1770 1485 1811 magistratus.
1534 1766 1535 1769 ’

151 1827 324 1859 accurrunt
337 1826 467 1863 Patres3
493 1823 678 1855 decernitur
694 1820 812 1854 Othoni
839 1820 1027 1853 tribunicia
1043 1821 1200 1860 potestas
1222 1819 1256 1850 ct
1275 1827 1396 1850 nomen
1417 1820 1486 1850 Au·

123 1891 125 1893 >
151 1876 245 1916 qusti
255 1875 289 1905 et
309 1881 423 1904 omnes
439 1872 645 1911 Principum
666 1869 832 1907 honores,
855 1867 1076 1900 annitentibus
1102 1866 1231 1897 cunctis
1252 1864 1383 1897 abolere
1407 1874 1486 1897 con-

150 1922 234 1953 vicia
259 1929 296 1952 ac
318 1919 455 1961 probra,
477 1927 550 1959 quae
566 1917 749 1959 promiscue
763 1916 850 1956 jacta
872 1915 1007 1947 haesisse
1032 1915 1144 1946 animo
1169 1915 1238 1953 ejus
1253 1921 1351 1944 nemo
1367 1912 1483 1945 sensit.
1532 1931 1533 1934 =

150 1970 311 2002 omisisset
332 1967 471 1999 offensas
495 1975 537 1999 an
552 1964 751 2004 distulisset,
768 1963 927 1995 brevitate
950 1961 1077 2003 imperii
1092 1963 1125 1992 in
1147 1961 1271 1992 incerto
1292 1960 1364 1992 suit.
1384 1959 1483 1999 Otho,

150 2017 283 2050 cruento
296 2015 403 2048 adhuc
418 2014 488 2046 soro
501 2037 510 2054 ‚
525 2022 583 2055 per
607 2015 747 2052 stragem
763 2011 941 2051 jacentium
970 2010 1004 2042 in
1022 2009 1219 2050 Capitolium
1240 2009 1338 2047 atque
1359 2007 1435 2039 inde
1451 2007 1483 2038 in

149 2064 304 2106 palatium
321 2065 432 2095 vectus
444 2061 576 2093 concedi
594 2069 728 2101 corpora
749 2059 925 2100 sepulturae.
940 2065 1144 2096 cremarique
1164 2055 1318 2096 permisit.
1334 2053 1481 2085 Pisonem

148 2112 286 2144 Verania
302 2119 383 2142 uxor
395 2118 433 2142 ac
445 2110 545 2142 frater
556 2108 784 2142 scribonianus
792 2131 804 2148 ,
816 2110 851 2139 T.
869 2105 1000 2139 vinium
1008 2103 1161 2153 ¹Crispina
1173 2101 1240 2134 filia
1252 2109 1461 2142 composuere
1469 2124 1479 2141 ,

126 2182 130 2256 ἔ
178 2214 268 2240 XLVI.
289 2218 309 2237 i.
325 2213 442 2238 Pecunia
455 2218 509 2243 qua
523 2211 624 2236 milites
642 2211 801 2236 vacationes
820 2214 963 2235 munerum
978 2213 994 2232 a
1015 2204 1226 2231 centurionibus
1245 2202 1385 2227 redimere
1400 2203 1477 2227 soie-

149 2253 224 2279 bant,
244 2250 289 2279 qui
302 2248 411 2278 quidem
433 2248 572 2272 habebant
589 2248 661 2272 unde
674 2248 798 2278 possent.
813 2247 936 2275 v.-supra
953 2244 1027 2268 Ann.
1041 2243 1061 2270 l,
1077 2246 1105 2266 ιτ
1117 2246 1168 2264 —2
1193 2239 1409 2264 Dummodo—s.
1423 2238 1476 2263 Ne-

117 2262 130 2310 )
149 2293 201 2317 que
221 2284 397 2310 centuriones
415 2284 681 2308 curabantmodum
703 2283 798 2307 oneris
809 2281 882 2312 quod
898 2280 933 2305 ad
948 2280 1109 2304 vacationes
1127 2275 1318 2300 concedendas
1345 2273 1475 2313 militibus

148 2320 343 2351 imponebant;
354 2324 443 2350 neque
461 2319 561 2343 milites
580 2319 614 2343 ad
628 2319 792 2344 obtinendas
812 2318 947 2343 rationem
962 2316 1090 2346 quaestus,
1105 2315 1169 2342 Quae
1188 2310 1318 2342 proximts
1335 2308 1426 2334 verbis
1444 2308 1474 2331 si·

147 2357 358 2387 {tunicatum-⁴.
370 2355 399 2378 ln
412 2355 508 2385 vulgus
523 2355 689 2386 (gregarium
704 2356 827 2384 militem)
842 2355 947 2380 conata.

177 2391 277 2418 XLViL
296 2397 315 2416 i.
333 2390 481 2415 Consulum
494 2390 547 2416 hoc
561 2397 658 2417 munus
673 2395 721 2422 est,
736 2392 783 2416 scd
800 2393 856 2416 tum
870 2391 928 2414 caesi
940 2390 1027 2414 erant.
