1539 2668
509 121 545 150 A.
571 122 609 150 U.
633 122 668 150 C.
691 121 759 151 804.
786 122 812 151 A
847 123 882 151 C.
906 122 956 151 51.
1338 120 1394 150 177

77 192 239 234 sequium,
249 199 404 223 socerum
417 199 454 221 ac
465 191 646 230 parentem
657 189 826 229 appellare.
839 188 1191 229 adficitjusjurandum,
1207 198 1272 221 non
1276 190 1394 233 ferro,

76 249 144 274 non
159 247 286 271 veneno
304 240 374 269 vim
387 238 611 273 allaturum‚·
628 234 723 266 simul
741 235 772 266 in
789 236 896 267 lucum
913 235 1126 276 propinquum
1150 237 1248 267 trahit
1261 262 1269 276 ‚
1282 243 1395 277 provi.

77 296 155 320 sum
170 287 245 317 illic
258 284 468 324 sacrificium
490 284 700 323 mperatum
721 282 726 291 “
751 283 915 321 dictitans,
937 285 978 314 ut
995 281 1062 313 diis
1083 282 1224 313 testibus
1242 292 1317 323 pax
1330 285 1396 325 fir·-

75 335 248 367 maretur.
264 340 335 363 mos
351 335 399 363 est
412 331 538 370 regibus
552 353 560 367 ‚
575 330 701 368 quoties
724 338 755 360 m
774 330 959 361 societatem
979 331 1094 375 coeant
1105 354 1114 368 ‚
1137 329 1303 370 implicare
1320 333 1395 363 dex-

74 385 142 414 tras
159 380 351 421 pollicesque
370 379 453 409 inter
469 386 503 408 se
519 377 641 410 vincire
659 376 807 415 nodoque
829 376 1068 416 praestringerffl
1094 385 1169 407 mox
1186 377 1239 408 ubi
1264 379 1397 419 sanguis

74 431 109 462 iu
123 431 213 459 artus
229 428 391 457 extremos
405 424 578 456 suffuderit
594 425 604 442 ²
616 450 625 464 ‚
649 424 712 455 levi
727 424 793 454 ictu
812 432 958 454 cruorem
976 422 1107 454 eliciunt
1131 427 1227 464 atque
1256 426 1394 457 invicem

74 475 231 507 lambunt.
247 473 277 504 id
294 471 397 503 foedus
410 480 562 502 arcanum
587 471 743 509 habetur,
768 470 860 509 quasi
879 472 992 501 mutuo
1013 478 1127 501 cruore
1148 475 1320 504 sacratum.
1339 474 1396 506 sed

73 526 170 561 tunc,
187 520 241 561 qui
254 528 291 551 ea
304 519 434 550 vincula
449 518 665 557 admovebat,
679 517 839 549 decidisse
852 517 862 533 ³
882 517 1054 556 simulans,
1080 527 1181 556 genua
1200 519 1397 552 Mithridatis

74 568 201 600 invadit
214 567 383 607 ipsumque
397 566 589 606 prosternit;
615 566 773 604 simulque
790 573 951 595 concursu
972 565 1112 604 plurium
1135 565 1324 604 injiciuntur
1346 577 1397 599 ca-

72 618 175 654 tenae,
191 622 229 645 ac
245 612 399 653 compede
414 613 424 651 (
434 612 523 652 quod
537 613 730 643 dedecorum
753 611 897 642 barbaris
913 612 922 649 )
940 610 1128 642 trahebatur
1141 622 1150 650 ;
1165 621 1305 654 moxque
1323 615 1396 646 vul-

74 671 133 702 gus
148 661 229 692 duro
243 660 377 700 imperio
392 659 537 690 habitum
556 660 671 700 probra
697 668 734 690 ac
751 658 885 689 verbera
910 658 1102 690 intentabat.
1121 661 1153 690 et
1172 663 1263 692 erant
1285 665 1397 694 contra

71 709 127 750 qui
140 710 266 740 tantam
283 707 421 738 t'ortunae
435 707 722 738 commutationem
748 706 984 737 miserarentur.
1001 708 1173 746 secutaque
1187 716 1261 738 cum
1288 709 1398 749 parvis

71 756 181 787 liberis
195 754 313 793 conjux
330 756 446 785 cuncta
461 754 691 784 lamentatione
709 753 901 793 complebat.
927 751 1063 783 diversis
1084 754 1116 784 et
1133 755 1290 786 contectis
1306 757 1395 787 vehi-

71 802 151 833 culis
166 801 349 840 abduntur,
372 801 448 831 dum
472 801 696 831 Pharasmanis
710 801 801 839 jussa
814 799 1070 839 exquirerentur.
1095 800 1141 830 illi
1161 802 1280 841 cupido
1304 804 1394 842 regni

70 850 167 881 fratre
184 851 216 879 et
228 848 292 878 filla
303 848 313 865 ⁴
328 848 432 888 potior
446 848 638 887 animusque
654 847 826 878 sceleribus
843 848 984 886 paratus.
1000 846 1083 876 visui
1096 848 1203 878 tamen
1218 850 1395 889 consuluit,

69 905 111 928 ne
126 904 235 926 coram
252 895 520 925 interficerentur.
540 899 572 927 et
588 894 827 930 Rlimlamistus,
842 892 933 932 quasi
947 893 1158 932 jurisjurandi
1175 904 1307 935 memor,
1330 906 1394 927 non

70 944 190 974 ferrum
203 966 211 981 ,
229 951 294 973 non
311 950 471 973 venenum
487 942 519 972 iu
536 951 677 973 sororem
695 942 726 972 et
744 943 894 981 patruum
912 941 1094 979 expromit,
1114 942 1168 972 sed
1186 945 1343 982 projectos
1362 947 1393 977 in

71 991 208 1022 humum
228 991 260 1020 et
277 989 366 1019 veste
381 989 483 1020 multa
504 990 656 1028 gravique
678 991 807 1028 opertos
827 989 926 1018 necat.
945 987 998 1017 tilii
1017 997 1146 1028 quoqne
1172 990 1366 1024 Mithridatis
1382 1019 1393 1034 ‚

69 1037 158 1076 quod
171 1035 314 1067 caedihus
330 1038 501 1076 parentum
519 1036 806 1073 illacrimaverant‚
824 1034 976 1066 trucidati
993 1039 1078 1066 sunt.

110 1086 246 1115 XLVIII.
271 1086 311 1113 At
324 1084 528 1123 Quadratus,
547 1092 743 1122 cognoscens
758 1082 920 1123 proditum
936 1082 1140 1114 Mithridaten
1159 1086 1191 1116 et
1206 1094 1339 1124 regnum
1354 1088 1395 1118 ab

68 1129 329 1164 interfectoribus
343 1128 612 1169 obtine1·i‚'vocat
634 1130 807 1161 concilium
821 1153 829 1168 ,
851 1129 945 1159 docet
967 1132 1056 1169 acta,
1074 1132 1107 1161 et
1124 1139 1164 1161 an
1184 1132 1395 1166 ulcisceretur

68 1177 241 1211 consultat.
264 1177 376 1216 paneis
398 1176 496 1208 decus
526 1177 688 1217 publicum
708 1185 812 1215 curae;
830 1176 935 1215 plures
958 1177 1027 1206 tuta
1055 1177 1241 1210 disserunt:
1261 1193 1276 1207 «ι
1296 1190 1393 1213 omne

70 1240 86 1254 «
101 1224 207 1258 scelus
220 1226 387 1255 externum
401 1233 473 1255 cum
486 1224 598 1255 laetitia
611 1223 795 1255 habendum
808 1233 816 1261 3
827 1224 949 1254 semina
960 1224 1057 1255 etiam
1071 1224 1219 1256 odiorum
1232 1227 1392 1268 jacienda,

67 1285 85 1300 «
100 1274 138 1304 ut
151 1279 236 1310 saepe
255 1271 415 1311 Principes
429 1272 564 1302 Romani
582 1271 716 1301 eandem
740 1271 921 1301 Armeniam
941 1271 1048 1311 specie
1068 1272 1246 1311 largitionis
1262 1275 1392 1307 turban-

69 1333 84 1348 ιι
99 1319 150 1350 dis
165 1317 374 1349 barbarorum
389 1318 504 1348 animis
518 1318 725 1357 praebuerint.
743 1318 901 1357 potiretur
920 1318 1150 1350 Rhadamistus
1169 1321 1252 1351 male
1269 1323 1368 1361 partis
1380 1347 1390 1363 ‚

67 1380 82 1394 a
97 1366 175 1396 dum
201 1364 325 1395 invisus
341 1388 349 1404 ,
376 1364 526 1403 insaniis,
552 1364 681 1404 quando
706 1364 739 1394 id
764 1365 864 1403 magis
890 1373 928 1395 ex
947 1374 1005 1395 usn
1025 1375 1122 1405 quam
1142 1367 1171 1398 si
1194 1376 1267 1398 cum
1292 1369 1392 1409 gloria

66 1424 81 1438 α
97 1410 234 1451 adeptus
258 1410 348 1442 foret.
365 1423 380 1437 1»
403 1411 435 1441 in
452 1411 534 1441 hanc
558 1411 752 1442 sententiam
778 1411 870 1441 itum.
890 1420 930 1442 ne
952 1414 1060 1442 tamen
1080 1414 1233 1446 annuisse
1257 1416 1391 1450 facinori

62 1457 250 1489 viderentur
265 1459 296 1489 et
313 1457 440 1488 diversa
455 1461 561 1488 Caesar
585 1458 773 1497 praeciperet
789 1481 797 1497 ,
824 1457 913 1488 missi
936 1458 976 1488 ad
1003 1459 1240 1492 Pharasmanen
1262 1465 1390 1505 nuntii,

65 1506 105 1536 ut
122 1503 319 1535 abscederet
334 1513 356 1535 a
367 1504 496 1542 finibus
509 1504 876 1545 Armeniisfiliumque
896 1505 1128 1537 abstraheret.

103 1555 206 1582 XLIX.
231 1552 304 1582 Erat
317 1551 526 1591 Cappadociae
548 1555 734 1591 procurator
747 1551 849 1582 Julius
865 1552 1009 1591 Pelignus
1021 1577 1029 1592 ,
1049 1553 1156 1592 ignavi
1173 1555 1272 1587 animi
1288 1559 1319 1588 et
1335 1558 1388 1590 de-

62 1597 199 1629 ridiculo
211 1598 356 1638 corporis
371 1598 464 1637 juxta
479 1598 704 1638 despiciendus
715 1622 723 1636 ‚
737 1598 793 1629 sed
813 1599 946 1630 Claudio
959 1608 1113 1639 perquam
1135 1601 1301 1634 familiaris
1312 1630 1320 1643 ‚
1336 1606 1388 1637 cui

62 1645 208 1685 privatus
221 1645 299 1675 olim
313 1644 558 1676 conversatione
572 1653 755 1676 scurrarum
768 1645 851 1676 iners
865 1646 969 1677 otium
983 1646 1170 1679 oblectaret.
1187 1649 1215 1680 is
1225 1651 1387 1694 Pelignus,

61 1691 188 1724 auxiliis
213 1691 460 1731 provincialium
485 1693 679 1730 contractis,
706 1694 873 1732 tamquam
897 1695 1146 1734 recuperaturus
1175 1699 1358 1730 Armeniam
1375 1723 1385 1739 ‚

61 1739 140 1770 dum
155 1739 258 1769 socios
274 1739 374 1778 magis
390 1748 487 1779 quam
504 1740 612 1771 hostes
627 1740 812 1780 praedatur,
833 1740 981 1771 abscessu
995 1749 1127 1773 suorum
1145 1744 1177 1774 et
1199 1744 1388 1780 incursanti-

61 1785 122 1817 bus
148 1785 311 1824 barbaris,
341 1785 482 1826 praesidii
509 1796 623 1826 egens,
651 1787 692 1818 ad
717 1787 964 1819 Rhadamistum
986 1789 1077 1820 venit
1099 1801 1108 1829 3
1133 1790 1293 1833 donisque
1317 1796 1391 1834 ejus

61 1831 184 1863 evictus
195 1855 203 1870 ,
216 1832 302 1863 ultro
318 1834 449 1873 reqium
466 1835 597 1873 instqnc
610 1842 745 1865 sumere
772 1834 978 1874 cohortatur,
998 1837 1204 1877 sumentique
1223 1840 1312 1872 adest
1334 1851 1390 1873 au-

61 1882 131 1910 ctor
143 1881 175 1910 et
190 1880 323 1910 satelles.
343 1881 436 1919 Quod
450 1880 504 1911 ubi
520 1881 608 1920 turpi
623 1882 706 1911 sama
723 1881 925 1921 divulgatum
937 1906 945 1921 ,
962 1891 1003 1913 ne
1016 1884 1114 1914 ceteri
1132 1894 1260 1925 quoque
1273 1896 1311 1919 ex
1330 1893 1389 1921 Pe-

60 1925 147 1965 ligno
160 1927 436 1966 conjectarentur¹
455 1951 464 1967 ‚
485 1927 653 1959 Helvidius
678 1928 807 1959 Priscus
831 1929 956 1968 legatus
979 1938 1053 1960 cum
1079 1930 1202 1970 legione
1221 1934 1361 1967 mittitur
1374 1963 1387 1978 ⁷

60 1972 156 2004 rebus
170 1973 309 2005 turbidis
323 1983 382 2014 pro
399 1975 542 2014 tempore
558 1977 594 2005 ut
610 1974 800 2006 consuleret.
816 1974 915 2014 igitur
928 1984 1062 2015 propere
1075 1981 1218 2010 montem
1240 1984 1385 2015 Taurum

59 2022 278 2060 transgressus
291 2043 300 2060 ‚
318 2021 539 2053 moderatione
553 2021 643 2062 plura
662 2030 760 2062 quam
775 2022 806 2052 vi
824 2025 1072 2063 composuerat,
1096 2033 1198 2064 quum
1215 2028 1328 2060 redire
1346 2032 1383 2062 in

60 2068 197 2107 Syriam
210 2067 358 2108 Jubetur,
374 2076 415 2100 ne
430 2070 567 2100 initiam
584 2068 664 2100 belli
677 2068 840 2100 adt-ersus
855 2069 1006 2101 Parthos
1023 2073 1212 2104 exsisteret.

102 2117 136 2144 L.
161 2118 240 2145 Nam
255 2114 422 2154 Vologeses
436 2124 545 2147 casum
560 2115 750 2147 invadendae
762 2116 921 2147 Armeniae
943 2116 1113 2150 obvenisse
1133 2120 1229 2159 ratus,
1251 2130 1347 2161 quam
1363 2133 1382 2156 a

61 2159 236 2199 majoribus
252 2161 318 2192 suis
334 2170 512 2202 possessam
529 2165 681 2194 externus
695 2171 749 2193 rex
763 2163 882 2202 flagitio
895 2162 1067 2204 obtineret,
1081 2167 1244 2199 contrahit
1256 2170 1377 2211 copias,

62 2206 256 2248 fratremque
271 2208 434 2241 Tiridaten
454 2209 612 2241 deducere
628 2210 661 2240 in
678 2218 812 2249 regnum
826 2213 934 2251 parat,
953 2220 993 2243 ne
1007 2221 1071 2252 qua
1088 2222 1161 2253 pars
1176 2214 1293 2247 domus
1308 2219 1378 2249 sine

90 2306 192 2330 XLVII.
209 2312 229 2330 I.
240 2308 282 2332 Se.
298 2308 426 2333 ministris
439 2309 484 2339 qui
497 2310 634 2334 curarent.
643 2323 670 2327 -
680 2315 700 2333 2.
715 2309 885 2334 Neutraliter.
896 2322 923 2328 -
933 2316 954 2334 ³.
967 2311 1008 2335 Sc.
1022 2311 1137 2336 vincula.
1152 2326 1181 2330 —
1194 2319 1214 2338 ι.
1230 2312 1338 2340 Affectu
1351 2317 1380 2340 in

63 2340 174 2366 fratrem
187 2343 214 2365 ct
226 2342 315 2366 tiliam.

93 2376 183 2400 xle.
202 2381 223 2402 ι.
240 2378 445 2405 AEstimarentur
456 2386 506 2410 per
515 2381 708 2410 conjecturam.
728 2382 766 2406 De
778 2381 900 2406 Helvidio
914 2381 986 2406 cont.
1002 2383 1111 2408 Histor.
1126 2384 1166 2413 lv,
1180 2390 1205 2408 s.

1170 2431 1208 2462 8.
