1539 2668
502 157 597 185 VITA
621 157 720 185 JULll
745 156 958 185 AGRICOLAE.
1334 153 1395 182 425

79 232 226 273 plorum⁷
253 229 522 270 recognoscenda,
545 229 789 269 diligentissima
808 228 1043 268 conquisitione
1061 227 1156 266 fecit,
1176 235 1215 258 ne
1235 226 1330 266 cujus
1350 227 1393 258 al-

81 280 179 311 terius
195 277 395 317 sacrilegium
411 277 591 316 respublica
609 286 706 316 quam
722 278 856 308 Neronis
873 275 1039 306 sensisset.

120 329 188 356 VII.
210 328 351 364 Sequens
363 332 466 354 annus
480 323 568 363 gravi
581 323 715 353 vulnere
728 323 870 353 animum
886 321 1082 360 domumque
1097 320 1164 358 ejus
1177 319 1301 350 afflixit.
1321 328 1395 349 nam

80 372 187 403 classis
206 370 408 407 Othoniana,
428 369 560 401 licenter
582 378 661 409 vaga
677 370 700 407 ¹,
727 370 804 400 dum
826 367 1024 400 Inter-melios
1047 366 1199 406 (Liguria-:-
1228 375 1300 405 pars
1326 368 1396 404 est)

80 418 237 450 nostiliter
260 417 452 457 populatur,
474 417 609 447 matrem
634 416 789 454 Agricolae
812 415 843 445 in
871 413 1000 455 praediis
1025 413 1092 444 suis
1110 413 1293 449 interfecit,
1314 420 1396 450 prae-

79 464 194 505 diaqne
216 464 284 503 ipsa
308 466 340 494 et
361 471 510 502 magnam
533 461 719 502 patrimonii
747 463 872 501 partem
901 459 1060 498 diripuit,
1087 468 1158 498 quae
1179 468 1274 489 causa
1299 463 1397 493 credis

81 512 194 543 suerat.
221 511 317 549 igitur
340 509 379 539 ad
403 509 545 539 solennia
566 508 696 548 pietatis
721 508 880 547 profectus
896 506 1042 545 Agricola
1064 507 1176 536 nuntio
1193 506 1331 538 affectati
1348 509 1358 525 2’
1379 518 1398 539 a

80 557 275 597 Vespasiano
288 555 414 596 imperii
429 556 647 595 deprehensus
660 564 696 586 ac
710 555 816 585 statim
832 555 863 584 in
881 557 986 593 partes
999 555 1211 592 transgressus
1226 556 1285 584 est.
1304 555 1398 586 Initia

80 603 277 643 principatus
294 611 332 633 ac
348 604 468 633 statum
486 602 580 633 Urbis
600 602 768 632 Mucianus
791 601 935 640 regebat,
951 600 1070 639 juvene
1090 599 1260 630 admodum
1286 603 1397 633 Domi-

79 650 167 681 tiano
181 653 212 681 et
224 658 263 680 ex
277 652 407 689 paterna
421 650 549 679 fortuna
564 650 687 679 tantum
705 648 864 679 licentiam
880 649 1054 686 usurpante
1065 645 1090 677 ³.
1108 646 1136 676 is
1149 646 1280 677 missum
1294 647 1332 677 ad
1347 647 1399 679 de-

79 696 183 728 lectus
206 695 343 735 agendos
362 695 542 734 Agricolam
561 695 750 735 integreque
775 703 812 725 ae
834 696 962 725 strenue
984 695 1148 724 versatum
1165 693 1326 724 vicesimae
1352 694 1398 724 le-

80 742 166 783 gioni
178 766 186 781 ‚
205 742 296 773 tarde
310 741 348 772 ad
364 743 600 772 sacramentum
614 743 816 780 transgressae
827 765 835 779 ,
851 740 1041 780 praeposuit,
1059 739 1115 769 ubi
1131 739 1297 770 decessor*
1317 739 1398 770 sedi-

80 789 162 820 tiose
179 797 271 827 agere
287 788 478 818 narrabatur
494 797 500 817 :
519 788 636 827 quippe
652 788 762 825 legatis
778 796 906 826 quoque
926 786 1148 817 consularibus
1168 787 1266 816 nimia
1280 795 1317 816 ac
1334 787 1398 816 sor-

81 834 238 866 midolosa
261 838 348 873 erat3
370 843 428 865 nec
450 835 573 873 legatus
593 836 765 874 praetorius
781 835 820 864 ad
836 833 1050 864 cohibendum
1067 835 1198 872 potens,
1218 833 1398 872 incertum,

81 889 140 912 suo
162 889 202 911 an
225 881 366 911 militnm
384 881 523 920 ingenio.
548 881 591 911 ita
617 889 783 911 successor
801 880 896 910 simul
921 882 953 910 et
972 879 1056 909 ultor
1079 879 1216 918 electus,
1237 880 1400 912 rarissima

81 926 301 958 moderatione
317 927 432 958 maluit
445 927 544 958 videri
560 927 721 958 invenisse
738 927 838 957 bonos
852 950 860 965 ,
878 934 973 965 quam
991 926 1112 956 fecisse.

123 977 208 1004 VllI.
224 977 360 1005 Praeerat
378 977 454 1004 tunc
470 974 643 1004 Britanniae
660 973 788 1003 Vettius
818 973 954 1003 Bolanus
970 972 992 1010 ¹,
1007 972 1162 1012 placidius
1188 980 1284 1011 quam
1303 972 1401 1003 feroci

82 1020 247 1059 provincia
270 1021 402 1059 dignum
419 1025 477 1051 est.
502 1020 693 1059 temperavit
709 1020 853 1057 Agricola
870 1019 935 1049 vim
957 1027 1065 1057 suam,
1084 1019 1296 1057 ardoremque
1313 1028 1398 1049 com—

82 1067 227 1105 pescuit,
248 1075 287 1097 nc
309 1067 518 1104 incresceret;
549 1066 671 1105 peritus
697 1066 828 1105 obsequi
848 1065 1054 1105 eruditusque
1072 1065 1161 1095 utilia
1182 1065 1323 1096 honestis
1343 1066 1402 1097 mi-

83 1121 182 1143 scere.
204 1112 293 1143 brevi
310 1112 424 1143 deinde
439 1113 600 1143 Britannia
617 1113 816 1143 consularem
834 1112 979 1143 Petilium
1000 1113 1151 1143 Cerialem
1173 1112 1294 1151 accepit
1307 1112 1331 1143 ².
1346 1113 1400 1143 lia-

83 1159 221 1190 buerunt
237 1159 370 1190 virtutes
387 1160 526 1199 spatium
543 1160 765 1200 exemplorum
778 1159 802 1189 3.
821 1158 875 1189 sed
893 1159 997 1198 primo
1014 1158 1146 1189 Cerialis
1163 1158 1288 1189 labores
1304 1159 1401 1190 niodo

84 1207 119 1239 et
136 1206 344 1244 discrimina,
365 1215 439 1236 mox
461 1208 493 1237 et
516 1206 650 1245 gloriam
671 1205 948 1243 communicabat3
972 1213 1056 1244 saepc
1080 1205 1164 1244 parti
1185 1205 1345 1236 exercitus
1366 1205 1401 1236 in

84 1252 341 1292 experimentum
352 1276 360 1291 ,
383 1252 554 1292 aliquando
569 1253 743 1290 majoribus
757 1251 856 1291 copiis
869 1260 908 1282 ex
922 1253 1039 1281 eventu
1055 1251 1196 1290 praefecit
1209 1262 1218 1289 ;
1238 1260 1296 1282 nec
1311 1251 1401 1290 Agri-

71 1299 156 1337 ,cola
166 1307 319 1338 umquam
336 1299 368 1328 in
383 1307 473 1329 suam
488 1299 605 1329 samam
617 1300 715 1338 gestis
728 1298 903 1329 exsultavit
915 1308 923 1335 3
937 1298 976 1327 ad
989 1300 1152 1328 auctorem
1169 1300 1200 1328 et
1216 1298 1329 1328 ducem
1341 1322 1349 1337 ,
1365 1300 1403 1330 ut

85 1344 249 1383 minister,
276 1344 439 1375 fortunam
462 1345 631 1377 referebat.
655 1346 700 1376 ita
717 1347 838 1376 virtute
858 1345 890 1375 in
913 1344 1133 1384 obsequendo,
1151 1345 1344 1376 verecundia
1366 1345 1402 1377 in

84 1390 307 1431 praedicando,
325 1394 416 1422 extra
433 1392 606 1431 invidiam,
625 1401 684 1423 nec
701 1395 790 1422 extra
806 1392 938 1431 gloriam
955 1393 1032 1422 erat.

127 1442 177 1469 lx.
201 1440 424 1469 Revertentem
444 1438 483 1469 ab
499 1439 676 1478 legatione¹
699 1439 834 1477 legionis
857 1438 951 1468 divus
966 1438 1183 1478 Vespasianus
1198 1438 1281 1468 inter
1304 1438 1402 1477 patri-

85 1483 153 1515 cios
174 1483 331 1520 adscivit,
354 1493 392 1515 ac
414 1484 528 1516 deinde
546 1485 719 1524 provinciae
744 1485 922 1524 Aquitaniae
945 1485 1139 1524 praeposuit,
1159 1484 1333 1523 splendidae
1355 1485 1401 1515 in-

84 1530 197 1570 primis
223 1530 386 1569 dignitatis
402 1530 412 1548 ²
438 1531 714 1562 administratione
739 1540 776 1561 ac
800 1540 855 1570 spe
884 1532 1109 1569 consulatus³‚
1138 1531 1189 1561 cui
1214 1531 1401 1562 destinarat.

87 1577 229 1609 Credunt
246 1577 391 1616 plerique
402 1578 597 1616 militaribus
615 1578 750 1616 ingeniis
768 1578 978 1608 subtilitatem
994 1578 1104 1609 deesse
1115 1602 1123 1616 ,
1147 1578 1221 1617 quia
1236 1578 1403 1609 castrensis

84 1623 264 1662 jurisdictio
287 1633 399 1655 secura
416 1626 448 1655 et
468 1624 651 1663 obtusior&
665 1634 723 1662 ac,
742 1624 833 1663 plura
854 1633 949 1654 manu
976 1634 1070 1663 agens
1084 1649 1092 1663 ‚
1111 1625 1320 1656 calliditatem
1342 1624 1403 1655 sori

85 1679 151 1701 non
167 1672 323 1701 exerceat.
341 1671 486 1710 Agricola
500 1671 636 1701 naturali
662 1670 849 1710 prudentia,
869 1671 1016 1711 quamvis
1035 1671 1117 1701 inter
1132 1672 1257 1710 togatos
1270 1671 1294 1708 ⁵,
1312 1671 1404 1702 facile

85 1715 235 1754 justeque
248 1716 372 1755 agebat.
391 1720 461 1747 Jam
483 1726 560 1747 vero
576 1719 719 1756 tempora
736 1725 884 1747 curarum
901 1717 1188 1757 remissionumque
1206 1717 1326 1748 divisa:
1349 1717 1405 1749 ubi

88 1762 269 1792 conventus
283 1762 294 1779 ⁰
315 1770 352 1792 ac
373 1761 494 1800 judicia
510 1765 703 1801 poscerent,
726 1763 851 1802 gravis,
875 1763 1036 1802 intentus,
1057 1772 1206 1802 severus,
1232 1765 1264 1794 et
1286 1764 1404 1803 saepius

90 1807 295 1846 misericors3
314 1808 371 1838 ubi
393 1808 499 1838 officio
522 1809 740 1847 satisfactum,
762 1809 882 1839 nullam
906 1811 989 1841 ultra
1008 1811 1172 1849 potestatis
1192 1819 1357 1849 personam
1370 1810 1403 1850 ⁷;

89 1854 255 1886 tristitiam
268 1854 279 1871 ὃ
299 1857 330 1885 et
345 1854 559 1894 arrogantiam
572 1856 583 1873 ²³
603 1858 634 1886 et
650 1855 818 1887 avaritiam
832 1855 857 1873 ¹⁰
875 1858 1018 1887 exuerat.
1035 1857 1153 1887 necilli
1168 1879 1176 1894 ‚
1191 1857 1275 1896 quod
1291 1858 1339 1888 est
1355 1866 1405 1888 ra-

89 1959 307 1987 abundantiam,
322 1964 380 1987 quae
394 1959 521 1988 ostentat,
540 1959 625 1982 media
639 1959 681 1982 via
698 1960 846 1987 incederet,
861 1960 939 1989 lonqe
953 1960 1093 1990 (remotus)
1108 1966 1126 1984 α
1137 1961 1269 1989 luxuria,
1285 1963 1404 1991 propior

83 1996 244 2025 samaa-7.
261 1995 323 2023 Qnae
336 2000 385 2023 per
398 1995 511 2018 Neronis
525 1996 632 2023 rapinas
645 1996 673 2018 et
687 1995 813 2018 inccndio
828 1995 904 2019 Urbis
919 1995 945 2018 in
962 1995 1063 2018 alienas
1078 2001 1172 2019 manus
1186 1997 1332 2020 venissent.

120 2031 164 2054 vll
187 2035 206 2053 1.
223 2029 280 2052 Vid.
295 2030 369 2053 Hist.
384 2029 415 2057 11,
432 2035 459 2052 ⁵2
472 2035 529 2058 seq.
542 2031 634 2053 Annus
652 2031 692 2053 est
709 2031 738 2054 U.
753 2036 804 2058 aaut),
818 2037 844 2059 p.
856 2031 916 2054 Chr.
930 2036 1023 2054 eth—2.
1037 2032 1220 2060 Appetiti.-5.
1239 2032 1313 2055 Cont.
1332 2033 1405 2059 Hisc.

89 2066 158 2094 1V,2
172 2067 199 2089 et
209 2070 306 2088 ,πελ-4.
325 2065 418 2088 Caelius
430 2065 521 2089 Rufus.
533 2065 686 2088 Nam-antur
696 2066 751 2089 herc
763 2067 836 2089 Hist.
854 2067 873 2094 1,
886 2071 923 2089 oo.

119 2100 190 2124 v111.
210 2105 229 2123 ι.
248 2101 268 2122 A
283 2100 390 2123 Vitellio
404 2101 507 2128 missus,
519 2100 592 2123 Hist.
605 2101 634 2126 ΙΙ,
648 2106 684 2124 as.
702 2102 775 2124 Adde
788 2107 809 2123 c.
824 2106 857 2124 ¹6.
873 2114 900 2117 —
913 2106 935 2124 2.
952 2101 1091 2127 secundm
1104 2101 1157 2125 vid.
1171 2102 1276 2126 Annal.
1289 2104 1353 2131 xw,
1368 2109 1403 2128 32.

91 2141 141 2159 ...5.
155 2136 213 2158 Jam
228 2135 350 2163 exempla
368 2135 408 2158 sui
422 2135 502 2158 edere
516 2136 642 2164 poterant
659 2137 785 2163 virtutes,
804 2142 856 2159 non
872 2136 985 2165 amplius
997 2137 1161 2165 premenda:

120 2171 167 2194 lx.
184 2175 205 2192 ι.
221 2170 330 2194 Munere
342 2170 483 2198 legat—2.
498 2171 561 2199 Quae
576 2171 716 2198 provincia
733 2171 871 2200 splendida
884 2172 1014 2201 dignitate
1026 2173 1084 2195 erat
1095 2172 1129 2195 ob
1143 2171 1405 2198 administrationem

92 2209 215 2233 magnam
233 2205 287 2227 sive
302 2205 450 2229 difficilem.
463 2205 512 2228 Alii
527 2206 644 2233 jungunt
657 2206 910 2230 administratimie
921 2207 1117 2236 diqnitatis.—
1127 2212 1148 2229 5.
1166 2208 1206 2230 Se.
1221 2207 1244 2230 ei
1258 2209 1304 2231 cui
1319 2208 1406 2238 Impe-

91 2240 164 2262 rator
176 2244 232 2261 eam
246 2240 411 2267 provinciam
425 2241 492 2264 dest.
506 2253 531 2256 —
544 2244 565 2262 4.
581 2240 668 2263 Minus
683 2241 805 2269 sollicita,
818 2248 871 2265 non
888 2243 967 2265 tantae
978 2242 1096 2269 cautelae,
1110 2247 1198 2270 neque
1213 2243 1267 2264 tam
1282 2245 1362 2266 acuta
1376 2246 1405 2268 et

93 2274 200 2302 spinosa
213 2274 370 2303 subtilitate,
383 2281 462 2304 quam
475 2276 621 2299 civilis—5.
638 2277 778 2300 Hominum
793 2283 844 2300 non
859 2277 1013 2300 militarium
1026 2277 1126 2300 arbiter
1140 2279 1186 2300 aut
1197 2277 1346 2305 judex.—e.
1362 2280 1404 2302 Se.

92 2308 305 2337 provincialium,
322 2311 355 2333 ad
371 2311 478 2338 judicia.
493 2312 554 2334 Noti
568 2312 629 2334 sunt
644 2319 674 2336 ex
687 2313 850 2335 sasave—7.
866 2313 906 2336 Sc.
918 2313 1056 2340 induebat,
1073 2312 1179 2341 agebat.
1191 2325 1218 2328 —
1229 2317 1252 2334 a.
1269 2313 1406 2337 Severita-

93 2343 156 2365 tem.
168 2348 227 2365 -9,
242 2344 298 2366 Non
317 2346 398 2368 animi
410 2347 592 2374 arrogantiam
606 2365 611 2373 ‚
627 2352 705 2375 qnam
720 2353 772 2370 non
788 2349 901 2371 noverat
918 2348 1053 2377 Agricola,
1067 2347 1114 2370 sed
1128 2348 1245 2370 muneris
1258 2348 1312 2376 sui,
1328 2349 1405 2376 cujus

94 2377 251 2407 dignitatem
267 2384 374 2403 servare
391 2380 508 2404 debebat
521 2387 548 2404 se
561 2383 726 2410 superiorem
741 2383 839 2405 ceteris
854 2382 1029 2406 ostendendo.
1038 2394 1066 2399 —
1079 2388 1112 2406 io.
1125 2382 1224 2406 lterum
1245 2388 1298 2406 non
1311 2389 1386 2406 suam
1397 2401 1403 2411 ,
