1539 2668
501 188 538 217 A.
561 188 600 217 U.
625 189 663 219 C.
681 188 753 217 823.
777 190 814 216 A.
837 187 872 216 C.
897 187 948 216 70.
1331 189 1390 218 399

65 269 138 292 mus
152 286 161 301 ,
181 263 288 293 Primo
303 261 444 294 Antonio
465 264 617 301 Varoque
636 261 741 292 Arrio.
766 263 870 291 Varus
891 259 1093 299 praetorianis
1110 260 1305 300 praepositus
1321 262 1389 294 vim

63 309 160 348 atque
175 318 263 340 arma
281 309 449 340 retinebat.
467 317 543 340 eum
559 308 728 351 Mucianus
745 308 873 347 pulsum
889 307 959 338 loco
973 331 981 345 ‚
996 315 1036 338 ne
1053 307 1122 338 sine
1135 309 1249 339 solatio
1263 313 1390 348 ageret,

64 362 201 387 annonae
216 357 361 396 praefecit
388 360 487 397 utque
501 356 676 387 Domitiani
691 357 838 389 animum
854 360 939 388 Varo
954 355 1038 385 haud
1058 354 1198 385 alienum
1214 355 1390 395 deleniret,

62 403 251 434 Arrecinum
277 404 496 443 Clementem,
522 404 634 435 domui
660 405 848 445 Vespasiani
876 413 933 444 per
959 402 1150 433 affinitatem
1173 402 1329 434 innexum
1358 407 1390 435 et

62 450 283 489 gratissimum
301 451 486 481 Domitiano
498 475 506 489 ‚
525 451 730 491 praetorianis
748 451 946 492 praeposuit,
964 452 1106 490 patrem
1128 449 1203 487 ejus
1227 450 1290 480 sub
1309 452 1390 481 Caio

66 498 202 528 Coesare
218 499 349 537 eqreyie
359 497 531 536 functum
549 507 591 530 ea
608 507 695 530 cura
710 499 881 538 dictitans;
899 499 1021 530 [cetum
1035 496 1204 527 nautibus
1223 496 1312 527 idem
1330 505 1388 527 no-

61 550 160 582 men,
178 546 280 584 alque
298 546 411 583 ipsum
427 553 643 586 quamquam
659 548 826 577 senatorii
844 545 978 577 ordinis
995 544 1018 584 ¹,
1037 542 1084 574 ad
1101 545 1253 583 utraque
1269 545 1389 574 munia

60 589 231 629 sufficere.
257 595 469 622 assumuntur
489 602 506 623 e
531 593 665 624 civitate
689 594 886 624 clarissimus
909 594 1067 632 quisque,
1091 592 1123 621 et
1146 590 1198 620 alii
1215 599 1271 630 per
1287 590 1390 621 ambi·

61 636 181 668 tionem
197 637 222 668 ².
242 638 338 669 simul
358 640 563 671 Domitianus
586 640 821 680 Mucianusque
838 639 1102 680 accingebantur,
1120 637 1238 677 dispari
1261 638 1388 676 animo,

58 682 114 714 ille
127 693 184 723 spe
199 693 236 715 ac
250 685 387 723 juventa
406 696 566 727 properus
579 712 586 725 ‚
602 687 654 718 hic
669 696 776 719 moras
790 690 922 719 nectens
937 688 1008 726 quis
1024 685 1210 725 flagrantem
1226 685 1390 722 retineret,

58 739 99 761 ne
123 731 239 762 ferocia
262 733 369 764 aetatis
387 736 419 764 et
442 734 550 774 pravis
575 734 822 774 impulsoribus,
848 735 873 765 si
901 733 1079 765 exercitum
1103 732 1294 770 invasisset,
1320 731 1391 770 paci

59 777 209 818 belloque
222 780 302 809 male
316 781 511 812 consuleret.
527 781 669 819 legiones
684 782 834 813 victrices
848 785 941 812 sexta
954 783 986 811 et
1000 782 1128 818 octava,
1144 779 1389 809 Vitellianarum

58 826 335 867 unaetvicesima,
359 836 377 858 e
405 836 516 859 recens
535 829 728 868 conscriptis
745 829 889 860 secunda
901 852 910 867 ‚
930 827 1080 859 Penninis
1097 826 1318 866 Cottianisque
1334 825 1390 857 Al-

58 871 174 911 pibus,
198 882 272 912 pars
295 877 404 906 monte
425 876 518 907 Graio
540 876 779 915 traducuntur;
802 875 1045 915 quartadecima
1066 874 1148 913 legio
1168 883 1184 904 e
1207 873 1389 912 Britannia,

58 920 151 950 sexta
172 928 210 950 ac
232 920 358 952 decima
382 931 421 953 ex
445 922 597 962 Hispania
619 924 743 955 accitae.
769 924 869 962 Igitur
888 922 1047 953 venientis
1073 922 1235 952 exercitus
1257 921 1342 951 fama
1359 922 1391 951 et

57 968 173 1006 suopte
188 968 315 1007 ingenio
330 969 370 1000 ad
383 970 510 1000 mitiora
524 970 718 1002 inclinantes
735 970 911 1002 Galliarum
925 969 1074 1000 civitates
1092 968 1127 999 in
1142 973 1260 999 Remos
1276 977 1390 998 conve-

57 1020 145 1044 nere.
168 1017 384 1047 Treverorum
409 1018 527 1057 legatio
551 1017 617 1048 illic
640 1018 889 1058 opperiebatur,
916 1017 1075 1047 acerrimo
1099 1016 1290 1046 instinctore
1314 1014 1390 1045 belli

57 1059 163 1091 Tullio
177 1062 359 1094 Valentino.
385 1064 413 1095 is
439 1065 595 1095 meditata
618 1066 763 1096 oratione
784 1067 902 1095 cuncta
924 1063 1049 1103 magnis
1073 1062 1217 1103 imperiis
1236 1060 1390 1100 objectari

58 1106 152 1138 solita
165 1110 444 1150 contumeliasque
460 1114 493 1141 et
507 1111 662 1142 invidiam
678 1112 711 1142 in
728 1112 883 1152 populum
897 1115 1079 1142 Romanum
1093 1110 1224 1149 effudit,
1240 1108 1391 1141 turbidus

59 1154 235 1186 miscendis
254 1157 468 1189 seditionibus
486 1161 517 1189 et
536 1159 695 1199 plerisque
710 1162 821 1198 gratus
834 1158 964 1190 vecordi
981 1157 1142 1188 facundia.

101 1205 203 1233 LXIX.
228 1205 268 1234 At
291 1204 393 1235 Julius
412 1209 539 1246 Auspex
557 1216 574 1238 e
591 1206 788 1246 primoribus
806 1210 1001 1244 Remorum,
1020 1207 1090 1235 11111
1113 1207 1305 1235 Romanam
1323 1212 1390 1243 pa-

63 1249 178 1288 cisque
193 1250 279 1281 bona
295 1251 476 1284 dissertans
490 1277 498 1291 ‚
517 1256 548 1285 et
563 1256 652 1285 5111111
671 1253 798 1284 bellum
814 1254 921 1284 eliam
939 1252 982 1283 ab
997 1254 1144 1291 19110115,
1161 1253 1253 1282 stret:
1261 1251 1390 1282 nissimi

63 1296 230 1336 cujusque
240 1299 401 1337 periculo
417 1302 509 1339 yere',
523 1301 670 1341 Jamque
683 1309 788 1339 super
803 1302 912 1339 eaput
934 1300 1080 1338 leqiones
1092 1322 1099 1336 ‚
1115 1298 1389 1337 sapientissimum

63 1351 227 1382 quemque
249 1347 434 1377 reverentia
456 1346 598 1387 fideque,
616 1347 760 1386 juniores
775 1346 918 1386 periculo
935 1354 972 1376 ac
988 1347 1077 1376 metu
1095 1345 1263 1376 continuit.
1279 1348 1311 1376 et
1326 1348 1389 1375 Va-

62 1388 176 1420 lentini
191 1391 337 1422 animum
354 1394 548 1433 laudabant,
564 1394 736 1425 consilium
752 1393 896 1432 Auspicis
910 1392 1138 1432 sequebantur.
1154 1394 1277 1423 constat
1291 1392 1391 1423 obsti·

60 1436 140 1467 11550
156 1440 303 1469 Treveris
321 1440 586 1481 Lingonibusque
602 1442 686 1482 apud
705 1442 838 1480 Gallias,
855 1441 939 1480 quod
953 1440 1098 1470 Vindicis
1118 1442 1208 1470 motu
1225 1448 1299 1470 cum
1315 1443 1388 1470 Ver-

61 1483 149 1522 ginio
164 1488 321 1518 steterant
337 1487 359 1518 ¹.
377 1488 535 1519 deterruit
550 1489 720 1529 plerosque
735 1488 977 1528 provinciarum
990 1487 1158 1517 aemulatio
1174 1496 1181 1516 z
1198 1487 1287 1526 quod
1302 1487 1389 1519 bello

61 1535 196 1573 caput?
211 1533 221 1550 ²
241 1534 334 1565 uncle
343 1535 406 1574 jus
423 1537 685 1577 (mespiee'zcmque
700 1538 904 1575 petel-elur?
922 1543 1049 1575 quam,
1073 1536 1102 1565 51
1124 1536 1251 1565 czmeca
1272 1542 1390 1573 prove-

60 1581 212 1620 nissent,
230 1580 342 1612 sedem
362 1583 504 1622 imperio
523 1583 698 1622 [efferentP
716 1582 860 1615 nondum
875 1579 1029 1618 victoria,
1041 1581 1106 1619 Jam
1125 1581 1286 1612 discordia
1302 1584 1388 1620 erat,

61 1626 133 1658 aliis
149 1628 286 1668 foedcra,
305 1629 501 1668 quibusdam
523 1638 599 1669 opes
618 1630 770 1669 viresque
786 1632 841 1661 aut
856 1630 1048 1659 vetustatem
1066 1628 1198 1668 originis
1215 1638 1271 1668 per
1284 1628 1390 1669 jurgia

58 1675 267 1713 jactantibus.
288 1676 383 1707 1111110
401 1677 588 1709 futurorum
605 1678 776 1718 praesentia
792 1677 953 1717 placuere.
971 1675 1160 1707 scribuntur
1177 1676 1215 1706 ad
1233 1680 1390 1708 Treveros

61 1722 224 1762 epistolae,
241 1723 372 1754 nomine
392 1724 563 1755 Galliarum
577 1749 585 1764 ,
609 1727 649 1756 ut
671 1724 884 1756 abstinerent
905 1725 1033 1761 armis,
1052 1723 1266 1763 inipetrabz'li
1289 1725 1390 1754 venia

62 1771 95 1800 et
109 1771 248 1809 paratis
264 1769 563 1810 deprecatoribus,
586 1773 616 1802 si
635 1772 833 1811 paeniteret.
857 1770 976 1801 restitit
999 1770 1083 1801 idem
1100 1770 1290 1801 Valentinus
1305 1794 1313 1809 ,
1334 1770 1389 1800 ob-

61 1816 247 1856 struxitque
273 1816 414 1847 civitatis
433 1826 500 1848 suae
528 1827 640 1857 aures,
664 1817 751 1848 haud
778 1817 909 1857 perinde
930 1817 1120 1848 instruendo
1145 1816 1231 1848 bello
1247 1818 1391 1848 intentus

62 1872 161 1904 quam
179 1863 329 1902 frequens
345 1864 572 1895 concionibus.

104 1914 192 1942 LXX.
217 1911 319 1949 Igitur
341 1919 405 1941 nou
425 1911 555 1942 Treveri
576 1919 681 1951 neque
697 1910 857 1949 Lingones
873 1910 1032 1941 ceteraeve
1053 1909 1223 1940 rebellium
1242 1910 1390 1942 civitates

63 1967 122 1998 pro
138 1957 363 1996 magnitudine
383 1958 526 1998 suscepti
550 1958 744 1989 discriminis
768 1966 871 1997 agere.
896 1965 937 1988 ne
952 1956 1052 1987 duces
1074 1956 1209 1996 quidem
1232 1957 1265 1987 in
1288 1967 1390 1989 unum

62 2005 240 2044 consulere,
254 2005 309 2035 sed
325 2005 435 2036 Civilis
448 2006 521 2035 avia
534 2006 699 2044 Belgarum
715 2004 919 2043 circumibat,
934 2003 1012 2034 dum
1028 2004 1196 2035 Claudium
1210 2004 1390 2036 Labeonem

63 2061 176 2093 capere
198 2053 255 2083 aut
275 2052 446 2083 exturbare
466 2052 605 2089 nititur3
626 2052 784 2083 Classicus
803 2060 898 2091 segne
918 2051 1108 2091 plerumque
1132 2051 1234 2082 otium
1259 2052 1391 2084 trahens

61 2099 152 2131 velut
176 2100 269 2139 parto
294 2099 429 2139 imperio
452 2099 631 2130 fruebatur.
652 2107 693 2130 ne
715 2101 815 2129 Tutor
837 2098 968 2138 quidem
993 2098 1169 2130 maturavit
1192 2099 1391 2138 superiorem

64 2146 244 2178 Germaniae
257 2146 359 2186 ripam
372 2147 405 2177 et
421 2146 521 2177 ardua
535 2147 664 2186 Alpium
679 2146 838 2186 praesidiis
851 2146 1009 2176 claudere.
1026 2147 1122 2185 atque
1135 2145 1264 2176 interim
1281 2150 1390 2179 unaet-

63 2193 219 2225 vicesima
244 2193 324 2233 legio
346 2193 543 2225 Vindonissa
557 2217 565 2231 ,
588 2193 739 2225 Sextilius
762 2193 875 2223 Felix¹
902 2201 978 2223 cum
1002 2192 1179 2224 auxiliariis
1202 2193 1389 2225 cohortibus

64 2248 120 2280 per
140 2239 275 2271 Raetiam
296 2240 452 2280 irrupere.
477 2240 613 2272 accessit
636 2240 685 2271 ala
709 2239 925 2278 Singularium
939 2238 965 2278 2,
987 2240 1092 2270 excita
1109 2239 1183 2270 olim
1201 2248 1218 2269 a
1236 2239 1364 2272 Vitellio
1377 2264 1387 2281 ,

96 2325 208 2349 vam.
225 2330 244 2348 1.
256 2324 325 2348 Nam
338 2331 368 2349 ex
385 2326 504 2355 equestri
516 2326 573 2350 fere
587 2326 682 2350 ordine
695 2326 730 2349 illi
746 2325 865 2355 praefecti
876 2326 1117 2355 eligebantur.—2.
1129 2326 1235 2356 Briyue

93 2360 188 2384 LXlx.
203 2366 223 2383 1.
241 2360 303 2384 vid.
318 2360 350 2383 ad
368 2361 388 2388 l,
402 2366 480 2384 e.—2.
496 2362 560 2390 Quis
570 2368 690 2385 summus
704 2363 867 2385 moderator.

96 2395 173 2419 Lxx.
191 2401 210 2418 1.
231 2396 268 2418 De
285 2400 339 2424 quo
354 2395 409 2424 111,
432 2402 494 2419 15.-
506 2402 527 2420 2,
545 2398 584 2420 De
601 2397 654 2420 hoc
679 2403 779 2426 genere
800 2397 899 2420 inilitiae
921 2398 1058 2426 Hyginus:
1075 2397 1210 2426 «Equites
1230 2399 1391 2427 praetoriani

66 2429 152 2455 latere
176 2429 270 2455 dextro
287 2431 407 2459 praetorii
418 2449 425 2460 ,
440 2432 595 2461 singulares
616 2433 788 2462 Imperatoris
803 2433 888 2456 latere
907 2432 1017 2456 sinistro
1031 2432 1146 2456 tendere
1168 2432 1279 2459 debent.
1291 2442 1305 2454 n
1325 2433 1389 2457 Fre-
