1539 2668
503 141 540 170 A.
563 141 602 170 U.
625 140 660 170 C.
686 140 757 170 822.
781 141 818 169 A.
842 142 877 170 C.
902 141 953 170 69.
1329 143 1391 173 329

71 215 243 255 postquam
263 214 351 245 nulla
369 213 463 245 dictis
480 213 559 245 fides
575 214 608 245 et
622 222 640 244 a
654 212 786 244 domino
808 213 1012 252 noscebatur,
1033 213 1215 245 conditione
1234 213 1389 254 fugitivus

70 262 202 293 nomine
222 263 321 301 Geta,
337 262 506 301 sumptum
522 260 561 292 de
577 269 615 292 eo
630 260 828 300 supplicium
845 259 992 291 servilem
1008 260 1041 291 in
1058 260 1203 292 modum.

110 313 243 340 LXXIII.
268 308 329 339 Vix
354 307 507 340 credibile
533 309 715 339 memoratu
738 309 786 338 est
806 310 964 348 quantum
991 306 1149 347 superbiae
1173 308 1392 351 socordiaeque

69 355 197 387 Vitellio
220 355 413 394 adoleverit,
435 355 607 395 postquam
633 353 850 394 speculatores
874 363 891 385 e
914 354 1004 394 syria
1026 353 1203 394 Judaeaque
1226 355 1391 390 adactum,

70 404 105 434 in
127 403 231 434 verba
255 403 327 442 ejus
352 404 525 434 Orientem
546 401 746 432 nuntiavere.
775 410 849 432 nam
877 401 937 432 etsi
963 401 1053 441 vagis
1078 400 1182 432 adhuc
1208 403 1240 433 et
1264 402 1393 435 incertis

70 450 274 489 auctoribus,
297 450 366 480 erat
388 451 497 480 tamen
520 448 553 479 in
573 457 628 479 ore
650 447 801 488 famaque
823 448 1058 488 Vespasianus,
1083 457 1120 479 ac
1140 448 1331 489 plerumque
1351 451 1393 481 ad

69 506 188 528 nomen
205 497 274 536 eJus
297 496 442 528 Vitellius
459 494 672 526 excitabatur.
696 495 766 525 tum
786 495 856 535 ipse
871 495 1101 535 exercitusque
1120 496 1155 526 ut
1168 496 1255 527 nullo
1275 498 1393 528 aemulo

69 544 196 577 saevitia
208 569 216 583 ,
235 543 382 580 libidine,
401 543 495 581 raptu
514 541 546 572 in
564 543 716 572 externos
732 551 838 573 mores
854 544 1079 583 proruperant.

110 594 240 622 LXXIV.
266 590 305 620 At
320 588 533 628 Vespasianus
553 588 673 619 bellum
692 597 846 629 armaque
863 591 893 620 et
916 590 1027 629 procul
1044 589 1093 621 vel
1111 589 1202 630 juxta
1217 589 1295 622 sitas
1309 590 1394 623 vires

68 636 370 677 circumspectabat.
388 636 480 667 miles
493 636 555 676 ipsi
571 635 651 666 adeo
666 638 799 676 paratus
812 660 820 675 ‚
839 639 875 666 ut
891 640 1090 676 praeeuntem
1107 641 1345 669 sacramentum
1362 642 1394 670 et

69 685 173 716 fausta
186 683 314 715 Vitellio
329 683 437 714 onmia
454 685 641 723 precantem
661 692 716 722 per
733 683 902 714 silentium
922 683 1096 714 audierint.
1115 684 1252 715 Muciani
1267 686 1395 717 animus

67 740 128 763 nec
140 731 335 770 Vespasiano
353 730 476 761 alienus
494 732 525 761 et
542 730 574 760 in
589 730 696 761 Titum
717 730 849 770 pronior
866 730 887 760 ¹.
915 729 1086 770 praefectus
1106 731 1225 771 ,Egypti
1246 732 1395 763 Tiberius

68 777 249 809 Alexander
265 777 401 808 consilia
418 777 600 808 sociaverat
614 776 638 808 ².
659 777 791 808 tertiam
814 777 973 816 legionem
985 801 993 816 ‚
1011 776 1099 816 quod
1121 786 1138 808 e
1161 779 1251 818 syria
1268 779 1299 809 in
1314 781 1394 812 Moe·

68 824 149 855 siam
166 824 355 863 transisset,
376 832 466 853 suam
488 824 689 854 numerabat.
710 826 826 854 ceterae
847 823 965 862 Illyrici
986 823 1125 862 legiones
1145 827 1307 856 secuturae
1326 835 1397 867 spe-

67 871 241 910 rabantur3
265 879 406 910 namque
423 878 537 901 omnes
560 870 720 900 exercitus
746 869 970 900 flammaverat
989 871 1170 910 arrogantia
1194 871 1396 905 x‘eiiienlium

67 926 86 948 a
101 918 230 949 Vitellio
248 917 405 954 militum,
429 916 516 956 quod
535 918 643 947 truces
659 925 814 956 corpore,
834 916 956 946 horridi
975 925 1123 947 sermone
1139 919 1264 949 ceteros
1281 921 1317 950 ut
1333 920 1396 952 im·

67 973 159 1005 pares
175 963 361 994 irridebant.
384 964 438 993 sed
457 963 488 993 in
508 965 598 994 tanta
615 964 699 994 mole
715 963 788 993 belli
807 963 1000 1003 plerumque
1019 964 1205 1004 cuiictati03
1230 967 1262 997 et
1279 969 1398 1007 Vespa-

66 1011 176 1042 sianus
201 1010 297 1041 morlo
323 1010 356 1040 in
379 1019 469 1050 spem
494 1012 637 1049 erectus,
660 1010 830 1050 aliquando
854 1010 987 1041 adversa
1006 1011 1174 1050 reputabat
1194 1022 1201 1042 ε
1223 1025 1237 1038 1<
1256 1012 1329 1052 quis
1344 1014 1399 1047 ille

70 1071 85 1085 «
102 1057 170 1088 dies
186 1057 268 1087 soret
286 1066 350 1096 quo
365 1058 532 1096 sexaginta
545 1058 651 1088 aetatis
666 1065 767 1088 annos
782 1058 814 1088 et
827 1057 910 1087 duos
924 1057 1004 1088 filios
1017 1057 1152 1096 juvenes
1168 1058 1251 1090 bello
1265 1061 1398 1100 permit-

70 1117 85 1131 «
104 1106 207 1136 teret?
227 1113 298 1135 esse
318 1104 455 1144 privatis
477 1104 730 1143 cogitationibus
752 1113 956 1144 progressum
972 1104 998 1144 ³,
1018 1106 1049 1136 et
1065 1106 1159 1145 prout
1183 1107 1305 1146 velint,
1325 1108 1397 1148 plus

71 1166 85 1179 «ι
105 1152 255 1183 minusve
278 1152 361 1182 sumi
380 1160 419 1181 ex
444 1151 597 1182 fortuna:
622 1152 793 1192 imperium
819 1151 1025 1191 cupientibus
1044 1152 1123 1183 nihil
1146 1153 1290 1184 medium
1312 1155 1398 1188 inter

72 1214 87 1228 ιι
105 1207 234 1231 summa
248 1201 303 1228 aut
320 1198 510 1237 praecipitia.
529 1211 545 1225 n

76 1242 80 1245 ¹
111 1250 225 1278 LXXV,
251 1244 448 1276 Versabatur
463 1248 537 1277 ante
559 1246 669 1277 oculos
687 1245 869 1277 Germanici
885 1247 1047 1277 exercitus
1066 1245 1176 1285 robur,
1193 1247 1308 1278 notum
1327 1248 1399 1281 viro

68 1293 224 1325 militari¹
248 1303 254 1321 ε
276 1306 290 1319 «
313 1302 387 1323 suas
411 1292 551 1332 legiones
579 1292 667 1323 civili
691 1292 773 1323 bello
801 1293 1004 1332 inexpertas,
1032 1293 1151 1323 Vitellii
1174 1294 1341 1334 victrices,
1366 1296 1399 1327 et

71 1353 86 1367 «
105 1340 190 1380 apud
216 1340 317 1371 victos
343 1340 416 1379 plus
436 1339 714 1378 querimoniarum
739 1348 836 1379 quam
862 1339 990 1370 virium.
1011 1340 1129 1370 ssuxam
1147 1349 1202 1380 per
1220 1341 1399 1375 discordias

71 1400 86 1414 «
104 1388 242 1418 militum
258 1386 366 1425 sidem,
380 1388 411 1417 et
427 1386 608 1425 periculum
623 1395 663 1417 ex
679 1386 812 1425 singulis
827 1396 833 1416 :
850 1386 929 1426 quid
945 1386 1030 1417 enim
1049 1388 1234 1426 profuturas
1248 1388 1400 1422 cohortes

71 1448 85 1462 «
103 1435 252 1474 alasque,
280 1433 307 1464 si
332 1442 416 1464 unus
442 1433 587 1472 alterque
610 1433 760 1473 praesenti
787 1433 921 1464 facinori
940 1437 1087 1473 paratum
1108 1443 1147 1465 ex
1171 1434 1299 1466 diverso
1319 1444 1400 1476 prae-

69 1494 86 1509 »
103 1480 226 1513 mium²
250 1482 361 1520 petat?
381 1479 427 1511 sie
449 1479 695 1511 Scribonianum
720 1480 780 1511 sub
801 1479 932 1511 Claudio
954 1480 1159 1512 interfectum
1172 1493 1181 1521 ;
1204 1482 1249 1512 sic
1274 1489 1400 1522 percus-

71 1542 86 1557 «
104 1536 209 1560 sorem
224 1528 293 1566 eJ'us
304 1526 506 1566 Volaginium
521 1536 538 1557 e
553 1527 696 1566 gregario
709 1527 748 1557 ad
765 1535 891 1558 summa
906 1527 1029 1559 militiae
1039 1531 1228 1568 provectum
1240 1528 1263 1560 ³.
1276 1529 1399 1560 facilius

71 1588 86 1603 κ
106 1575 273 1606 universos
286 1574 407 1614 impelli
424 1582 521 1613 quam
537 1573 680 1613 singulos
696 1573 803 1605 vitari.
820 1587 837 1602 υ

109 1625 241 1653 LXXVI.
265 1621 320 1652 His
342 1620 519 1660 pavoribus
541 1622 709 1652 nutantem
731 1623 764 1652 et
786 1622 840 1653 alii
864 1621 959 1661 legati
983 1622 1144 1662 amicique
1167 1622 1341 1655 firmabant
1366 1625 1400 1656 et

68 1669 238 1701 Mucianus
252 1692 260 1707 ,
275 1669 349 1708 post
362 1667 484 1698 multos
500 1670 709 1708 secretosque
723 1677 887 1700 sermones
900 1669 966 1708 jam
981 1672 1012 1700 et
1027 1678 1136 1701 coram
1152 1669 1158 1686 ¹
1180 1671 1226 1702 ita
1242 1671 1372 1702 locutus
1389 1679 1398 1700 :

71 1728 87 1742 «
104 1719 225 1748 Omnes
242 1715 298 1755 qui
316 1723 505 1754 magnarum
527 1724 635 1745 rerum
654 1715 790 1746 consilia
814 1716 998 1756 suscipiunt
1010 1740 1019 1755 ,
1042 1717 1204 1748 aestimare
1221 1717 1338 1749 debent
1358 1726 1399 1748 an

73 1776 88 1790 ιι
106 1763 193 1802 quod
205 1762 374 1792 inchoatur
388 1761 574 1800 reipublicae
589 1761 680 1800 utile,
696 1762 774 1801 ipsis
787 1763 978 1802 gloriosum,
998 1765 1053 1794 aut
1067 1765 1255 1803 promptum
1268 1764 1399 1804 effectu,

73 1823 88 1838 ιι
106 1811 162 1841 aut
181 1810 269 1839 certe
293 1817 358 1839 non
378 1807 538 1839 arduum²
564 1808 614 1838 sit.
634 1809 731 1839 simul
754 1809 823 1849 ipse
849 1810 905 1849 qui
928 1809 1042 1841 suadet
1061 1811 1315 1842 considerandus
1332 1813 1399 1850 est,

72 1871 88 1885 «
106 1856 279 1897 adjiciatne
296 1854 428 1887 consilio
450 1855 630 1894 periculum
648 1863 745 1886 suum
759 1878 768 1894 ‚
791 1858 823 1886 et
845 1856 872 1886 si
894 1856 1026 1887 fortuna
1044 1858 1156 1896 coeptis
1174 1858 1325 1897 assuerit,
1346 1858 1400 1888 cui

74 1918 88 1932 κ
106 1912 271 1935 summum
287 1902 387 1933 decus
401 1901 597 1942 acquiratur.
617 1910 676 1942 ego
690 1903 723 1933 te
735 1925 744 1941 ‚
757 1902 951 1942 Vespasiane
963 1927 972 1942 ,
989 1902 1029 1933 ad
1045 1902 1219 1944 imperium
1236 1912 1317 1934 voco
1334 1907 1400 1935 tam

72 1964 88 1978 κ
106 1951 244 1982 salutare
262 1949 448 1990 reipublicae
461 1958 558 1989 quam
581 1949 640 1980 tibi
662 1949 883 1989 magnificum.
898 1950 992 1990 juxta
1006 1949 1083 1981 deos
1104 1950 1137 1981 in
1151 1953 1208 1982 tua
1225 1959 1325 1982 manu
1340 1960 1398 1991 po-

72 2010 88 2025 κ
105 1997 205 2030 situm
221 2000 279 2029 est.
298 2005 357 2028 nec
374 1997 514 2037 speciem
527 1995 688 2028 adulantis
701 1996 881 2037 expaveris.
897 2005 914 2028 a
931 1997 1127 2029 contumelia
1143 2006 1242 2038 quam
1264 2007 1283 2029 a
1304 1998 1400 2030 laude

98 2094 212 2119 LXXIV.
227 2099 246 2117 ι.
263 2094 292 2117 V.
307 2098 332 2117 c.
349 2097 470 2116 5-7.—2.
483 2092 559 2117 Conf.
574 2092 594 2122 I,
614 2097 703 2117 tt.—3.
716 2092 931 2122 substantivum,
946 2092 1019 2122 quod
1039 2092 1217 2122 sequentibus
1241 2092 1397 2122 exponitur,

71 2131 147 2160 quasi
163 2130 266 2153 dictum
285 2130 358 2152 esset
375 2137 388 2150 u
402 2134 576 2158 progressum
596 2129 632 2157 et,
649 2128 672 2152 si
691 2127 767 2158 velis,
785 2134 948 2158 regressum.
966 2136 980 2149 »
993 2128 1033 2153 Ob
1053 2128 1161 2158 adjecta
1181 2133 1237 2152 non
1259 2134 1326 2157 opus
1339 2130 1398 2153 erat

71 2165 147 2195 plura
162 2164 215 2188 dici
230 2171 309 2194 quam
325 2170 519 2194 prom-essum.

101 2200 202 2223 LXXV.
215 2200 392 2224 ¹.Suetonius
413 2205 436 2223 c.
453 2204 477 2228 ⁴,
491 2199 578 2224 refert
598 2204 742 2223 numerum
762 2199 900 2228 ingentem
921 2199 1123 2228 expeditionum
1145 2197 1242 2227 quibus
1262 2198 1325 2221 ante
1344 2197 1398 2221 hoc

71 2237 177 2264 tempus
190 2234 353 2259 interfuerat
369 2237 417 2259 aut
431 2235 578 2265 praefuerat
589 2234 779 2264 Vespasianus.
796 2247 822 2250 —
837 2239 857 2257 2.
872 2235 1012 2258 Praemium
1032 2235 1105 2264 quod
1126 2233 1159 2257 ab
1178 2232 1292 2256 adversa
1319 2233 1398 2262 parte

71 2275 179 2299 semper
190 2272 313 2299 para-tum
329 2272 370 2294 est
383 2271 407 2294 ei
418 2271 464 2300 qui
475 2276 592 2300 praesens
605 2270 721 2299 facium,
734 2270 843 2299 quando
851 2269 1011 2299 postulatur,
1027 2270 1201 2299 praestat-5.
1213 2269 1251 2292 De
1265 2267 1307 2291 his
1320 2268 1396 2291 Anu.

71 2304 131 2331 ΧΠ,
143 2309 180 2333 52,
194 2306 305 2329 Sueton.
320 2305 425 2330 claud.
443 2312 457 2329 c
483 2311 518 2335 ¹3,
531 2311 569 2329 35.

102 2339 214 2363 LXXVI.
231 2345 251 2363 ι.
263 2339 415 2364 Palam—2.
426 2341 562 2365 Arduum
575 2349 589 2362 u
605 2340 728 2369 estquod
740 2341 782 2364 est
793 2345 875 2369 quum
890 2339 1008 2367 difficile,
1023 2341 1080 2363 tum
1095 2339 1238 2363 molestum
1249 2338 1278 2361 et
1290 2338 1396 2361 incom-

71 2374 190 2404 modum,
203 2376 230 2399 et
242 2375 422 2404 intractabile,
434 2377 506 2405 quod
524 2373 608 2400 Graeci
622 2371 760 2412 δυςχερές
774 2377 820 2399 aut
833 2369 968 2411 χαλεπόν
981 2375 1149 2405 appellant»,
1165 2373 1283 2403 Gellius,
1298 2373 1339 2400 IV,
1355 2376 1394 2396 ¹⁵·
