1539 2668
509 185 605 214 VITA
626 184 726 213 JULlI
749 183 964 212 AGRICOLAE.
1336 176 1398 206 435

73 270 91 286 α
108 256 224 298 portus
246 257 341 297 sunt,
367 257 484 299 quibus
508 257 697 290 exercendis
715 265 931 289 reservemur.
950 254 1055 286 virtus
1081 262 1176 294 porro
1198 262 1235 284 ac
1252 251 1369 283 ferocia
1383 252 1394 269 ⁴

17 306 20 310 ’
72 317 90 331 «
109 304 331 344 subjectorum
354 305 478 346 ingrata
493 305 728 347 imperantibus
745 316 753 336 ε
774 307 806 337 et
825 303 1040 344 longinquitas
1057 311 1094 333 ac
1113 304 1274 332 secretum
1290 300 1399 340 ipsum

72 365 89 377 «
109 361 174 391 quo
196 352 320 391 tutius,
342 361 379 383 eo
398 354 591 394 suspectius.
614 354 658 386 ita
671 379 680 394 ‚
698 355 827 387 sublata
839 361 894 392 spe
912 351 1033 389 veniae,
1048 349 1180 380 tandem
1198 348 1317 379 sumite
1333 346 1399 377 ani-

73 410 88 424 «
108 407 199 430 mum
212 422 220 437 ,
235 402 300 431 tam
322 401 440 441 quibus
454 401 558 439 salus,
578 411 675 442 quam
689 403 806 443 quibus
824 400 924 440 gloria
946 397 1110 429 carissima
1129 399 1187 427 est.
1209 396 1373 434 Brigantes
1386 394 1398 411 ⁵

73 457 87 470 ι
108 445 229 477 femina
245 447 327 479 duce
348 457 484 480 exurere
507 448 667 480 coloniam
680 474 689 489 ‚
708 456 891 490 expugnare
913 448 1016 476 castra
1029 468 1038 483 ‚
1061 453 1099 475 ac
1121 442 1182 474 nisi
1208 441 1343 472 felicitas
1368 440 1401 470 in

74 504 87 517 «
106 493 283 525 socordiam
303 495 472 536 vertisset,
493 504 610 527 exuere
626 497 737 536 jugum
760 498 903 536 potuere.
928 502 986 524 nos
1004 490 1120 531 integri
1145 492 1177 521 et
1198 486 1350 520 indomiti
1370 487 1401 516 et

73 551 87 564 «
107 540 286 572 libertatem
298 551 360 573 uon
376 543 407 574 in
420 544 593 584 praesentia
605 544 700 576 laturi
711 544 722 561 ⁴³
739 543 845 584 primo
862 541 972 573 statim
987 548 1157 579 congressu
1171 546 1236 569 non
1252 534 1402 567 ostende-

74 599 88 612 «ι
108 596 180 618 mus
193 612 202 627 ‚
216 597 298 628 quos
311 589 372 621 sibi
386 590 558 622 Caledonia
572 591 659 622 viros
677 591 881 631 seposuerit?
895 598 935 620 an
954 587 1089 619 eandem
1105 584 1258 617 Romanis
1271 583 1302 614 in
1318 581 1401 613 bello

74 646 89 659 «
107 634 261 668 virtutem
275 662 285 678 ‚
302 647 399 678 quam
418 639 451 670 in
470 647 548 679 pace
563 639 732 670 lasciviam
747 638 858 670 adesse
875 635 1027 668 creditis?
1371 674 1377 680 Ι

113 685 234 715 XXXII.
255 698 271 712 «ι
296 686 424 717 Nostris
445 686 490 717 illi
510 685 760 717 dissensionibus
779 694 816 717 ac
833 683 1000 716 discordiis
1018 682 1094 713 clari
1115 680 1194 712 vitia
1209 678 1351 710 hostium
1368 683 1401 705 in

74 742 89 756 «
108 731 242 771 gloriam
259 735 421 766 exercitus
441 735 491 766 sni
514 736 666 775 vertunt,
685 744 782 776 quern
799 736 1001 765 contractum
1022 741 1061 763 ex
1082 727 1311 762 diversissimis
1332 734 1404 766 gen-

75 793 91 807 «
111 781 197 814 tibus
219 786 255 815 ut
277 785 429 817 secundae
449 795 499 817 res
516 788 647 824 tenent,
673 786 718 817 ita
741 786 884 816 adversae
903 783 1100 820 dissolvent;
1118 780 1180 811 nisi
1200 780 1226 811 si
1247 778 1351 810 Gallos
1369 777 1403 808 et

75 840 90 854 κ
109 831 283 863 Germanos
299 834 331 864 et
349 832 464 873 (pudet
485 833 571 864 dictu
587 833 618 872 2)
638 833 864 864 Britannorum
887 832 1054 872 plerosque
1066 853 1075 868 ,
1094 829 1168 860 licet
1190 825 1402 858 dominationi

76 886 91 900 κ
109 876 221 908 alienae
242 880 433 919 sanguinem
454 880 683 919 commodent,
706 880 829 911 diutius
846 881 954 910 tamen
975 878 1084 908 hostes
1098 876 1122 914 ¹,
1149 875 1210 906 fide
1235 877 1267 906 et
1283 874 1402 905 affectu

74 934 91 949 «ι
108 923 211 956 teneri
227 926 360 965 putatis.
380 929 486 958 metus
500 929 531 958 et
551 929 655 958 terror
676 928 744 966 est,
768 927 895 957 infirma
917 924 1047 955 vincula
1067 923 1233 961 caritatis3
1257 930 1330 961 quae
1346 919 1403 951 ubi

74 980 89 995 ε(
108 972 285 1004 removeris
297 997 306 1013 ‚
324 974 380 1014 qui
394 974 509 1006 timere
522 974 696 1013 desierint,
718 974 826 1005 odisse
845 972 1012 1012 incipient.
1033 970 1141 1002 omnia
1156 969 1301 1000 victoriae
1324 968 1403 999 inci-

73 1028 89 1039 «
105 1017 250 1050 tamenta
265 1029 324 1060 pro
341 1021 433 1053 nobis
449 1024 536 1053 sunt.
553 1021 653 1053 nullae
671 1025 835 1052 Romanos
857 1018 1008 1059 conjuges
1033 1017 1236 1054 accendunt3
1251 1015 1330 1046 nulli
1352 1024 1403 1055 pa-

74 1074 89 1088 «
108 1066 215 1098 rentes
230 1067 337 1107 fugam
351 1068 579 1109 exprobraturi
594 1070 682 1099 sunt.
701 1070 756 1099 aut
773 1068 859 1098 nulla
871 1066 1032 1107 plerisque
1048 1065 1150 1105 patria
1162 1089 1171 1103 ‚
1187 1066 1242 1095 aut
1256 1063 1318 1094 alia
1334 1066 1381 1095 est
1395 1076 1401 1092 ;

74 1122 91 1137 «
107 1120 229 1152 paucos
244 1123 379 1146 numero
399 1114 565 1156 [circum],
583 1115 726 1155 trepidos
739 1114 920 1156 ignorantia
934 1138 942 1153 ‚
960 1114 1078 1144 coelum
1093 1113 1199 1152 ipsum
1217 1121 1252 1142 ac
1267 1120 1355 1142 mare
1371 1114 1404 1143 et

75 1170 90 1184 ι(
108 1158 218 1198 silvas,
234 1160 342 1200 ignota
356 1162 475 1202 onmia,
490 1162 810 1202 circumspectantes,
829 1162 954 1192 clausos
971 1159 1211 1201 quodammodo
1226 1168 1262 1190 ac
1278 1159 1404 1189 vinctos

75 1218 91 1232 ιι
108 1205 152 1237 dii
166 1207 260 1239 nobis
274 1209 489 1241 tradiderunt.
504 1218 545 1241 ne
560 1211 679 1241 terreat
692 1218 796 1240 vanus
808 1209 979 1249 adspectus
995 1209 1026 1238 et
1042 1207 1112 1238 auri
1128 1206 1232 1245 fulgor
1245 1208 1342 1246 atque
1358 1215 1404 1237 ar-

75 1264 90 1278 «
108 1253 216 1294 genti,
233 1255 319 1295 quod
343 1265 445 1296 neque
462 1257 540 1297 tegit
555 1265 658 1296 neque
680 1257 841 1288 vulnerat.
861 1256 895 1287 in
918 1256 988 1296 ipsa
1004 1255 1146 1286 hostium
1167 1255 1235 1285 acie
1257 1254 1402 1285 invenie-

74 1311 91 1326 «
107 1308 182 1332 mus
202 1304 328 1334 nostras
344 1312 471 1335 manus.
493 1305 668 1344 agnoscent
690 1304 831 1335 Britanni
856 1312 948 1334 suam
972 1311 1102 1333 causam
1122 1312 1128 1332 :
1148 1301 1404 1332 recordabuntur

74 1357 91 1373 n
109 1347 189 1378 Galli
202 1349 342 1388 priorem
358 1351 538 1382 libertatem
557 1361 563 1381 :
579 1351 725 1382 deserent
739 1351 812 1382 illos
824 1350 922 1381 ceteri
936 1349 1106 1387 Germani,
1120 1351 1288 1388 tamquam
1301 1357 1404 1388 nuper

75 1407 91 1421 «
108 1395 210 1435 Usipii
222 1397 429 1437 reliquerunt.
444 1408 504 1430 nec
518 1398 693 1438 quidquam
707 1398 789 1429 ultra
803 1397 984 1429 formidinis
997 1407 1004 1428 z
1017 1405 1120 1428 vacua
1134 1396 1273 1435 castella,
1289 1405 1403 1427 senum

74 1452 90 1468 «
108 1442 241 1474 coloniae
254 1468 262 1482 ‚
282 1444 367 1476 inter
382 1446 466 1477 male
481 1447 631 1486 parentes
651 1447 684 1477 et
698 1445 818 1485 injuste
837 1446 1034 1485 imperantes
1053 1443 1158 1483 aegra²
1181 1443 1357 1483 municipia
1373 1444 1404 1474 et

75 1499 90 1515 «ι
109 1489 337 1522 discordantia.
355 1492 406 1523 hic
426 1493 489 1524 dux
504 1517 513 1533 ‚
532 1493 585 1524 liic
600 1493 761 1524 exercitus
774 1492 785 1510 ³
803 1502 810 1523 ε
827 1493 870 1523 ibi
888 1492 1012 1523 tributa
1032 1493 1066 1523 et
1089 1491 1218 1522 metalla
1236 1494 1266 1521 et
1290 1492 1405 1522 ceterae

73 1547 90 1563 κ
107 1537 317 1569 servientium
343 1548 447 1579 poenae
465 1549 473 1570 :
492 1549 573 1580 quas
597 1540 630 1571 in
654 1541 813 1571 aeternum
829 1540 986 1580 perferre,
1008 1539 1063 1569 aut
1087 1539 1195 1569 statim
1218 1538 1350 1576 ulcisci,
1370 1537 1404 1568 in

74 1595 90 1610 «
107 1583 169 1615 hoc
193 1594 307 1626 campo
329 1588 387 1618 est.
413 1587 548 1627 proinde
570 1587 648 1619 ituri
668 1587 702 1618 in
726 1587 830 1618 aciem
852 1588 885 1618 et
901 1586 1037 1625 maiores
1059 1587 1186 1617 vestros
1205 1587 1237 1616 et
1257 1587 1404 1625 posteros

73 1643 90 1658 ¹1
108 1632 257 1671 cogitate.
278 1646 294 1660 ν

112 1682 251 1711 XXXIII.
271 1684 432 1721 Excepere
454 1680 634 1713 orationem
655 1680 777 1713 alacres
799 1683 831 1712 et
852 1680 981 1712 barbari
1006 1680 1106 1711 moris
1130 1683 1224 1711 cantu
1241 1704 1249 1718 ‚
1272 1679 1403 1711 fremitu

71 1725 334 1767 clamoribusque
349 1727 495 1759 dissonis.
509 1727 642 1768 jamque
654 1729 783 1768 agmina
799 1730 831 1760 et
846 1737 1010 1759 armorum
1026 1728 1165 1767 fulgores
1180 1727 1403 1759 audentissimi

70 1772 229 1813 cujusque
243 1782 424 1814 procursu;
439 1774 534 1806 simul
548 1775 771 1807 instruebatur
790 1775 874 1806 acies
886 1798 895 1813 ,
913 1784 1012 1815 quum
1034 1774 1181 1814 Agricola
1205 1783 1403 1814 quamquam

70 1818 184 1851 laetum
209 1821 242 1852 et
263 1821 319 1852 vix
341 1821 554 1853 munimentis
575 1822 752 1853 coercitum
777 1821 914 1853 militem
937 1821 1130 1852 adhortatus
1152 1822 1197 1852 ita
1219 1821 1371 1852 disseruit
1394 1831 1402 1852 z

73 1880 89 1894 α
108 1870 252 1900 Octavus
274 1877 378 1900 annus
394 1870 443 1900 est
455 1869 481 1908 ¹,
498 1869 757 1907 commHItones,
778 1878 817 1900 ex
837 1877 902 1908 quo
923 1868 1045 1899 virtute
1059 1869 1090 1899 et
1106 1868 1256 1907 auspiciis
1277 1868 1403 1907 imperii

73 1928 88 1942 ιι
107 1915 267 1955 Romani,
284 1915 344 1947 tide
357 1917 454 1955 atque
470 1924 567 1956 opera
580 1919 686 1947 vestra
698 1915 897 1947 Britanniam
911 1915 1047 1946 vicistis.
1061 1916 1111 1946 tot
1124 1914 1384 1954 expeditionibus
1395 1940 1402 1953 ‚

73 1976 89 1989 α
106 1964 155 1994 tot
169 1963 305 2003 proeliis,
320 1972 376 1995 seu
394 1963 584 1995 fortitudine
597 1963 754 1996 adversus
767 1963 886 2001 hostes,
899 1970 956 1993 seu
970 1962 1125 2002 patientia
1137 1971 1174 1992 ac
1188 1962 1297 1992 labore
1312 1970 1404 2001 paene

74 2022 89 2037 «ι
107 2009 264 2042 adversus
277 2011 378 2051 ipsam
394 2019 504 2042 rerum
517 2014 667 2042 naturam
681 2019 763 2051 opus
776 2010 859 2049 fuit3
874 2018 979 2050 neque
993 2018 1045 2041 me
1059 2009 1210 2049 militum,
1227 2017 1332 2049 neque
1346 2017 1404 2039 vos

72 2144 164 2166 mento
183 2140 340 2170 praebendo.
352 2153 381 2157 -
400 2145 424 2164 ιι-
447 2139 524 2164 Conf.
541 2141 601 2165 not.
621 2146 643 2164 5.
658 2140 693 2164 ad
709 2140 808 2165 Annal
826 2139 853 2168 1,
875 2144 910 2162 ιε.
923 2151 951 2155 -
964 2144 986 2162 ε.
1000 2138 1187 2163 Trinobantes
1204 2139 1271 2163 dicit
1292 2141 1402 2165 Tacitus

71 2177 178 2203 Annal.
194 2177 270 2205 XIV,
290 2181 332 2204 si,
352 2175 401 2199 sed
415 2175 515 2200 ibidem
534 2178 561 2200 et
581 2182 661 2206 supra
683 2181 706 2200 c.
728 2180 755 2199 16
776 2175 842 2199 alias
861 2180 969 2204 quoque
987 2175 1112 2198 nationes
1131 2176 1220 2199 socias
1239 2176 1303 2205 ipsis
1318 2176 1401 2200 fuisse

71 2212 217 2242 significat.
237 2213 368 2240 Femina,
388 2212 530 2236 Boudicca.
543 2216 603 2235 -c.
623 2211 722 2241 Utpote
741 2212 787 2241 qui
806 2216 953 2240 numquam
971 2211 1044 2234 servi
1063 2210 1178 2240 tuerint,
1199 2212 1229 2234 ut
1249 2213 1329 2235 erant
1346 2211 1401 2236 Bri-

72 2249 213 2308 galgfiejf'ss.
229 2288 249 2306 ι.
265 2282 362 2308 Delevi
373 2288 482 2311 servos,
497 2288 577 2312 quam
591 2283 707 2313 glossam
724 2288 782 2307 esse
795 2280 973 2310 manuscripti
984 2281 1112 2304 indicant.
1129 2280 1200 2304 Infra
1222 2280 1352 2312 [circum]
1367 2288 1398 2306 ex

71 2318 209 2345 vocabulo
219 2317 490 2349 circumspectantes
507 2320 597 2342 ortum
610 2319 731 2347 videtur,
747 2319 820 2349 quod
832 2317 957 2342 librarius
970 2316 1091 2341 scribere
1103 2318 1216 2345 coepern
1228 2318 1398 2341 animadver-

74 2355 136 2378 tens
147 2359 176 2377 se
190 2353 312 2383 quaedam
326 2355 512 2378 omisisse—2.
525 2353 660 2383 Ambigua
670 2354 787 2378 fide—5.
802 2355 842 2378 Sc.
855 2354 1049 2377 Romanorum.
1067 2351 1124 2380 Ibi,
1142 2353 1169 2375 in
1181 2352 1222 2375 his
1234 2353 1339 2380 insunt.
1355 2352 1398 2376 his

118 2390 123 2395 ’
171 2389 191 2412 ‘t
243 2394 259 2411 u
278 2406 284 2411 .

73 2389 380 2454 sojlzsxnffiilplnthrAgimr'
394 2425 539 2449 transactis
553 2425 673 2454 septem,
687 2427 748 2455 post
765 2428 914 2450 extremum
929 2429 1048 2450 mensem
1062 2422 1250 2452 septembrem
1264 2425 1328 2450 alini
1338 2425 1394 2452 ⁸²⁰,
