1539 2668
493 152 527 181 A.
552 153 589 182 U.
614 153 648 181 C.
674 153 745 182 775.
770 153 820 185 Ἀ.
845 156 881 186 C.
905 158 957 187 22.
1350 160 1392 190 89

65 227 159 258 etiam
177 225 280 257 bonos
300 234 426 266 pessum
443 225 553 265 dedit,
568 227 624 267 qni
637 228 752 267 spretis
768 237 840 268 quae
853 229 945 261 tarda
958 238 1033 261 cum
1046 230 1217 262 securitate
1230 256 1239 271 ,
1253 241 1387 272 praema-

63 275 135 305 tura
151 273 200 304 vel
215 282 289 304 cum
304 272 400 304 exitio
417 275 600 312 properant.

103 324 223 351 LXVII.
248 323 372 351 Auxere
384 328 554 350 numerum
572 323 795 353 accusatorum
811 323 926 354 Gellius
942 321 1105 354 Publicola
1115 325 1147 354 et
1162 327 1204 354 Μ.
1216 327 1386 368 Paconius,

62 367 114 399 ille
131 368 270 406 quaestor
284 365 398 405 Silani,
419 366 470 396 hic
488 366 620 405 legatus.
640 376 698 398 nec
713 368 848 399 dubium
868 368 1046 400 habebatur
1060 369 1194 400 saevitiae
1208 373 1386 411 captarum—

62 423 124 453 que
136 413 343 454 pecuniarum
369 412 471 443 teneri
488 422 578 444 reum
600 423 607 443 ς
628 413 684 445 sed
707 415 808 447 multa
823 416 1053 456 aggerebantur
1079 416 1177 447 etiam
1202 417 1387 450 insontibus

61 461 236 499 periculosa
247 484 255 499 ,
273 468 390 499 quum,
409 468 504 499 super
519 461 567 491 tot
583 463 747 492 senatores
763 463 913 494 adversos
928 463 1165 494 facundissimis
1188 465 1289 496 totius
1306 466 1388 497 Asiae

61 514 163 547 eoque
176 507 214 538 ad
229 506 445 538 accusandum
456 506 585 538 delectis
598 507 802 548 responderet
819 510 907 540 solus
921 512 953 541 et
967 509 1078 541 orandi
1093 510 1218 541 nescius
1229 535 1237 549 ,
1256 511 1386 551 proprio

60 557 94 588 in
115 556 202 585 metu
217 578 226 593 ‚
250 552 305 593 qui
319 553 494 584 exercitam
509 563 637 594 quoque
654 555 869 595 eloquentiam
888 556 1054 597 debilitat,
1078 565 1143 587 non
1158 558 1357 597 temperante
1373 559 1381 575 ⁸

59 601 186 633 Tiberi0
202 600 280 640 quin
294 602 454 640 premeret
467 609 546 631 voce
558 625 567 640 ‚
582 602 686 641 vultu,
704 603 842 643 eojquod
862 604 930 643 ipse
943 603 1135 635 creberrime
1148 603 1362 644 interrogabat
1376 615 1385 635 τ

59 656 164 688 neque
181 648 322 678 refellere
336 649 390 679 aut
405 647 533 678 eludere
549 648 696 688 dabatur,
720 658 758 680 ac
771 658 856 690 saepe
874 650 970 681 etiam
991 650 1209 681 confitendum
1229 653 1315 690 erat,
1345 661 1386 683 ne

59 696 176 726 frustra
190 694 402 734 qnaesixisset.
431 703 540 725 servos
556 705 684 736 quoque
701 696 816 736 silani,
838 699 874 728 ut
900 697 1072 728 tormentis
1099 698 1385 737 interrogarentur,

58 743 147 773 actor
162 742 310 781 publicus
332 742 492 781 mancipio
505 745 670 782 acceperat
686 742 712 772 ².
737 746 768 775 et
783 752 823 775 ne
839 743 910 784 quis
927 744 1143 776 necessarium
1157 746 1285 785 juvaret
1303 746 1387 785 peri-

58 789 221 820 clitantem
232 814 240 827 ‚
264 789 437 828 majestatis
453 789 588 819 crimina
605 790 842 830 subdebantur,
860 791 1003 822 vinclum
1021 794 1052 822 et
1068 793 1239 823 necessitas
1253 792 1381 823 silendi.

59 836 159 875 Igitur
174 837 272 876 petito
286 844 461 876 paucorum
478 836 602 867 dierum
618 836 806 877 interjectu,
825 838 1042 869 defensionem
1056 838 1105 868 sui
1118 838 1278 879 deseruit,
1297 839 1385 870 ausis

60 882 99 914 ad
115 886 274 914 Caesarein
292 882 448 913 codicillis
463 882 488 920 ³,
515 883 632 922 quibus
650 884 805 914 invidiam
819 887 850 915 et
866 893 976 924 preces
994 884 1174 915 miscuerat.

100 933 234 960 LXVIII.
259 929 418 968 Tiberius,
431 938 503 968 qum
517 930 549 960 in
568 930 709 962 Silanum
724 931 873 971 parabat,
887 940 952 971 quo
968 932 1150 962 excusatius
1165 931 1224 962 suh
1238 932 1385 972 exemplo

58 976 288 1016 acciperentur,
307 976 431 1007 libellos
450 977 515 1007 divi
531 978 664 1017 Augusti
687 978 726 1009 de
747 978 864 1010 Voleso
879 978 1013 1009 Messala
1025 1002 1034 1017 ,
1058 978 1199 1018 ejusdem
1220 979 1300 1009 Asiae
1316 987 1386 1019 pro-

58 1024 190 1055 consule
204 1024 228 1062 ¹‚
252 1024 437 1064 factumque
459 1024 491 1054 in
512 1033 585 1055 eum
603 1026 918 1056 senatusconsultum
938 1025 1177 1066 recitarijubet.
1195 1028 1265 1057 tum
1279 1029 1312 1056 L.
1333 1024 1384 1056 Pi·

58 1078 170 1102 sonem
187 1072 379 1102 sententiam
397 1073 496 1111 rogat.
522 1071 574 1103 ille
600 1074 739 1104 multum
764 1072 805 1104 de
818 1073 1002 1105 clementia
1018 1075 1189 1114 Principis
1209 1073 1382 1113 praefatus,

60 1125 154 1157 aqua
177 1121 282 1159 alque
304 1120 371 1158 iqui
392 1120 506 1149 Silano
527 1119 802 1151 interdicendum
826 1120 969 1159 censuit,
986 1122 1166 1160 ipsumque
1178 1120 1214 1150 in
1231 1120 1385 1151 insulam

64 1165 217 1203 Gyarum
234 1165 469 1204 rcleqanclum.
501 1166 612 1196 eadem
626 1166 744 1206 ceteri,
762 1166 824 1197 nisi
838 1166 923 1206 quod
937 1170 993 1198 Cn.
1012 1166 1164 1198 Lentulus
1184 1165 1385 1206 separanda

60 1211 169 1242 Silani
188 1213 349 1243 materna
365 1211 452 1242 bona
464 1236 474 1250 ‚
490 1214 615 1252 quippe
630 1213 706 1244 alia
716 1215 867 1254 parente
879 1215 985 1254 qeniti
999 1212 1026 1252 ²,
1045 1212 1290 1253 reddendaque
1305 1212 1383 1252 filio

62 1257 143 1288 dixit
154 1282 163 1297 ,
179 1260 341 1289 annuente
357 1258 493 1289 Tiberio.

102 1309 204 1335 LXIX.
230 1308 268 1335 At
282 1306 446 1336 Cornelius
464 1306 643 1345 Dolabella,
660 1307 737 1337 dum
761 1306 979 1337 adulationem
1002 1306 1127 1346 longius
1151 1307 1311 1347 sequitur,
1336 1306 1382 1336 in-

60 1352 190 1392 crepitis
206 1356 240 1382 C.
256 1352 352 1382 Silani
370 1352 532 1390 moribus,
558 1354 704 1393 addidit,
731 1367 746 1380 «
764 1362 805 1384 ne
827 1353 900 1392 quis
920 1354 987 1384 vita
1010 1353 1184 1393 probrosus
1206 1356 1238 1385 et
1254 1356 1384 1392 opertus

63 1412 76 1425 a
95 1399 223 1430 iufamia
239 1399 437 1438 provinciam
455 1399 634 1438 sortiretur,
649 1400 747 1439 idque
760 1400 909 1439 Princeps
927 1399 1126 1438 dijudicaret.
1139 1408 1212 1430 nam
1228 1408 1246 1430 a
1260 1399 1383 1437 legibus

62 1458 75 1471 e<
98 1445 211 1476 delicta
225 1445 330 1485 puinri
348 1455 355 1475 :
375 1449 494 1485 quanto
512 1447 578 1477 sore
590 1447 697 1477 mitius
711 1446 742 1476 iu
761 1446 847 1486 ipsos
865 1445 888 1484 ¹,
904 1447 1019 1477 melIus
1034 1447 1067 1476 in
1084 1446 1206 1484 socios,
1221 1445 1380 1485 provide-ri

63 1503 77 1517 «
96 1500 135 1522 ne
156 1495 364 1532 peccaretur?
386 1506 400 1519 u
426 1493 604 1524 Adversum
630 1502 701 1532 quzn
722 1492 874 1523 disseruit
894 1497 999 1523 Cacsar
1022 1502 1029 1522 ·.
1048 1505 1062 1518 u
1078 1502 1140 1523 non
1168 1493 1296 1531 quidem
1321 1491 1383 1521 siin

62 1550 78 1564 κ
93 1537 200 1577 ignara
211 1548 284 1579 quae
300 1539 338 1569 dc
355 1540 460 1571 Silano
477 1539 702 1579 vulgabantur,
721 1538 776 1569 scd
790 1548 852 1569 non
869 1548 909 1569 ex
925 1548 1053 1570 rumore
1065 1539 1281 1570 statuendum.
1297 1538 1381 1568 mul-

61 1596 77 1611 «
98 1588 147 1616 tos
165 1586 195 1616 in
209 1586 384 1625 provinciis
399 1586 511 1617 contra
524 1611 532 1625 ,
550 1595 645 1627 quarn
662 1594 733 1626 spes
755 1588 811 1617 aut
835 1587 940 1617 metus
965 1585 1005 1616 de
1026 1585 1089 1617 illis
1111 1586 1229 1616 suerint
1242 1609 1250 1625 ‚
1270 1585 1380 1624 egisse.

59 1642 77 1657 ³>
97 1632 229 1663 excitari
246 1633 401 1672 quosdam
418 1633 459 1664 ad
475 1633 606 1664 meliora
621 1632 837 1671 magnitudine
854 1641 974 1672 rerum,
989 1632 1157 1663 hebescere
1173 1632 1262 1662 alios.
1278 1639 1384 1672 neque

62 1690 78 1704 «
95 1687 187 1718 posse
213 1680 392 1720 Principem
413 1689 470 1711 sua
490 1680 626 1711 scientia
652 1682 769 1710 cuncta
793 1679 984 1719 complecti,
1009 1686 1114 1718 neque
1145 1678 1293 1719 expedire
1309 1676 1320 1695 ²
1344 1679 1383 1709 ut

61 1739 77 1750 u
95 1726 270 1758 ambitione
296 1727 396 1758 aliena
410 1727 566 1758 trahatur.
583 1727 654 1758 ideo
675 1727 759 1766 leges
775 1726 808 1757 in
830 1726 913 1757 sacta
929 1726 1081 1757 constitui
1097 1750 1106 1763 ‚
1132 1726 1208 1766 quia
1224 1726 1331 1769 sutura
1347 1724 1380 1755 in

63 1784 79 1798 «ι
96 1772 217 1804 incerto
234 1774 308 1804 sint.
328 1774 374 1804 sic
389 1783 407 1804 a
423 1773 597 1813 majoribus
613 1774 796 1805 institutum
807 1797 816 1809 ,
830 1774 883 1812 ut,
901 1773 929 1803 si
943 1773 1102 1804 antissent
1113 1772 1229 1804 delicta
1241 1796 1249 1810 ‚
1275 1779 1380 1812 poenae

63 1831 78 1844 u
97 1824 317 1859 sequerentur.
336 1829 376 1851 ne
389 1823 550 1852 verterent
563 1820 722 1860 sapienter
738 1821 862 1859 reperta
877 1822 909 1851 et
924 1828 1049 1859 semper
1062 1820 1188 1859 placita.
1216 1819 1294 1850 satiS
1307 1826 1380 1848 one·

63 1876 78 1890 «
96 1873 169 1896 rum
186 1866 388 1906 Principibus
399 1891 408 1905 ‚
423 1867 499 1898 satis
515 1867 610 1897 etiam
624 1866 787 1906 potentiae.
815 1866 918 1897 minui
938 1866 1028 1905 jura,
1045 1866 1170 1906 quoties
1192 1865 1306 1905 gliscat
1326 1872 1381 1904 po-

63 1922 79 1936 «
97 1913 195 1943 testas
207 1936 215 1952 ‚
241 1921 300 1943 nec
324 1913 480 1944 utendum
507 1913 641 1952 imperio
653 1937 662 1951 ‚
679 1912 735 1943 nbi
755 1912 877 1951 legibus
895 1912 946 1952 agi
969 1913 1079 1953 possit.
1095 1926 1110 1938 n
1135 1914 1264 1951 Quanto
1280 1910 1380 1941 rarior

60 1958 145 1997 apud
171 1959 334 1990 Tiberium
358 1959 572 2000 popularitas,
592 1961 681 1990 tanto
700 1959 875 1990 loetioribus
901 1959 1017 1990 animis
1040 1961 1180 1998 accepta.
1206 1962 1303 1997 atque
1328 1957 1380 1988 ille

60 2005 201 2043 prudens
230 2006 436 2045 moderandi,
465 2007 490 2037 si
516 2006 644 2046 propria
671 2006 719 2036 ira
735 2014 800 2036 non
819 2006 1049 2045 impelleretur,
1067 2005 1191 2036 addidit
1209 2018 1224 2031 «ι
1240 2003 1379 2035 insulam

62 2063 79 2079 α
98 2056 237 2092 Gyarum
254 2052 410 2083 immitem
427 2055 459 2084 et
474 2053 543 2084 sine
558 2052 645 2083 cultu
669 2051 836 2082 hominum
853 2060 921 2082 esse
938 2051 950 2069 ³
970 2061 978 2082 :
995 2052 1108 2082 darent
1129 2051 1231 2083 Iuniae
1248 2049 1379 2081 samilIae

62 2113 78 2127 «ι
96 2102 129 2131 et
149 2099 220 2130 viro
233 2100 395 2139 quondam
411 2099 532 2130 ordinis
558 2099 720 2139 ejusdem,
743 2100 780 2129 ut
807 2099 968 2138 Cythnum
993 2098 1100 2139 potius
1125 2098 1324 2129 concederet.
1344 2095 1378 2126 id

89 2170 191 2195 LXVII.
207 2175 227 2194 ¹.
241 2171 285 2194 Sc.
302 2171 359 2195 sihi.
377 2184 406 2189 -
419 2176 442 2195 2.
458 2172 489 2195 V.
502 2171 535 2195 ad
552 2171 585 2199 11,
600 2176 637 2194 so.
652 2176 710 2193 -5.
722 2170 868 2194 codicillos
883 2170 991 2194 mittere
1010 2176 1098 2193 ausuS.

89 2205 205 2229 vani.
228 2212 248 2230 I.
268 2207 328 2230 Post
342 2212 365 2231 a.
375 2208 404 2231 U.
417 2212 470 2230 75⁷.
485 2207 510 2229 Is
523 2212 576 2230 uno
587 2206 631 2229 die
644 2207 782 2229 trecentos
795 2205 917 2228 homines
928 2205 993 2229 caedi
1004 2205 1120 2234 jusserat
1136 2205 1164 2228 ct
1183 2203 1216 2227 de
1234 2203 1287 2227 hoc
1300 2202 1373 2227 facto

60 2241 95 2263 ut
107 2241 186 2269 regio
199 2240 389 2265 insolescebat.
399 2247 460 2265 -2-
475 2242 508 2265 [Ἰ.
532 2243 667 2265 materna
690 2241 723 2264 de
747 2246 865 2264 noverca
879 2241 915 2264 sit
932 2240 1147 2269 intelligendum.
1166 2238 1217 2262 Alii
1239 2237 1376 2267 explicant

60 2276 181 2302 parente
197 2276 266 2304 alia,
282 2276 393 2300 meliore
407 2282 486 2305 quarn
505 2277 560 2305 ipse
577 2278 653 2300 erat:
666 2277 696 2300 ut
713 2277 822 2299 senator
835 2276 955 2299 honestae
969 2277 1062 2299 matris
1075 2276 1147 2299 nona
1166 2279 1220 2297 nou
1235 2273 1376 2302 polluenda

61 2314 120 2332 csse
134 2313 257 2335 censeret
272 2312 439 2341 possessione
454 2312 500 2335 filii
513 2311 636 2341 improbi-
650 2311 755 2334 Silanus
770 2316 817 2340 per
828 2313 942 2335 matrem
952 2311 1029 2335 Juiiae
1043 2310 1149 2334 familiae
1157 2310 1215 2333 erat
1226 2308 1374 2337 copulatus.

92 2344 182 2368 LXIX.
199 2351 219 2368 ι.
229 2347 271 2370 Sc.
287 2347 411 2376 praesides
427 2347 639 2376 provinciarum.
657 2359 686 2364 —
698 2351 721 2370 2.
734 2345 804 2370 Utile
819 2351 886 2370 esse.
899 2359 928 2363 —
939 2351 961 2369 5.
972 2345 1140 2371 Narrabatur
1150 2351 1165 2368 a
1179 2343 1299 2368 muribus
1313 2341 1376 2366 olim

60 2378 164 2404 incolas
177 2379 257 2405 tuisse
270 2381 406 2411 expulsos.
