1475 2668
375 176 672 207 NOMENCLATOR
693 173 1001 203 GEOGRAPHICUS.

1285 173 1346 203 499

33 252 209 289 Simbruini
226 251 334 289 colles,
352 249 533 282 Simbruina
545 251 669 289 stagna,
710 249 875 288 Tartarus,
888 248 1005 279 fluvius
1014 250 1208 280 Venetorum
1227 248 1260 279 in
1283 247 1348 280 Gal-

75 297 107 328 in
137 294 247 333 Latio,
265 301 364 333 prope
396 291 586 322 hodiernum
610 292 671 322 Su-

79 337 183 368 biaco.

36 379 173 417 sinope,
202 374 279 406 urbs
302 373 414 412 Ponti,
443 373 475 404 h.
503 372 624 404 S‘inabe
647 381 673 402 s.

79 417 196 450 Sinub.

37 460 202 497 Sinuessa,
219 456 373 497 oppidum
390 457 423 487 et
442 457 556 495 portus
573 454 652 486 Latii
667 477 675 492 ,

81 500 123 531 ad
142 499 221 530 sines
234 497 416 537 Campaniae
433 510 439 527 :
460 497 561 527 ruinae
580 504 678 536 prope

81 543 190 573 Rocca
204 539 244 571 de
258 539 501 577 Mundi-ayone.

40 582 183 623 sipylus,
209 589 301 611 mons
318 578 443 618 Lydiae,
461 586 535 618 pars
551 577 675 615 Tmoli,

81 631 181 663 prope
196 621 308 653 Sardes
321 623 352 651 et
363 623 515 651 Hermum
531 619 675 649 fluvium.

41 663 158 701 Siraci,
172 662 309 702 populus
325 661 490 693 Sarmatiae
508 660 657 691 Asiaticae
669 684 677 698 ,

82 704 122 736 ad
150 702 279 734 Maeotin
307 711 419 733 versus
452 701 571 732 flumen
610 701 678 732 Rha

82 746 92 785 (
108 744 242 784 Volua).

39 787 181 824 Sitones,
202 783 339 824 populus
357 784 533 815 Germaniae
554 782 584 812 in
601 786 679 813 Nor-

80 827 192 866 vegia‚
209 826 279 856 aliis
294 824 334 855 ad
347 825 429 856 latus
445 825 681 861 australelacus

81 867 217 905 Μαῖαν,
233 866 286 896 uhi
301 866 455 905 oppidum
473 868 600 897 Sitoun.

39 912 194 949 Smyrna,
218 907 296 937 urbs
321 906 418 937 Ioniae
444 907 483 938 ad
509 915 616 945 mare,
647 906 679 936 h.

82 950 202 982 Ismz‘r.

39 990 201 1030 Sophene,
219 988 308 1027 regio
322 989 479 1019 Arnieniae
490 1013 498 1027 ,
517 988 600 1019 inter
616 991 680 1018 An-

79 1031 239 1062 titaurum
253 1032 285 1060 et
302 1030 576 1069 Mesopotamiam.

41 1071 242 1108 Stoechades,
270 1071 384 1101 insulae
417 1070 681 1109 Massiliensium,

86 1113 134 1144 les
147 1111 211 1144 iles
230 1111 396 1142 d’He'cres.

42 1153 259 1192 Stratonicea,
295 1152 451 1192 oppidum
491 1152 612 1192 Cariae,
646 1151 680 1182 h.

85 1193 312 1226 Eski-hissar.

43 1236 242 1268 suardones,
261 1235 397 1275 populus
413 1234 591 1266 Germaniae
602 1257 610 1271 ,
626 1232 684 1264 sor-

84 1278 170 1307 tasse
193 1275 416 1313 Suet-irienses,
439 1284 512 1315 pars
538 1274 682 1305 occiden-

86 1317 157 1348 talis
176 1316 437 1355 Mecklcnburgii.

43 1362 159 1391 Suessa
175 1358 319 1388 Pometia
333 1382 341 1396 ,
355 1358 432 1388 urbs
444 1357 635 1388 Volscorum
650 1356 682 1386 in

86 1399 187 1430 Latio.

43 1440 157 1479 suevi,
180 1440 275 1480 stirps
289 1444 532 1478 Germanorum,
552 1437 591 1469 de
612 1437 684 1477 qui-

86 1480 146 1511 bus
164 1483 275 1513 Germ.
290 1489 317 1511 c.
337 1480 445 1511 38-44.

44 1522 229 1561 Sugambri,
257 1522 396 1562 populus
418 1520 612 1558 Germaniae,
636 1523 684 1551 te-

86 1564 200 1594 nentes
219 1562 419 1602 provinciam
444 1561 540 1592 hodie
563 1562 683 1592 dictam

85 1603 483 1640 Juliers-Clcves-Bera,
502 1603 586 1633 circa
605 1602 685 1633 Rhe-

84 1653 184 1684 num,
201 1648 312 1683 Segam
331 1644 431 1683 (δέρῃ)
448 1646 480 1674 et
497 1644 641 1684 Lupiam.

43 1686 175 1716 Suiones
187 1709 196 1724 ,
232 1686 369 1724 populus
412 1685 604 1716 Germaniae.
638 1685 685 1715 les

85 1726 232 1757 Sue'do'is.

44 1767 152 1799 sunici
173 1791 182 1805 ,
211 1767 350 1806 populus
389 1766 567 1797 Germaniae
583 1789 591 1804 ,
619 1765 686 1796 sive

86 1807 196 1839 Galliae
210 1808 344 1847 Belgicae
356 1832 364 1845 ,
381 1807 465 1837 circa
481 1808 636 1847 somnies.

45 1849 249 1886 Surrentum,
264 1849 419 1888 oppidum
428 1848 685 1888 Campaniaema-

87 1889 231 1920 ritimum
249 1912 257 1927 ,
275 1891 447 1920 sor-rento.

44 1932 158 1969 syene,
174 1929 326 1970 oppidum
349 1930 470 1970 AEgypti
493 1929 684 1970 Superioris,

86 1979 186 2011 prope
204 1974 348 2002 Assumz.

339 2027 387 2068 T.

44 2095 193 2132 Tamesa‚
209 2093 393 2124 aestuarium
407 2092 591 2132 Britanniae,
606 2093 686 2124 ostia

87 2133 181 2165 ssuvii
199 2134 228 2164 la
247 2136 386 2166 Tctmv'se.

44 2176 172 2213 Tanais,
192 2174 310 2205 fluvius
326 2176 409 2206 Asiae
420 2199 428 2213 ,
443 2175 475 2206 h.
494 2178 580 2207 Don.

45 2217 221 2246 Tarentum
233 2240 242 2255 ,
258 2216 332 2247 urbs
350 2216 450 2247 Italiae
464 2216 496 2247 in
518 2217 612 2248 litore
629 2218 687 2248 Ca-

85 2255 198 2287 labriae
223 2257 261 2287 ad
294 2258 399 2288 sinum
436 2257 559 2289 dictum
586 2260 686 2290 Mare

89 2297 220 2328 Piccolo
231 2321 239 2336 ,
256 2299 410 2329 Tarente.

44 2339 293 2369 Tarraconensis
309 2339 449 2380 colonia,
467 2340 545 2372 urbs
568 2341 682 2380 Hispa-

86 2378 149 2409 niae
174 2378 256 2410 inter
290 2383 458 2419 Pyrenaeos
492 2383 524 2414 et
558 2382 684 2414 Iberum

89 2419 226 2460 (Ebre),
243 2421 457 2461 Tar-raqona.

752 289 793 320 lia
812 290 1057 329 Transpadana,
1081 292 1244 321 Τανίανο.

712 335 830 368 Taum,
845 331 1031 362 aestuariurn
1045 331 1213 362 Britanniae
1223 355 1232 371 ,
1246 330 1349 362 Ftrt'z

755 373 796 412 Of
815 375 896 412 Tay.

714 418 844 444 Tannus
863 423 955 444 mons
966 440 973 451 ‚
992 422 1090 453 prope
1106 414 1350 445 Francosurtum

756 458 788 486 et
801 455 976 486 Wiesbacle
986 478 994 491 ‚
1012 454 1043 484 h.
1058 455 1219 494 Heyriclz.

715 496 831 534 Tauri,
848 505 926 535 gens
942 495 1089 534 scythica
1108 496 1142 526 in
1157 496 1353 528 Chersoneso

757 538 901 575 Taurica,
917 536 1064 569 Krimc‘e.

716 578 856 609 Taurini.
877 578 955 609 l'iclc
972 578 1125 616 Augusta.

717 624 841 650 Taurus
858 629 966 657 mons,
981 619 1084 650 Asiam
1106 619 1261 650 Minorem
1286 628 1354 650 me-

758 661 842 691 (liam
869 661 1014 691 dividens
1043 662 1075 691 et
1105 660 1145 691 ad
1174 660 1355 700 Euphraten

758 711 859 741 nsque
876 701 1066 741 pertingens.

718 743 860 781 Temnii,
878 742 991 773 incolae
1019 742 1147 779 Temni,
1163 742 1270 781 oppidi
1288 747 1355 773 Αἰο-

761 784 830 814 lidis
858 784 891 814 in
916 784 989 814 Asia
1019 783 1160 822 Minore,
1186 784 1218 814 h.
1247 785 1354 815 Meni-

760 833 850 856 men.

719 866 884 905 Tencteri,
901 865 1038 906 populns
1061 865 1237 896 Germaniae
1250 890 1257 903 ,
1273 866 1358 896 inter

761 907 892 946 Lupiam
910 908 941 938 et
957 910 1066 945 Segam
1090 906 1201 946 (Sieq),
1222 907 1357 938 sortasse

760 957 862 987 usque
878 948 918 978 ad
937 947 1202 978 Dusseldortiurn.

720 989 811 1019 Tenii
822 1013 829 1027 ‚
847 989 960 1019 incolae
973 988 1063 1025 Tetri,
1083 988 1194 1018 insulae
1210 989 1359 1028 Arcliipe-

762 1030 840 1068 lagi,
864 1032 890 1061 T
890 1038 950 1061 eno
976 1038 1002 1060 s.
1033 1031 1137 1064 Τιἠο;
1154 1029 1228 1060 urbs
1253 1033 1358 1061 Tenus

762 1071 816 1101 nbi
836 1071 867 1101 li.
882 1070 1060 1103 St-Nicolo.

721 1112 928 1148 Termestini,
951 1112 1064 1142 incolae
1077 1111 1236 1150 Hispania*
1257 1111 1357 1150 urbis,

763 1153 794 1183 h.
817 1155 971 1185 Tim-mes,

721 1195 908 1233 Terracina,
934 1193 1087 1233 oppidum
1114 1193 1301 1224 Yolscorum
1327 1194 1361 1224 in

764 1235 868 1270 Latio,
888 1244 986 1275 prope
1008 1234 1192 1274 Pomptinas
1209 1235 1340 1274 paludes
1352 1234 1363 1275 ,⁴

765 1276 838 1306 liod.
857 1276 967 1306 codem
985 1275 1124 1306 nornine.

723 1317 1004 1354 Teutoburgiensis
1019 1316 1120 1347 saltus
1128 1317 1302 1346 Germaniae
1317 1317 1362 1347 in-

764 1359 812 1388 ter
827 1359 1029 1389 Paclerliorn
1044 1359 1073 1388 et
1092 1358 1289 1388 Osnal›1·vc(·l1·

724 1398 840 1437 Thala,
862 1400 1015 1439 oppidum
1042 1398 1173 1435 Africae,
1190 1399 1221 1428 in
1249 1399 1362 1429 Muni-

766 1440 818 1470 dia
829 1463 836 1477 ,
857 1440 951 1471 hodie
968 1441 1039 1471 sort.
1056 1440 1288 1471 Ferre-Anah.

725 1481 911 1511 Thermaeus
924 1482 1028 1520 sinus,
1040 1480 1247 1519 Macedoniae,
1267 1480 1364 1521 Golfe

765 1522 805 1553 de
818 1522 978 1553 Saloniln‘.

723 1562 915 1593 Tlrnbncum
930 1587 938 1601 ,
967 1562 1122 1603 oppidum
1163 1563 1276 1593 Africa·
1290 1587 1297 1600 ,
1331 1564 1363 1593 in

764 1604 961 1634 Mauretania
975 1604 1176 1643 Caesariensi,
1192 1604 1224 1634 h.
1244 1604 1293 1634 vel
1306 1606 1331 1635 T
1331 1614 1365 1635 ‘zc-

765 1644 840 1684 bur,
856 1645 907 1676 vel
926 1644 1131 1676 Tubernoclf.

722 1685 834 1716 'I'hnrii
846 1710 854 1725 ,
885 1686 1040 1726 oppidum
1066 1686 1229 1721 Ruminae,
1257 1686 1297 1716 ad
1326 1687 1365 1716 si-

764 1735 843 1757 num
866 1729 1074 1758 Tarentinum
1087 1751 1096 1766 ,
1119 1729 1220 1758 Torrc
1236 1727 1362 1758 Brodo-

764 1769 879 1806 qualo.

723 1807 841 1847 Thule,
856 1807 939 1838 ultra
962 1808 1176 1847 Britanniam,
1189 1808 1292 1847 major
1316 1810 1362 1840 in-

764 1848 906 1879 sularum
921 1848 1098 1880 Slzctland.

724 1888 873 1920 Tiburtes
886 1914 893 1928 ,
914 1889 947 1919 in
968 1890 1070 1930 Latio,
1089 1890 1201 1921 incolae
1217 1890 1362 1931 Tiburis,

765 1929 797 1960 11.
820 1932 848 1962 T
847 1931 939 1962 ivole'.

725 1970 873 2002 Ticinum
885 1995 893 2010 ,
910 1971 987 2002 urbs
1003 1971 1109 2003 Galliae
1125 1972 1313 2012 Cisalpinae,
1330 1974 1362 2004 h.

764 2014 889 2044 Pavia.

724 2053 966 2093 Tigranocerta,
986 2053 1064 2084 urbs
1086 2054 1247 2085 Armeniae
1268 2055 1365 2094 Majo-

765 2095 826 2132 ris,
859 2094 913 2125 uhi
943 2094 977 2126 h.
1008 2095 1132 2134 Sered,
1158 2095 1196 2126 ad
1228 2095 1363 2126 fluvium

766 2136 945 2167 Khabour.

724 2176 836 2215 Tigris,
856 2176 974 2207 fluvius
995 2177 1093 2214 Asiae,
1111 2177 1240 2208 nomine
1263 2177 1365 2208 orien-

764 2217 820 2248 tali
836 2217 1007 2249 Dz‘dchlelz
1021 2226 1047 2248 s.
1066 2218 1205 2257 Diqlalz.

724 2258 903 2299 Tingitana,
921 2267 993 2298 pars
1008 2259 1233 2298 Mauretaniae,
1248 2260 1278 2290 h.
1296 2261 1362 2291 Fez

765 2302 797 2330 et
809 2301 847 2331 M
848 2300 943 2331 arolfi,

725 2341 876 2380 Tmolus,
898 2341 975 2372 urbs
1001 2341 1127 2380 Lydiae,
1150 2341 1190 2372 ad
1217 2342 1361 2372 montem

765 2383 985 2422 cognominem
1002 2382 1057 2422 qui
1070 2382 1102 2413 h.
1127 2382 1315 2423 Bous-day,
1331 2390 1359 2412 a.

770 2428 804 2456 19
819 2433 848 2464 p.
865 2425 920 2456 ch.
937 2428 1031 2455 terrae
1046 2424 1136 2462 motu
1152 2422 1269 2454 diruta.
