1539 2668
88 168 149 199 204
470 168 599 197 rAclTl
623 166 832 197 ANNALIUM
848 165 924 196 LIB.
948 167 1031 196 xm.

133 245 198 273 LII.
223 240 327 274 Reos¹
356 250 396 272 ex
413 241 579 282 provincia
606 241 730 280 Africa,
757 240 811 281 qui
834 240 1063 280 proconsulare
1088 240 1259 280 imperium
1279 240 1344 272 iilic
1360 241 1414 273 ha·

89 288 246 328 buerant,
272 288 448 330 Sulpicium
466 289 670 321 Camerinum
687 290 718 319 et
731 288 944 328 Pomponium
961 287 1125 320 Silvanum
1148 287 1284 319 absolvit
1295 293 1414 331 Caesar,

89 336 296 367 Camerinum
311 336 466 368 adversus
482 336 625 377 privatos
641 337 674 367 et
689 344 809 376 paucos
822 359 830 375 ‚
845 335 981 366 saevitiae
1011 336 1110 375 magis
1127 344 1223 375 quam
1249 339 1414 377 captarum

90 383 300 423 pecuniarum
326 383 463 414 crimina
490 383 689 422 objicientes.
717 383 881 415 Silvanum
908 391 1024 422 magna
1040 383 1089 413 vis
1114 386 1336 414 accusatorum
1357 383 1415 414 cir-

92 432 323 470 cumsteterat,
337 430 554 470 poscebatque
582 432 715 471 tempus
736 430 988 463 evocandorum
1002 429 1014 447 ²
1034 432 1172 461 testium
1192 442 1202 462 .·
1229 439 1299 462 reus
1323 431 1417 462 illico

88 477 230 516 defendi
245 478 435 518 postulabat.
452 478 617 518 valuitque
636 478 808 518 pecuniosa
832 477 970 509 orbitate
982 477 993 495 ³
1011 478 1044 509 et
1057 480 1202 516 senecta,
1218 486 1314 518 quam
1333 477 1415 508 ultra

90 525 190 556 vitam
212 534 322 556 eorum
346 525 521 565 produxit,
539 534 677 565 quorum
695 525 815 557 ambitu
834 527 990 557 evaserat.

130 576 210 604 LIIl.
236 573 361 612 Quietae
377 573 416 603 ad
436 573 468 603 id
483 575 611 613 tempus
628 573 722 605 resin
736 574 905 605 Germania
919 573 1044 604 fuerant
1056 572 1183 613 ingenio
1200 573 1333 611 ducum,
1346 572 1414 612 qui,

88 620 286 661 pervulgatis
302 620 457 660 triumphi
472 620 668 660 insignibus,
685 622 788 660 maJ'us
805 630 842 653 ex
864 630 902 652 eo
915 620 1014 651 decus
1039 620 1228 660 sperabant,
1254 620 1280 650 si
1304 628 1415 660 pacem

89 668 381 699 continuavissent.
414 667 578 698 paullinus
594 669 763 708 Pompeius
780 669 812 699 et
828 672 861 699 L.
879 669 978 699 Vetus
993 677 1030 699 ea
1051 669 1243 707 tempestate
1259 666 1416 698 exercitui

87 715 257 755 praeerant.
282 724 322 745 ne
339 718 446 746 tamen
461 723 591 754 segnem
608 716 744 747 militem
761 716 953 754 attinerent,
974 714 1026 746 ille
1049 714 1235 745 inchoatum
1256 717 1330 746 ante
1350 715 1416 745 tres

87 765 121 794 et
141 762 307 801 sexaginta
323 771 425 793 annos
443 763 450 780 ¹
475 772 494 793 a
511 767 615 794 Druso
637 772 782 803 aggerem
805 762 980 794 coercendo
998 762 1110 793 Rheno
1132 762 1290 801 absolvit,
1318 764 1417 792 Vetus

87 810 251 841 Mosellam
275 811 372 849 atque
390 810 512 841 Ararim
529 811 612 841 saeta
628 811 711 841 inter
727 814 901 850 utrumque
916 810 1002 841 fossa
1019 813 1207 841 connectere
1223 809 1367 850 parabat,
1382 807 1419 839 ut

87 857 187 896 copiae
205 866 262 897 par
276 864 382 896 mare,
399 857 471 888 dein
500 857 655 888 Rhodano
671 861 703 888 et
719 861 816 889 Arare
832 857 996 889 subvectae
1013 867 1068 898 per
1083 866 1152 888 eam
1171 858 1288 888 fossam
1303 881 1312 896 ,
1341 865 1417 887 mox

86 904 185 934 fluvio
207 904 335 935 Mosella
349 904 381 935 in
397 905 542 935 Rhenum
556 929 566 944 ,
582 904 654 936 exin
672 908 834 936 Oceanum
852 905 1277 944 decurerrent,sublatisque
1294 904 1417 935 itineris

87 952 332 982 difficultatibus
361 951 553 991 navigabilia
590 952 673 983 inter
701 961 735 983 se
769 952 950 983 Occidentis
983 952 1282 992 Septentrionisque
1310 952 1418 982 littora

88 999 212 1029 tierent.
232 999 349 1029 invidit
368 999 456 1039 operi
475 999 569 1030 AElius
583 999 734 1039 Gracilis,
758 1000 891 1039 Belgicae
908 1000 1029 1039 legatus
1040 1025 1048 1040 ‚
1063 999 1254 1031 deterrendo
1268 1001 1416 1029 Veterem.

86 1055 126 1077 ne.
144 1046 289 1085 quiones
311 1047 438 1077 alicnoe
462 1049 649 1086 prorincioe
663 1047 809 1086 inferret
825 1047 1009 1087 ..erudirique
1029 1047 1227 1079 Galliarum
1242 1045 1252 1063 ²
1270 1046 1416 1085 assecta-

85 1101 136 1124 rez
148 1117 156 1131 ‚
170 1093 441 1132 ‚sor-nuclolosum
456 1093 492 1124 id
508 1096 722 1134 Imperatori
742 1094 912 1133 dictitanS,
927 1103 992 1134 quo
1004 1094 1194 1134 plerumque
1208 1093 1419 1133 prohibentur

86 1142 222 1171 conatus
240 1140 376 1171 honesti.

128 1190 206 1217 LIV.
231 1190 380 1218 Ceterum
398 1187 553 1218 continuo
578 1187 778 1219 exercituum
806 1190 873 1219 otio
895 1188 980 1219 fama
1003 1187 1156 1227 incessit,
1185 1189 1342 1227 ereptum
1355 1188 1419 1227 jus

88 1233 212 1273 qualis
230 1234 376 1265 (lucendi
400 1236 436 1265 in
453 1234 594 1266 hostem.
624 1244 727 1275 eoque
741 1235 835 1266 Frisii
848 1235 1054 1274 juventutem
1073 1235 1209 1266 saltibus
1226 1236 1281 1265 aut
1295 1234 1417 1275 paludi·

85 1279 145 1310 bus
156 1304 163 1317 ,
183 1280 344 1312 imbellem
367 1283 496 1312 aetatem
514 1290 569 1322 per
582 1282 671 1312 lacus
685 1282 856 1313 admovere
871 1282 985 1322 ripae¹,
1001 1291 1159 1324 agrosque
1175 1290 1294 1312 vacuos
1307 1282 1339 1312 et
1356 1281 1417 1312 mi-

84 1326 178 1357 litum
195 1328 265 1358 usui
282 1329 440 1368 sepositos
457 1329 617 1366 insedere,
634 1332 765 1360 auctore
779 1330 907 1361 Verrito
930 1332 962 1361 et
978 1330 1128 1370 Malorige
1141 1354 1149 1369 ‚
1173 1330 1228 1369 qui
1252 1329 1416 1360 nationem

84 1381 155 1404 eam
174 1376 348 1415 regebant,
368 1377 400 1407 in
415 1379 573 1416 quantum
600 1378 745 1407 Germani
766 1379 951 1416 regnantur.
966 1377 1098 1417 Jamque
1123 1378 1259 1408 fixerant
1281 1377 1394 1408 domos
1407 1401 1415 1415 ,

85 1422 207 1452 semina
225 1423 312 1453 arvis
328 1424 523 1462 intulerant,
543 1426 644 1463 utque
662 1424 801 1463 patrium
818 1425 922 1456 solum
939 1425 1151 1463 exercebant,
1169 1433 1270 1464 qumn
1289 1424 1415 1454 Dubius

84 1468 215 1508 Avitus,
242 1472 371 1510 accepta
399 1480 416 1501 a
437 1471 580 1501 paullino
606 1471 790 1511 provincia,
817 1472 995 1503 minitando
1021 1474 1092 1503 vim
1116 1475 1326 1510 Romanam,
1352 1473 1416 1502 nisi

85 1515 306 1551 abscederent
324 1519 425 1549 Frisii
442 1520 570 1549 veteres
585 1520 619 1549 in
643 1519 730 1549 locos
750 1521 813 1550 creec
835 1528 959 1551 novam
982 1519 1095 1551 sedem
1113 1528 1134 1549 α
1153 1521 1288 1550 Ccesarc
1308 1520 1415 1558 inipe-

87 1566 246 1603 trarent,
281 1565 424 1605 perpulit
446 1566 608 1596 Verritum
632 1567 664 1597 et
690 1566 864 1606 Malorigen
893 1575 1003 1606 preces
1024 1567 1195 1605 suscipere.
1218 1566 1416 1605 protectique

84 1616 242 1650 Romam,
269 1611 348 1642 dum
372 1612 444 1643 aliis
460 1613 546 1643 curis
560 1613 720 1643 intentum
738 1617 898 1644 Neronem
921 1613 1143 1653 opperiuntur,
1168 1613 1316 1652 interea,
1344 1622 1416 1652 quae

84 1658 228 1689 barbaris
246 1660 462 1699 ostentantur,
477 1660 637 1690 intravere
651 1660 792 1700 Pompeii
805 1661 967 1691 theatrum
981 1685 989 1699 ,
1007 1669 1071 1700 quo
1089 1660 1342 1699 magnitudinem
1357 1669 1414 1700 po-

87 1705 153 1745 puii
171 1707 325 1736 viserent.
354 1706 418 1736 illic
435 1715 490 1746 per
507 1707 611 1738 otium
631 1707 747 1746 (neque
771 1708 856 1738 enim
882 1707 1014 1738 ludicris
1030 1707 1132 1746 ignari
1157 1707 1413 1746 oblectabantur)

84 1752 162 1783 dum
179 1761 370 1784 consess-um
385 1762 509 1793 ccmece,
526 1755 726 1785 discrimina
743 1755 916 1793 ordinum,
927 1757 1002 1795 quis
1017 1757 1131 1795 Eques
1142 1778 1150 1793 ,
1167 1754 1225 1785 ubz'
1242 1753 1413 1794 senatus&

84 1804 351 1840 percunctantur,
370 1801 537 1832 advertere
554 1801 708 1841 quosdam
724 1802 811 1832 cultu
826 1804 960 1833 externo
975 1802 986 1820 ³
1010 1801 1043 1832 in
1059 1801 1189 1832 sedibus
1206 1803 1415 1841 senatoruui3

85 1850 117 1879 et
131 1850 275 1888 quinam
292 1848 414 1887 forent
439 1849 627 1889 rogitantes,
651 1851 822 1889 postquam
839 1849 1029 1880 audiverant
1053 1858 1176 1880 carum
1198 1850 1352 1889 qentium
1368 1849 1415 1880 le-

84 1897 174 1935 mztis
188 1894 224 1925 id
241 1894 378 1926 honoris
394 1895 531 1935 datum,
544 1904 621 1936 quse
632 1898 762 1927 virtute
776 1899 808 1927 ct
820 1898 977 1928 (torticicia
992 1899 1148 1928 Romana
1160 1896 1414 1936 praecellerent,

87 1956 101 1969 «
125 1942 230 1973 nullos
248 1943 431 1973 mortalium
459 1943 559 1974 armis
579 1946 633 1974 aut
650 1943 712 1973 fide
729 1946 804 1974 ante
818 1947 996 1975 Germanos
1018 1953 1087 1975 esse
1103 1957 1118 1971 »
1142 1944 1341 1983 exclamant,
1364 1942 1415 1974 de-

86 1989 342 2028 grediunturque
356 1992 387 2020 et
401 1989 485 2020 inter
502 1993 609 2021 Patres
632 1990 815 2022 considunt.
835 1991 923 2031 qnod
935 1991 1070 2022 comiter
1083 2000 1100 2022 a
1119 1991 1297 2022 visentibus
1323 1999 1416 2022 exce-

84 2038 178 2077 ptum
189 2060 198 2075 ,
213 2036 304 2076 quasi
320 2036 460 2077 impetus
476 2037 599 2077 antiqui
620 2039 653 2069 et
673 2037 757 2068 bona
771 2038 978 2070 aemulatione
992 2038 1017 2069 ⁴.
1031 2043 1114 2070 Nero
1127 2039 1257 2069 civitate
1270 2042 1415 2069 Romana

115 2098 171 2122 L11.
186 2102 206 2120 ι.
226 2098 270 2121 Sc.
286 2097 373 2121 factos
384 2100 445 2127 post
455 2099 646 2123 discessionem
657 2104 781 2128 exprov.
795 2098 853 2122 Nisi
866 2099 966 2128 potius,
980 2104 1044 2123 reos
1054 2099 1268 2130 repetundarum
1281 2104 1316 2122 ez·
1326 2098 1413 2123 adini-

85 2133 249 2157 nistrationc
268 2133 433 2157 African—2.
452 2135 489 2158 Ex
513 2134 720 2164 provincia—5.
735 2134 776 2158 01)
789 2140 869 2164 quam
893 2134 1053 2158 defensores
1075 2136 1134 2164 ejus
1148 2135 1264 2159 heredes
1279 2135 1413 2163 scriptum

85 2169 121 2193 iri
134 2168 293 2197 sperabant,
308 2169 355 2192 sed
368 2169 492 2194 frustrati
503 2172 567 2194 sunt
580 2170 656 2200 longa
670 2172 781 2194 senecta
796 2170 898 2194 divitis,

116 2203 180 2227 Llll.
201 2208 219 2226 i.
237 2204 267 2226 A.
285 2203 314 2227 U.
327 2208 378 2232 745,
395 2206 424 2228 ut
437 2205 497 2233 hoc,
512 2206 539 2229 in
554 2211 607 2235 quo
622 2211 769 2233 versamur,
783 2211 852 2229 anno
868 2205 922 2228 sint
936 2205 1077 2235 sexaginta
1091 2210 1140 2229 sea·
1151 2205 1224 2229 anni.
1242 2204 1294 2229 Sed
1303 2205 1414 2229 Tacitus

85 2238 279 2267 complectitur
302 2244 361 2268 quae
374 2241 497 2268 proxime
520 2240 738 2270 praecedentibus
761 2241 838 2265 annis
861 2242 888 2265 in
902 2241 1046 2265 Germania
1062 2241 1122 2264 acta
1139 2240 1347 2265 fucrant.Adde
1367 2242 1411 2264 lli-

85 2276 154 2299 stor.
170 2275 200 2302 V,
218 2279 290 2297 io.—
307 2279 329 2298 2.
344 2275 462 2299 Gratiam
477 2278 548 2306 apud
562 2277 664 2301 Gallos.

117 2310 181 2334 LIV·
198 2315 217 2333 ιι.
232 2310 272 2333 Sc.
296 2310 388 2334 Rheni.
405 2311 488 2335 Sedes
500 2313 645 2337 Frisiorum
663 2314 809 2345 designatae
835 2314 914 2337 erant
938 2314 1002 2337 ante
1019 2313 1146 2336 undecim
1167 2318 1252 2336 annos
1276 2319 1290 2336 a
1304 2313 1408 2337 Corbu-

85 2345 149 2369 lone
163 2350 169 2367 :
184 2350 208 2367 v.
223 2345 268 2373 Xl,
285 2350 379 2369 tin-2.
396 2346 499 2370 Primus
514 2348 580 2372 ordo
604 2349 792 2373 subselliorum
804 2350 830 2373 in
843 2349 992 2377 orchestra,
1007 2349 1066 2372 erat
1088 2349 1264 2377 senatorum;
1285 2350 1345 2378 post
1356 2356 1411 2380 eos,

86 2379 282 2408 Equitum—5.
294 2381 377 2404 Erant
390 2381 482 2405 Parthi
494 2384 521 2406 et
531 2383 714 2408 Armenii.—-¹i.
726 2386 865 2414 Tanquam
878 2390 911 2408 ex
923 2385 1029 2414 impetu
1043 2384 1162 2413 antiquo
1181 2384 1283 2408 factum
1300 2385 1326 2413 (i.
1342 2390 1364 2408 c.
1379 2390 1412 2409 ex

86 2416 196 2443 antiqua
212 2415 395 2445 simplicitate,
422 2422 475 2446 qua
489 2417 602 2447 impetui
621 2419 772 2444 animorum
786 2420 897 2444 liberius
910 2419 1092 2450 indulgerent,
1110 2425 1162 2444 nec
1175 2419 1355 2449 reprimerent
1368 2426 1413 2444 se-

86 2456 206 2474 cunnum
221 2451 296 2482 leges
312 2457 376 2476 usus
395 2452 528 2483 cultioris)
539 2454 567 2478 et
579 2455 761 2480 (emulatione
774 2456 846 2481 inter
858 2456 1014 2486 provincias
1026 2455 1154 2480 Romanis
1172 2454 1230 2479 utili
1244 2457 1271 2480 et
1284 2456 1407 2486 probata·
