1539 2668
495 170 531 200 Α.
553 170 592 200 U.
616 169 651 198 C.
677 167 748 198 819.
773 172 810 198 Δ.
832 170 867 197 C.
891 169 943 197 06.
1318 166 1380 196 265

59 249 201 288 Tempus
215 245 414 279 damnationi
433 245 612 284 delectum,
627 252 692 284 quo
705 242 864 275 Tiridates
889 241 1076 282 accipiendo
1098 241 1256 273 Armeniae
1281 251 1380 283 regno

58 292 287 334 adventabat⁴‚
303 294 340 326 ut
355 293 394 325 ad
411 292 563 325 externa⁵
577 290 762 323 rumoribus
776 288 964 322 intestinum
977 288 1081 321 scelus
1093 289 1379 330 obscuraretur-,an

58 342 97 374 ut
113 341 365 382 magnitudinem
378 339 617 382 imperatoriam
632 338 720 370 caede
732 337 907 378 insignium
923 336 1069 368 virorum
1088 338 1180 377 quasi
1199 338 1286 378 regio
1305 337 1377 369 taci-

58 397 135 421 nere
151 390 333 421 ostentaret.

99 439 206 467 XXIV.
218 437 318 476 Igitur
334 435 422 467 omni
438 435 570 466 civitate
587 432 624 465 ad
638 432 863 473 excipiendum
880 431 1083 472 Principem¹
1099 431 1378 473 spectandumque

54 490 163 522 regem
179 483 297 522 effusa,
316 483 454 515 Thrasea
467 489 601 513 occursu
617 480 798 520 prohibitus
814 479 824 496 ²
841 488 905 510 non
919 479 1049 511 demisit
1069 479 1211 512 animum
1223 504 1231 519 ,
1256 480 1311 511 sed
1327 489 1378 511 co-

57 527 183 562 dicillos
197 531 236 562 ad
253 535 409 562 Neronem
421 528 604 570 composuit
624 528 790 568 requirens
808 526 938 566 objecta
952 529 985 559 et
993 530 1271 568 expurqaturnm
1285 536 1377 560 asse·

49 581 182 609 ‘verans
196 602 205 617 ,
219 579 248 609 si
264 579 425 609 noticiam
447 578 631 608 criminum
644 577 677 607 et
699 576 830 615 copiam
843 573 999 605 diluendi
1012 574 1198 607 habuisset.
1216 584 1270 607 eos
1291 578 1376 608 codi-

55 623 145 655 cillos
162 628 245 656 Nero
255 629 463 666 properanter
481 623 624 664 accepit,
643 631 699 663 spe
721 621 911 654 exterritum
938 622 1112 653 Thraseam
1135 623 1297 663 scripsisse
1322 634 1378 664 per

54 678 127 711 quae
143 671 368 704 claritudinem
382 671 535 712 Principis
551 670 718 702 extolleret
734 678 892 709 suamque
910 669 1027 700 samam
1038 668 1276 702 dehonestaret.
1289 673 1377 711 quod

53 716 110 749 ubi
122 727 185 750 non
200 720 308 751 evenit
322 721 514 759 vultumque
531 720 563 749 et
575 717 708 757 spiritus
721 718 753 748 et
766 717 946 748 libertatem
964 716 1100 748 insontis
1118 717 1203 748 ultro
1213 718 1376 760 extimuit,

53 768 167 798 vocari
190 767 422 808 Patresjuhet.
437 770 519 797 Tum
533 765 672 797 Thrasea
684 764 767 795 inter
780 764 943 804 proximos
957 764 1164 805 consultavit,
1183 767 1378 799 tentaretne

52 812 283 852 defensionem
297 823 342 846 an
359 815 544 854 sperneret.
569 812 695 843 diversa
713 811 843 842 consilia
857 810 1084 843 afferebantur.

93 863 184 891 XXV.
211 861 336 900 Quibus
366 861 478 891 intrari
495 859 618 892 curiam
645 859 812 898 placebat,
834 866 970 890 securos
994 858 1086 889 esse¹
1111 858 1153 889 de
1180 863 1378 894 conslantia

52 905 126 946 ejus
147 907 323 947 dixerunt;
354 921 367 934 α
385 908 464 938 nihil
478 908 642 939 dicturum
664 906 722 937 nisi
740 915 805 946 quo
828 905 960 944 gloriam
981 907 1123 944 augeret.
1140 914 1252 945 segnes
1268 910 1300 939 et
1325 918 1378 949 pa-

55 963 71 979 «
90 953 183 986 vidos
205 955 363 995 supremis
390 955 458 986 suis
483 957 644 986 secretum
672 953 885 985 circumdare.
918 953 1077 993 aspiceret
1102 954 1241 992 populus
1271 956 1378 988 virum

55 1011 71 1027 «
90 1002 189 1034 morti
212 1002 364 1041 ohvium3
390 1001 517 1033 audiret
532 1003 662 1033 senatus
676 1009 772 1032 voces
794 999 887 1041 quasi
906 1009 946 1031 ex
966 1000 1073 1040 aliquo
1096 1001 1228 1032 numine
1242 1025 1251 1040 ,
1280 1011 1379 1042 supra

54 1061 71 1076 σι
87 1048 264 1081 humanas²
280 1060 287 1080 ε
308 1058 400 1090 posse
416 1050 485 1090 ipso
499 1049 655 1080 miraculo
674 1049 771 1080 etiam
797 1052 958 1079 Neronem
975 1047 1165 1088 permoveri.
1180 1048 1226 1079 sin
1242 1050 1379 1081 crudeli·

55 1109 71 1123 ιι
88 1097 148 1128 tati
160 1096 339 1136 insisteret,
354 1097 509 1137 distingui
532 1098 619 1128 certe
636 1095 722 1136 apud
737 1097 881 1135 posteros
910 1095 1103 1126 memoriam
1129 1095 1256 1127 honesti
1270 1098 1378 1131 exitus

55 1156 71 1170 α
86 1143 126 1175 ab
145 1144 272 1184 ignavia
287 1153 342 1183 per
361 1144 525 1175 silentium
540 1143 757 1184 pereuntium.
772 1156 787 1170 υ

95 1194 202 1221 XXVI.
231 1193 349 1222 Contra
360 1214 367 1228 ‚
397 1190 451 1230 qui
477 1190 707 1230 opperiendum
735 1189 823 1220 domi
846 1189 1023 1221 censebant
1037 1212 1045 1224 ,
1072 1189 1111 1220 de
1141 1189 1213 1230 ipso
1238 1191 1377 1224 Thrasea

55 1237 168 1269 eadem
187 1237 211 1277 ¹,
232 1251 246 1264 u
261 1238 315 1269 sed
332 1237 470 1268 ludibria
483 1239 515 1268 et
531 1237 743 1268 contumelias
762 1236 950 1275 imminere;
969 1236 1173 1268 subtraheret
1189 1246 1282 1269 aures
1299 1248 1378 1270 con-

57 1300 73 1314 «
88 1287 180 1319 viciis
199 1290 231 1320 et
244 1288 379 1328 probris.
405 1297 468 1319 non
483 1288 586 1319 solum
611 1287 838 1318 Cossutianum
861 1287 917 1317 aut
934 1286 1063 1326 Eprium
1081 1286 1120 1317 ad
1140 1287 1245 1319 scelus
1269 1298 1377 1329 prom-

56 1347 71 1362 «
87 1336 181 1375 p't0s3
195 1343 360 1375 superesse
375 1336 430 1375 qui
447 1336 580 1366 forsitan
595 1343 709 1365 manus
725 1334 875 1373 ictusque
890 1342 946 1374 per
963 1333 1199 1365 immanitatem
1215 1337 1322 1367 ausuri
1337 1337 1348 1355 ²
1367 1349 1375 1369 :

56 1395 71 1409 «
87 1382 184 1414 etiam
201 1382 302 1413 bonos
316 1386 402 1413 metu
419 1383 519 1422 sequi.
535 1382 717 1413 detraheret
734 1381 841 1420 potins
855 1381 999 1419 senatui,
1012 1390 1109 1420 quem
1125 1383 1377 1424 perornavisset,

56 1428 249 1460 «infamiam
267 1430 347 1461 tanti
364 1429 475 1469 flagitii
491 1441 499 1469 ;
517 1432 548 1460 et
573 1429 769 1468 relinqueret
789 1428 947 1459 incertum
963 1428 1039 1467 quid
1063 1428 1133 1459 viso
1158 1429 1299 1461 Thrasea
1324 1441 1378 1463 reo

56 1488 73 1503 «
87 1475 246 1508 decreturi
264 1479 374 1508 Patres
389 1476 518 1507 suerint.
539 1479 574 1507 ut
591 1481 748 1507 Neronem
772 1475 968 1514 flagitiorum
987 1475 1090 1514 pudor
1111 1479 1239 1510 caperet
1254 1501 1262 1516 ‚
1290 1477 1379 1509 irrita

57 1538 72 1554 «
86 1535 142 1567 spe
155 1527 287 1566 agitari3
306 1527 472 1567 multoque
486 1527 585 1566 magis
602 1525 784 1557 timendum
797 1534 836 1555 ne
851 1525 881 1555 in
898 1525 1067 1564 conjugem
1079 1549 1088 1564 ,
1106 1525 1138 1556 iu
1154 1526 1307 1558 familiam
1322 1552 1330 1566 ,
1346 1529 1378 1559 in

57 1586 73 1600 ει
87 1574 192 1605 cetera
203 1574 334 1614 pignora
345 1575 413 1613 ejus
424 1575 560 1605 saeviret.
574 1573 707 1614 proinde
725 1574 948 1610 intemeratus,
958 1571 1159 1611 impollutus,
1178 1583 1316 1613 quorum
1330 1584 1380 1607 re-

57 1636 74 1651 «
88 1622 192 1664 stigiis
202 1625 233 1654 et
243 1623 358 1654 studiis
368 1623 452 1654 viam
466 1623 606 1662 duxerit,
616 1632 727 1654 eorum
739 1622 750 1639 ³
763 1621 865 1661 gloria
876 1623 996 1661 peteret
1012 1621 1142 1652 tinem.»
1155 1622 1264 1654 aderat
1276 1626 1379 1656 cousi·

56 1670 98 1702 lio
111 1670 262 1702 Rusticus
276 1670 434 1701 Arulenus
449 1695 458 1709 ‚
474 1670 610 1710 flagrans
623 1670 753 1710 juvenis
768 1669 794 1708 ⁴,
816 1671 847 1700 et
863 1668 1015 1709 cupidine
1038 1668 1144 1699 laudis
1167 1670 1325 1701 offerebat
1345 1679 1379 1701 se

55 1718 324 1749 intercessurum
337 1718 634 1749 senatusconsulto
646 1729 656 1749 .·
668 1726 741 1747 nam
755 1716 875 1757 plebeis
895 1715 1047 1747 tribunus
1064 1718 1140 1746 erat.
1153 1717 1301 1748 cohibuit
1317 1719 1380 1758 spi-

57 1763 140 1796 ritus
159 1764 230 1803 ejus
246 1765 384 1795 Thrasea
399 1790 407 1804 ,
427 1778 442 1792 α
457 1773 497 1795 ne
515 1774 594 1795 vana
612 1767 644 1796 et
660 1774 713 1795 reo
735 1773 798 1795 non
812 1763 980 1803 profutura
994 1787 1002 1802 ‚
1019 1763 1225 1795 intercessori
1240 1765 1379 1796 exitiosa

58 1824 75 1840 «
90 1810 255 1850 inciperet.
271 1811 334 1842 sibi
351 1814 454 1842 actam
473 1814 602 1842 {etatem
614 1835 622 1850 ‚
642 1814 674 1842 et
688 1813 736 1841 tot
753 1819 808 1850 per
821 1819 922 1841 annos
938 1809 1128 1841 continuum
1146 1811 1221 1842 vitae
1234 1812 1380 1843 ordinem

60 1870 74 1884 «
90 1866 155 1888 non
174 1856 405 1888 deserendum:
426 1858 473 1888 illi
488 1858 617 1889 initium
639 1858 888 1897 magistratuum
916 1858 948 1887 et
971 1856 1094 1896 integra
1109 1866 1182 1897 quae
1207 1859 1380 1898 supersint.

60 1917 75 1931 «
91 1904 232 1935 multum
246 1906 319 1935 ante
333 1913 442 1935 secum
461 1903 656 1943 expenderet
672 1926 680 1941 ,
705 1903 790 1942 quod
809 1902 864 1933 tali
882 1902 914 1933 in
929 1903 1074 1942 ternpore
1092 1912 1297 1943 capessendae
1322 1906 1382 1937 rci-

61 1950 228 1991 «publicae
246 1951 307 1982 iter
320 1950 551 1991 ingrederetur.
573 1963 588 1978 »
617 1952 761 1981 ceterum
787 1951 876 1990 ipse,
905 1958 945 1980 an
969 1948 1080 1981 venire
1102 1949 1137 1981 in
1156 1953 1305 1982 senatum
1329 1952 1381 1984 de-

59 1999 164 2036 ceret,
180 1997 379 2029 meditationi
395 2007 461 2029 suae
478 1998 617 2038 reliquit.

100 2048 223 2076 XXVII.
242 2048 283 2076 At
300 2048 428 2085 postera
446 2045 516 2076 luce
532 2046 605 2076 duae
621 2043 782 2085 praetoriae
811 2044 960 2075 cohortes
985 2044 1120 2075 armatae
1138 2044 1296 2085 templum
1321 2050 1381 2079 Ge-

58 2090 191 2123 netricis
207 2092 339 2124 Veneris
357 2093 363 2109 ¹
384 2092 539 2124 insedere.
568 2092 691 2123 aditum
716 2093 848 2122 senatus
871 2091 983 2129 globus
1006 2092 1189 2130 togatorum
1213 2092 1386 2126 obsederat

61 2145 126 2168 non
141 2139 277 2171 occultis
291 2139 418 2180 gladiis;
432 2139 630 2180 dispersique
643 2148 699 2179 per
713 2140 782 2170 tora
794 2146 830 2169 ac
844 2138 988 2169 basilicas
1002 2138 1096 2169 cunei
1110 2138 1276 2171 militares.
1300 2140 1384 2173 inter

61 2229 83 2248 4.
98 2222 174 2247 Conf.
189 2222 244 2250 XV,
258 2226 288 2246 29
303 2223 482 2252 seqq—msc.
501 2216 583 2255 οῧσι,
599 2221 746 2247 conversis.

92 2257 186 2282 XXIV.
202 2262 220 2280 ι.
236 2257 272 2281 Ex
288 2258 433 2287 Campania
447 2263 602 2285 reversum3
621 2256 693 2281 coni.
713 2261 738 2279 c.
757 2261 847 2280 rofa.
864 2256 886 2279 A
896 2255 1020 2285 Principe
1033 2255 1114 2280 irato.

91 2292 175 2317 xxv.
191 2296 211 2314 ι.
224 2292 265 2315 Sc·
277 2297 370 2316 se.—2.
385 2294 514 2317 Humanis
528 2292 638 2316 vocibus
654 2292 816 2321 superiores.

92 2326 186 2352 XXVI.
206 2331 225 2349 ι.
244 2328 284 2350 Sc.
298 2328 490 2352 dicebant-2.
517 2329 560 2352 Sc.
582 2329 645 2352 sint.
662 2328 789 2351 Ceterum
806 2327 869 2351 mss.
893 2327 1080 2356 Auqusci.-⁵.
1103 2326 1320 2350 Stoicorum-⁴.
1335 2328 1388 2356 Qui

63 2368 112 2386 sua
124 2362 180 2384 vita
193 2361 339 2385 Thraseam
354 2363 501 2392 referebat,
520 2366 597 2392 cujus
613 2363 702 2386 Vitam
715 2362 833 2392 scripsit.
851 2361 926 2386 Coni.
941 2361 974 2385 de
994 2367 1027 2386 co
1044 2362 1154 2386 Hister.
1172 2362 1216 2391 111,
1232 2367 1268 2392 80,
1287 2363 1387 2391 Aoric.

65 2402 89 2420 c.
104 2401 126 2424 2,
138 2395 213 2420 Plinii
231 2396 362 2425 Epistulas
375 2403 388 2421 5
400 2400 427 2421 et
443 2403 469 2422 Μ
486 2399 547 2422 libri
562 2399 583 2422 l.

87 2429 206 2467 {XVIL
224 2435 244 2456 ι.
261 2431 291 2457 ln
302 2432 401 2456 octava
416 2433 529 2463 regione
553 2432 632 2458 Urbis
651 2433 684 2458 ab
699 2433 770 2459 Julio
784 2431 888 2457 Caesare
901 2431 1040 2459 conditum
1064 2438 1117 2458 cuo
1129 2433 1184 2460 tum
1200 2434 1308 2457 senatus
1320 2437 1392 2457 eon-

1208 2477 1255 2502 12
