<?xml version="1.0" encoding="UTF-8"?>
<!DOCTYPE html PUBLIC "-//W3C//DTD XHTML 1.0 Transitional//EN"
    "http://www.w3.org/TR/xhtml1/DTD/xhtml1-transitional.dtd">
<html xmlns="http://www.w3.org/1999/xhtml" xml:lang="en" lang="en">
 <head>
  <title>
</title>
<meta http-equiv="Content-Type" content="text/html;charset=utf-8" />
  <meta name='ocr-system' content='tesseract 3.04.00' />
  <meta name='ocr-capabilities' content='ocr_page ocr_carea ocr_par ocr_line ocrx_word'/>
</head>
<body>
  <div class='ocr_page' id='page_1' title='image "./operaquaesupersu00taciuoft_0429.png"; bbox 0 0 1539 2668; ppageno 0'>
   <div class='ocr_carea' id='block_1_1' title="bbox 495 174 1378 206">
    <p class='ocr_par' dir='ltr' id='par_1_1' title="bbox 495 174 1378 206">
     <span class='ocr_line' id='line_1_1' title="bbox 495 174 1378 206; baseline 0.002 -2"><span class='ocrx_word' id='word_1_1' title='bbox 495 176 531 204; x_wconf 72' lang='lat' dir='ltr'>A.</span> <span class='ocrx_word' id='word_1_2' title='bbox 554 175 593 204; x_wconf 85' lang='lat' dir='ltr'>U.</span> <span class='ocrx_word' id='word_1_3' title='bbox 614 175 649 203; x_wconf 84' lang='lat' dir='ltr'>C.</span> <span class='ocrx_word' id='word_1_4' title='bbox 675 174 745 203; x_wconf 86' lang='lat'>823.</span> <span class='ocrx_word' id='word_1_5' title='bbox 770 175 806 204; x_wconf 78' lang='lat' dir='ltr'>A.</span> <span class='ocrx_word' id='word_1_6' title='bbox 830 176 865 204; x_wconf 84' lang='lat' dir='ltr'>C.</span> <span class='ocrx_word' id='word_1_7' title='bbox 889 175 942 204; x_wconf 81' lang='lat'>70.</span> <span class='ocrx_word' id='word_1_8' title='bbox 1320 178 1378 206; x_wconf 61' lang='lat'>3¹³5</span> 
     </span>
    </p>
   </div>
   <div class='ocr_carea' id='block_1_2' title="bbox 59 249 1389 2238">
    <p class='ocr_par' dir='ltr' id='par_1_2' title="bbox 59 249 1379 426">
     <span class='ocr_line' id='line_1_2' title="bbox 59 249 1379 292; baseline -0.003 -9"><span class='ocrx_word' id='word_1_9' title='bbox 59 251 168 285; x_wconf 83' lang='lat' dir='ltr'>Sancti</span> <span class='ocrx_word' id='word_1_10' title='bbox 187 250 355 292; x_wconf 84' lang='lat' dir='ltr'><strong>promissis</strong></span> <span class='ocrx_word' id='word_1_11' title='bbox 371 252 426 281; x_wconf 85' lang='lat' dir='ltr'>aut</span> <span class='ocrx_word' id='word_1_12' title='bbox 448 249 545 280; x_wconf 90' lang='lat' dir='ltr'>minis</span> <span class='ocrx_word' id='word_1_13' title='bbox 561 249 799 289; x_wconf 84' lang='lat' dir='ltr'>Magonliacum</span> <span class='ocrx_word' id='word_1_14' title='bbox 819 249 956 283; x_wconf 83' lang='lat' dir='ltr'>abeunt;</span> <span class='ocrx_word' id='word_1_15' title='bbox 983 257 1019 279; x_wconf 84' lang='lat' dir='ltr'>ac</span> <span class='ocrx_word' id='word_1_16' title='bbox 1039 249 1118 280; x_wconf 80' lang='lat' dir='ltr'>forte</span> <span class='ocrx_word' id='word_1_17' title='bbox 1136 250 1232 280; x_wconf 75' lang='lat' dir='ltr'>obvio</span> <span class='ocrx_word' id='word_1_18' title='bbox 1249 250 1379 281; x_wconf 61' lang='lat' dir='ltr'>interse-</span> 
     </span>
     <span class='ocr_line' id='line_1_3' title="bbox 59 296 1378 338; baseline -0.003 -7"><span class='ocrx_word' id='word_1_19' title='bbox 59 302 149 331; x_wconf 84' lang='lat' dir='ltr'>ctore</span> <span class='ocrx_word' id='word_1_20' title='bbox 164 299 296 331; x_wconf 69' lang='lat' dir='ltr'>Vocula}</span> <span class='ocrx_word' id='word_1_21' title='bbox 314 298 455 338; x_wconf 82' lang='lat' dir='ltr'>Longino</span> <span class='ocrx_word' id='word_1_22' title='bbox 467 321 475 336; x_wconf 96' lang='lat'>,</span> <span class='ocrx_word' id='word_1_23' title='bbox 494 297 647 336; x_wconf 73' lang='lat' dir='ltr'>coniectis</span> <span class='ocrx_word' id='word_1_24' title='bbox 670 297 702 327; x_wconf 89' lang='lat' dir='ltr'>in</span> <span class='ocrx_word' id='word_1_25' title='bbox 720 306 794 328; x_wconf 88' lang='lat' dir='ltr'>eum</span> <span class='ocrx_word' id='word_1_26' title='bbox 817 297 888 328; x_wconf 89' lang='lat' dir='ltr'>telis</span> <span class='ocrx_word' id='word_1_27' title='bbox 907 296 1035 327; x_wconf 89' lang='lat' dir='ltr'>initium</span> <span class='ocrx_word' id='word_1_28' title='bbox 1051 298 1253 328; x_wconf 58' lang='lat' dir='ltr'>exsolvendae</span> <span class='ocrx_word' id='word_1_29' title='bbox 1273 299 1302 328; x_wconf 91' lang='lat' dir='ltr'>in</span> <span class='ocrx_word' id='word_1_30' title='bbox 1323 307 1378 337; x_wconf 81' lang='lat' dir='ltr'>po-</span> 
     </span>
     <span class='ocr_line' id='line_1_4' title="bbox 59 344 1379 388; baseline 0.002 -10"><span class='ocrx_word' id='word_1_31' title='bbox 59 349 181 378; x_wconf 86' lang='lat' dir='ltr'>sterum</span> <span class='ocrx_word' id='word_1_32' title='bbox 195 348 299 388; x_wconf 82' lang='lat' dir='ltr'>culpae</span> <span class='ocrx_word' id='word_1_33' title='bbox 315 347 428 379; x_wconf 78' lang='lat' dir='ltr'>secere.</span> <span class='ocrx_word' id='word_1_34' title='bbox 444 345 581 385; x_wconf 82' lang='lat' dir='ltr'><strong>legiones</strong></span> <span class='ocrx_word' id='word_1_35' title='bbox 594 344 672 376; x_wconf 81' lang='lat' dir='ltr'>nihil</span> <span class='ocrx_word' id='word_1_36' title='bbox 688 347 811 377; x_wconf 83' lang='lat' dir='ltr'>mutato</span> <span class='ocrx_word' id='word_1_37' title='bbox 824 345 937 377; x_wconf 84' lang='lat' dir='ltr'>itinere</span> <span class='ocrx_word' id='word_1_38' title='bbox 950 348 1024 377; x_wconf 80' lang='lat' dir='ltr'>anto</span> <span class='ocrx_word' id='word_1_39' title='bbox 1038 346 1156 376; x_wconf 82' lang='lat' dir='ltr'>inoeuia</span> <span class='ocrx_word' id='word_1_40' title='bbox 1167 350 1379 380; x_wconf 78' lang='lat' dir='ltr'>Treverorum</span> 
     </span>
     <span class='ocr_line' id='line_1_5' title="bbox 59 395 245 426; baseline 0.005 -1"><span class='ocrx_word' id='word_1_41' title='bbox 59 395 245 426; x_wconf 86' lang='lat' dir='ltr'>considunt.</span> 
     </span>
    </p>

    <p class='ocr_par' dir='ltr' id='par_1_3' title="bbox 60 440 1385 863">
     <span class='ocr_line' id='line_1_6' title="bbox 101 440 1381 482; baseline 0 -9"><span class='ocrx_word' id='word_1_42' title='bbox 101 446 206 473; x_wconf 76' lang='lat' dir='ltr'>LXIII.</span> <span class='ocrx_word' id='word_1_43' title='bbox 223 442 331 474; x_wconf 82' lang='lat' dir='ltr'>civilis</span> <span class='ocrx_word' id='word_1_44' title='bbox 354 443 387 473; x_wconf 87' lang='lat' dir='ltr'>et</span> <span class='ocrx_word' id='word_1_45' title='bbox 403 441 563 473; x_wconf 80' lang='lat' dir='ltr'>Classicus</span> <span class='ocrx_word' id='word_1_46' title='bbox 576 465 584 479; x_wconf 96' lang='lat'><strong><em>‚</em></strong></span> <span class='ocrx_word' id='word_1_47' title='bbox 603 440 700 472; x_wconf 87' lang='lat' dir='ltr'>rebus</span> <span class='ocrx_word' id='word_1_48' title='bbox 715 441 863 472; x_wconf 87' lang='lat' dir='ltr'>secundis</span> <span class='ocrx_word' id='word_1_49' title='bbox 887 441 1022 480; x_wconf 88' lang='lat' dir='ltr'>suhlati,</span> <span class='ocrx_word' id='word_1_50' title='bbox 1038 450 1078 472; x_wconf 86' lang='lat' dir='ltr'>an</span> <span class='ocrx_word' id='word_1_51' title='bbox 1095 441 1253 473; x_wconf 88' lang='lat' dir='ltr'>coloniam</span> <span class='ocrx_word' id='word_1_52' title='bbox 1271 444 1381 482; x_wconf 71' lang='lat' dir='ltr'>Agrip—</span> 
     </span>
     <span class='ocr_line' id='line_1_7' title="bbox 60 488 1381 529; baseline 0.002 -10"><span class='ocrx_word' id='word_1_53' title='bbox 60 489 224 529; x_wconf 85' lang='lat' dir='ltr'>pinensem</span> <span class='ocrx_word' id='word_1_54' title='bbox 246 489 458 528; x_wconf 79' lang='lat' dir='ltr'>diripiendam</span> <span class='ocrx_word' id='word_1_55' title='bbox 481 488 677 520; x_wconf 79' lang='lat' dir='ltr'>exercitibus</span> <span class='ocrx_word' id='word_1_56' title='bbox 700 489 767 519; x_wconf 86' lang='lat' dir='ltr'>suis</span> <span class='ocrx_word' id='word_1_57' title='bbox 791 489 1012 529; x_wconf 72' lang='lat' dir='ltr'>permitterent</span> <span class='ocrx_word' id='word_1_58' title='bbox 1033 489 1233 521; x_wconf 82' lang='lat' dir='ltr'>dubitavere.</span> <span class='ocrx_word' id='word_1_59' title='bbox 1256 491 1381 522; x_wconf 83' lang='lat' dir='ltr'>saevitia</span> 
     </span>
     <span class='ocr_line' id='line_1_8' title="bbox 61 536 1382 577; baseline 0.001 -9"><span class='ocrx_word' id='word_1_60' title='bbox 61 538 176 577; x_wconf 81' lang='lat' dir='ltr'>ingenii</span> <span class='ocrx_word' id='word_1_61' title='bbox 197 539 229 568; x_wconf 88' lang='lat' dir='ltr'>et</span> <span class='ocrx_word' id='word_1_62' title='bbox 252 536 404 576; x_wconf 87' lang='lat' dir='ltr'>cupidine</span> <span class='ocrx_word' id='word_1_63' title='bbox 428 536 545 576; x_wconf 77' lang='lat' dir='ltr'>pracdae</span> <span class='ocrx_word' id='word_1_64' title='bbox 570 536 609 567; x_wconf 86' lang='lat' dir='ltr'>ad</span> <span class='ocrx_word' id='word_1_65' title='bbox 634 536 798 567; x_wconf 75' lang='lat' dir='ltr'>excidium</span> <span class='ocrx_word' id='word_1_66' title='bbox 824 537 966 567; x_wconf 75' lang='lat' dir='ltr'>civitatis</span> <span class='ocrx_word' id='word_1_67' title='bbox 988 537 1208 569; x_wconf 82' lang='lat' dir='ltr'>trahebantur.</span> <span class='ocrx_word' id='word_1_68' title='bbox 1233 538 1382 569; x_wconf 74' lang='lat' dir='ltr'>obstabat</span> 
     </span>
     <span class='ocr_line' id='line_1_9' title="bbox 61 584 1381 623; baseline 0.001 -8"><span class='ocrx_word' id='word_1_69' title='bbox 61 584 141 615; x_wconf 81' lang='lat' dir='ltr'>ratio</span> <span class='ocrx_word' id='word_1_70' title='bbox 158 584 249 621; x_wconf 88' lang='lat' dir='ltr'>belli,</span> <span class='ocrx_word' id='word_1_71' title='bbox 267 586 300 615; x_wconf 85' lang='lat' dir='ltr'>et</span> <span class='ocrx_word' id='word_1_72' title='bbox 317 593 440 615; x_wconf 77' lang='lat' dir='ltr'>novum</span> <span class='ocrx_word' id='word_1_73' title='bbox 459 584 633 623; x_wconf 89' lang='lat' dir='ltr'>imperium</span> <span class='ocrx_word' id='word_1_74' title='bbox 651 584 879 614; x_wconf 69' lang='lat' dir='ltr'>inchoantibus</span> <span class='ocrx_word' id='word_1_75' title='bbox 903 584 992 614; x_wconf 87' lang='lat' dir='ltr'>utilis</span> <span class='ocrx_word' id='word_1_76' title='bbox 1015 585 1196 616; x_wconf 86' lang='lat' dir='ltr'>clementiae</span> <span class='ocrx_word' id='word_1_77' title='bbox 1212 586 1308 616; x_wconf 80' lang='lat' dir='ltr'>fama.</span> <span class='ocrx_word' id='word_1_78' title='bbox 1328 585 1381 616; x_wconf 80' lang='lat' dir='ltr'>ci-</span> 
     </span>
     <span class='ocr_line' id='line_1_10' title="bbox 61 630 1381 671; baseline 0.002 -11"><span class='ocrx_word' id='word_1_79' title='bbox 61 630 154 662; x_wconf 77' lang='lat' dir='ltr'>vilem</span> <span class='ocrx_word' id='word_1_80' title='bbox 169 632 263 662; x_wconf 79' lang='lat' dir='ltr'>etiam</span> <span class='ocrx_word' id='word_1_81' title='bbox 280 631 426 662; x_wconf 81' lang='lat' dir='ltr'>beneficii</span> <span class='ocrx_word' id='word_1_82' title='bbox 444 633 600 662; x_wconf 81' lang='lat' dir='ltr'>memoria</span> <span class='ocrx_word' id='word_1_83' title='bbox 615 631 704 662; x_wconf 80' lang='lat' dir='ltr'>llexit</span> <span class='ocrx_word' id='word_1_84' title='bbox 717 655 724 668; x_wconf 92' lang='lat'>‚</span> <span class='ocrx_word' id='word_1_85' title='bbox 740 631 825 671; x_wconf 81' lang='lat' dir='ltr'>quod</span> <span class='ocrx_word' id='word_1_86' title='bbox 843 632 941 662; x_wconf 87' lang='lat' dir='ltr'>lilium</span> <span class='ocrx_word' id='word_1_87' title='bbox 961 632 1029 669; x_wconf 83' lang='lat' dir='ltr'>ejus</span> <span class='ocrx_word' id='word_1_88' title='bbox 1045 632 1148 671; x_wconf 89' lang='lat' dir='ltr'>primo</span> <span class='ocrx_word' id='word_1_89' title='bbox 1168 641 1273 663; x_wconf 90' lang='lat' dir='ltr'>rerum</span> <span class='ocrx_word' id='word_1_90' title='bbox 1292 635 1381 663; x_wconf 84' lang='lat' dir='ltr'>motu</span> 
     </span>
     <span class='ocr_line' id='line_1_11' title="bbox 61 680 1384 721; baseline 0.002 -12"><span class='ocrx_word' id='word_1_91' title='bbox 61 681 92 710; x_wconf 91' lang='lat' dir='ltr'>in</span> <span class='ocrx_word' id='word_1_92' title='bbox 106 681 230 711; x_wconf 86' lang='lat' dir='ltr'>colonia</span> <span class='ocrx_word' id='word_1_93' title='bbox 245 681 467 721; x_wconf 76' lang='lat' dir='ltr'>Agrippinensi</span> <span class='ocrx_word' id='word_1_94' title='bbox 481 680 715 719; x_wconf 87' lang='lat' dir='ltr'>deprehensum</span> <span class='ocrx_word' id='word_1_95' title='bbox 734 681 888 711; x_wconf 78' lang='lat' dir='ltr'>honorate</span> <span class='ocrx_word' id='word_1_96' title='bbox 902 681 1128 711; x_wconf 73' lang='lat' dir='ltr'>custodierant.</span> <span class='ocrx_word' id='word_1_97' title='bbox 1143 681 1197 712; x_wconf 83' lang='lat' dir='ltr'>sed</span> <span class='ocrx_word' id='word_1_98' title='bbox 1211 683 1384 713; x_wconf 83' lang='lat' dir='ltr'>Transrhe-</span> 
     </span>
     <span class='ocr_line' id='line_1_12' title="bbox 60 728 1384 768; baseline 0.002 -10"><span class='ocrx_word' id='word_1_99' title='bbox 60 728 152 759; x_wconf 90' lang='lat' dir='ltr'>nanis</span> <span class='ocrx_word' id='word_1_100' title='bbox 167 729 318 766; x_wconf 77' lang='lat' dir='ltr'>gentibus</span> <span class='ocrx_word' id='word_1_101' title='bbox 337 728 440 759; x_wconf 80' lang='lat' dir='ltr'>invisa</span> <span class='ocrx_word' id='word_1_102' title='bbox 454 728 570 758; x_wconf 71' lang='lat' dir='ltr'>civitas</span> <span class='ocrx_word' id='word_1_103' title='bbox 583 728 748 768; x_wconf 84' lang='lat' dir='ltr'>opulentia</span> <span class='ocrx_word' id='word_1_104' title='bbox 763 732 944 768; x_wconf 80' lang='lat' dir='ltr'>aucluque;</span> <span class='ocrx_word' id='word_1_105' title='bbox 960 738 1064 768; x_wconf 84' lang='lat' dir='ltr'>neque</span> <span class='ocrx_word' id='word_1_106' title='bbox 1081 729 1180 759; x_wconf 81' lang='lat' dir='ltr'>alium</span> <span class='ocrx_word' id='word_1_107' title='bbox 1199 729 1293 760; x_wconf 84' lang='lat' dir='ltr'>tinem</span> <span class='ocrx_word' id='word_1_108' title='bbox 1309 729 1384 760; x_wconf 83' lang='lat' dir='ltr'>belli</span> 
     </span>
     <span class='ocr_line' id='line_1_13' title="bbox 60 775 1385 816; baseline 0 -8"><span class='ocrx_word' id='word_1_109' title='bbox 60 776 214 808; x_wconf 81' lang='lat' dir='ltr'>rebantur</span> <span class='ocrx_word' id='word_1_110' title='bbox 227 785 324 816; x_wconf 90' lang='lat' dir='ltr'>quam</span> <span class='ocrx_word' id='word_1_111' title='bbox 340 776 367 807; x_wconf 90' lang='lat' dir='ltr'>si</span> <span class='ocrx_word' id='word_1_112' title='bbox 382 776 561 816; x_wconf 89' lang='lat' dir='ltr'>promiscua</span> <span class='ocrx_word' id='word_1_113' title='bbox 575 784 611 807; x_wconf 80' lang='lat' dir='ltr'>ea</span> <span class='ocrx_word' id='word_1_114' title='bbox 622 776 712 806; x_wconf 86' lang='lat' dir='ltr'>sedes</span> <span class='ocrx_word' id='word_1_115' title='bbox 724 775 875 807; x_wconf 86' lang='lat' dir='ltr'>omnibus</span> <span class='ocrx_word' id='word_1_116' title='bbox 888 777 1053 807; x_wconf 84' lang='lat' dir='ltr'>Germanis</span> <span class='ocrx_word' id='word_1_117' title='bbox 1071 778 1164 815; x_wconf 72' lang='lat' dir='ltr'>soret,</span> <span class='ocrx_word' id='word_1_118' title='bbox 1182 781 1237 808; x_wconf 82' lang='lat' dir='ltr'>aut</span> <span class='ocrx_word' id='word_1_119' title='bbox 1250 777 1385 816; x_wconf 54' lang='lat' dir='ltr'>disiecta</span> 
     </span>
     <span class='ocr_line' id='line_1_14' title="bbox 60 823 533 863; baseline -0.002 -9"><span class='ocrx_word' id='word_1_120' title='bbox 60 823 160 855; x_wconf 85' lang='lat' dir='ltr'>Ubios</span> <span class='ocrx_word' id='word_1_121' title='bbox 177 832 306 863; x_wconf 90' lang='lat' dir='ltr'>quoque</span> <span class='ocrx_word' id='word_1_122' title='bbox 323 823 533 862; x_wconf 75' lang='lat' dir='ltr'>dispersisset.</span> 
     </span>
    </p>

    <p class='ocr_par' dir='ltr' id='par_1_4' title="bbox 61 869 1389 1767">
     <span class='ocr_line' id='line_1_15' title="bbox 101 869 1386 910; baseline 0 -7"><span class='ocrx_word' id='word_1_123' title='bbox 101 875 207 903; x_wconf 76' lang='lat' dir='ltr'>LXIV.</span> <span class='ocrx_word' id='word_1_124' title='bbox 231 871 332 910; x_wconf 82' lang='lat' dir='ltr'>Igitur</span> <span class='ocrx_word' id='word_1_125' title='bbox 353 871 518 909; x_wconf 83' lang='lat' dir='ltr'>Tencteri,</span> <span class='ocrx_word' id='word_1_126' title='bbox 538 870 649 901; x_wconf 84' lang='lat' dir='ltr'>Rheno</span> <span class='ocrx_word' id='word_1_127' title='bbox 669 869 809 900; x_wconf 82' lang='lat' dir='ltr'>discreta</span> <span class='ocrx_word' id='word_1_128' title='bbox 834 878 932 908; x_wconf 83' lang='lat' dir='ltr'>gens,</span> <span class='ocrx_word' id='word_1_129' title='bbox 960 870 1069 901; x_wconf 82' lang='lat' dir='ltr'>missis</span> <span class='ocrx_word' id='word_1_130' title='bbox 1094 872 1206 909; x_wconf 65' lang='lat' dir='ltr'>legatis</span> <span class='ocrx_word' id='word_1_131' title='bbox 1233 873 1386 903; x_wconf 85' lang='lat' dir='ltr'>mandata</span> 
     </span>
     <span class='ocr_line' id='line_1_16' title="bbox 61 916 1386 959; baseline 0 -9"><span class='ocrx_word' id='word_1_132' title='bbox 61 919 146 959; x_wconf 85' lang='lat' dir='ltr'>apud</span> <span class='ocrx_word' id='word_1_133' title='bbox 161 918 334 950; x_wconf 89' lang='lat' dir='ltr'>concilium</span> <span class='ocrx_word' id='word_1_134' title='bbox 350 918 634 958; x_wconf 79' lang='lat' dir='ltr'>Agrippinensium</span> <span class='ocrx_word' id='word_1_135' title='bbox 651 916 703 948; x_wconf 86' lang='lat' dir='ltr'>edi</span> <span class='ocrx_word' id='word_1_136' title='bbox 718 916 850 955; x_wconf 77' lang='lat' dir='ltr'>jubent3</span> <span class='ocrx_word' id='word_1_137' title='bbox 870 926 942 956; x_wconf 77' lang='lat' dir='ltr'>quae</span> <span class='ocrx_word' id='word_1_138' title='bbox 959 918 1178 950; x_wconf 84' lang='lat' dir='ltr'>ferocissimus</span> <span class='ocrx_word' id='word_1_139' title='bbox 1195 929 1210 950; x_wconf 92' lang='lat' dir='ltr'>e</span> <span class='ocrx_word' id='word_1_140' title='bbox 1227 920 1338 957; x_wconf 64' lang='lat' dir='ltr'>legatis</span> <span class='ocrx_word' id='word_1_141' title='bbox 1353 920 1386 951; x_wconf 90' lang='lat' dir='ltr'>in</span> 
     </span>
     <span class='ocr_line' id='line_1_17' title="bbox 62 965 1383 1006; baseline 0 -8"><span class='ocrx_word' id='word_1_142' title='bbox 62 968 149 999; x_wconf 88' lang='lat' dir='ltr'>hunc</span> <span class='ocrx_word' id='word_1_143' title='bbox 172 967 306 998; x_wconf 90' lang='lat' dir='ltr'>modum</span> <span class='ocrx_word' id='word_1_144' title='bbox 332 966 492 1006; x_wconf 86' lang='lat' dir='ltr'>protulit:</span> <span class='ocrx_word' id='word_1_145' title='bbox 514 979 529 993; x_wconf 84' lang='lat'>«</span> <span class='ocrx_word' id='word_1_146' title='bbox 548 965 684 996; x_wconf 81' lang='lat' dir='ltr'>Redisse</span> <span class='ocrx_word' id='word_1_147' title='bbox 702 973 760 995; x_wconf 79' lang='lat' dir='ltr'>vos</span> <span class='ocrx_word' id='word_1_148' title='bbox 788 965 819 995; x_wconf 90' lang='lat' dir='ltr'>in</span> <span class='ocrx_word' id='word_1_149' title='bbox 838 974 957 1005; x_wconf 86' lang='lat' dir='ltr'>corpus</span> <span class='ocrx_word' id='word_1_150' title='bbox 981 975 1164 1006; x_wconf 84' lang='lat' dir='ltr'>nomenque</span> <span class='ocrx_word' id='word_1_151' title='bbox 1187 969 1383 1005; x_wconf 61' lang='lat' dir='ltr'>Germania),</span> 
     </span>
     <span class='ocr_line' id='line_1_18' title="bbox 63 1012 1385 1055; baseline 0.002 -10"><span class='ocrx_word' id='word_1_152' title='bbox 63 1026 78 1040; x_wconf 77' lang='grc' dir='ltr'>ι</span> <span class='ocrx_word' id='word_1_153' title='bbox 96 1014 327 1045; x_wconf 89' lang='lat' dir='ltr'>communibus</span> <span class='ocrx_word' id='word_1_154' title='bbox 344 1013 412 1044; x_wconf 87' lang='lat' dir='ltr'>deis</span> <span class='ocrx_word' id='word_1_155' title='bbox 433 1015 465 1043; x_wconf 91' lang='lat' dir='ltr'>et</span> <span class='ocrx_word' id='word_1_156' title='bbox 487 1012 651 1052; x_wconf 80' lang='lat' dir='ltr'>praecipno</span> <span class='ocrx_word' id='word_1_157' title='bbox 669 1012 804 1043; x_wconf 80' lang='lat' dir='ltr'>deorum</span> <span class='ocrx_word' id='word_1_158' title='bbox 824 1013 917 1043; x_wconf 80' lang='lat' dir='ltr'>Marti</span> <span class='ocrx_word' id='word_1_159' title='bbox 935 1016 1040 1053; x_wconf 75' lang='lat' dir='ltr'>grates</span> <span class='ocrx_word' id='word_1_160' title='bbox 1064 1015 1208 1053; x_wconf 45' lang='lat' dir='ltr'>aginnum</span> <span class='ocrx_word' id='word_1_161' title='bbox 1227 1015 1385 1055; x_wconf 65' lang='lat' dir='ltr'>vobisque</span> 
     </span>
     <span class='ocr_line' id='line_1_19' title="bbox 64 1060 1385 1101; baseline 0.001 -9"><span class='ocrx_word' id='word_1_162' title='bbox 64 1073 80 1087; x_wconf 86' lang='grc' dir='ltr'>ι</span> <span class='ocrx_word' id='word_1_163' title='bbox 97 1062 299 1101; x_wconf 72' lang='lat' dir='ltr'>gratulamur</span> <span class='ocrx_word' id='word_1_164' title='bbox 317 1060 401 1100; x_wconf 88' lang='lat' dir='ltr'>quod</span> <span class='ocrx_word' id='word_1_165' title='bbox 425 1061 555 1091; x_wconf 85' lang='lat' dir='ltr'>tandem</span> <span class='ocrx_word' id='word_1_166' title='bbox 577 1060 667 1091; x_wconf 88' lang='lat' dir='ltr'>liberi</span> <span class='ocrx_word' id='word_1_167' title='bbox 686 1060 770 1090; x_wconf 87' lang='lat' dir='ltr'>inter</span> <span class='ocrx_word' id='word_1_168' title='bbox 790 1060 905 1091; x_wconf 84' lang='lat' dir='ltr'>liberos</span> <span class='ocrx_word' id='word_1_169' title='bbox 922 1062 1018 1092; x_wconf 86' lang='lat' dir='ltr'>eritis.</span> <span class='ocrx_word' id='word_1_170' title='bbox 1044 1072 1116 1093; x_wconf 83' lang='lat' dir='ltr'>nam</span> <span class='ocrx_word' id='word_1_171' title='bbox 1135 1063 1174 1093; x_wconf 85' lang='lat' dir='ltr'>ad</span> <span class='ocrx_word' id='word_1_172' title='bbox 1193 1063 1280 1093; x_wconf 86' lang='lat' dir='ltr'>hunc</span> <span class='ocrx_word' id='word_1_173' title='bbox 1299 1063 1385 1094; x_wconf 87' lang='lat' dir='ltr'>diem</span> 
     </span>
     <span class='ocr_line' id='line_1_20' title="bbox 64 1107 1387 1148; baseline 0.001 -9"><span class='ocrx_word' id='word_1_174' title='bbox 64 1121 79 1135; x_wconf 73' lang='grc' dir='ltr'><strong><em>κ</em></strong></span> <span class='ocrx_word' id='word_1_175' title='bbox 97 1108 230 1139; x_wconf 82' lang='lat' dir='ltr'>ssumina</span> <span class='ocrx_word' id='word_1_176' title='bbox 251 1117 288 1138; x_wconf 86' lang='lat' dir='ltr'>ac</span> <span class='ocrx_word' id='word_1_177' title='bbox 308 1111 411 1138; x_wconf 79' lang='lat' dir='ltr'>terras</span> <span class='ocrx_word' id='word_1_178' title='bbox 425 1110 457 1137; x_wconf 80' lang='lat' dir='ltr'>et</span> <span class='ocrx_word' id='word_1_179' title='bbox 471 1108 589 1137; x_wconf 70' lang='lat' dir='ltr'>coelum</span> <span class='ocrx_word' id='word_1_180' title='bbox 603 1107 842 1147; x_wconf 82' lang='lat' dir='ltr'>quodammodo</span> <span class='ocrx_word' id='word_1_181' title='bbox 858 1108 962 1148; x_wconf 89' lang='lat' dir='ltr'>ipsum</span> <span class='ocrx_word' id='word_1_182' title='bbox 978 1110 1162 1140; x_wconf 74' lang='lat' dir='ltr'>clauserant</span> <span class='ocrx_word' id='word_1_183' title='bbox 1177 1111 1332 1148; x_wconf 84' lang='lat' dir='ltr'>Romani,</span> <span class='ocrx_word' id='word_1_184' title='bbox 1350 1112 1387 1140; x_wconf 81' lang='lat' dir='ltr'>ut</span> 
     </span>
     <span class='ocr_line' id='line_1_21' title="bbox 64 1156 1386 1195; baseline 0 -8"><span class='ocrx_word' id='word_1_185' title='bbox 64 1168 79 1183; x_wconf 81' lang='grc' dir='ltr'>ι</span> <span class='ocrx_word' id='word_1_186' title='bbox 97 1156 256 1195; x_wconf 86' lang='lat' dir='ltr'>colloquia</span> <span class='ocrx_word' id='word_1_187' title='bbox 271 1163 527 1193; x_wconf 75' lang='lat' dir='ltr'>congressusque</span> <span class='ocrx_word' id='word_1_188' title='bbox 547 1159 675 1184; x_wconf 78' lang='lat' dir='ltr'>nostros</span> <span class='ocrx_word' id='word_1_189' title='bbox 687 1157 851 1192; x_wconf 79' lang='lat' dir='ltr'>arcerent,</span> <span class='ocrx_word' id='word_1_190' title='bbox 872 1156 917 1185; x_wconf 78' lang='lat' dir='ltr'>vel</span> <span class='ocrx_word' id='word_1_191' title='bbox 930 1180 938 1193; x_wconf 92' lang='lat'>,</span> <span class='ocrx_word' id='word_1_192' title='bbox 954 1157 1041 1195; x_wconf 87' lang='lat' dir='ltr'>quod</span> <span class='ocrx_word' id='word_1_193' title='bbox 1057 1158 1323 1188; x_wconf 83' lang='lat' dir='ltr'>contumeliosius</span> <span class='ocrx_word' id='word_1_194' title='bbox 1337 1160 1386 1188; x_wconf 88' lang='lat' dir='ltr'>est</span> 
     </span>
     <span class='ocr_line' id='line_1_22' title="bbox 65 1201 1386 1244; baseline 0 -10"><span class='ocrx_word' id='word_1_195' title='bbox 65 1216 79 1230; x_wconf 73' lang='grc' dir='ltr'><strong>α</strong></span> <span class='ocrx_word' id='word_1_196' title='bbox 97 1203 177 1234; x_wconf 75' lang='lat' dir='ltr'>viris</span> <span class='ocrx_word' id='word_1_197' title='bbox 190 1202 231 1233; x_wconf 87' lang='lat' dir='ltr'>ad</span> <span class='ocrx_word' id='word_1_198' title='bbox 245 1211 332 1233; x_wconf 86' lang='lat' dir='ltr'>arma</span> <span class='ocrx_word' id='word_1_199' title='bbox 346 1202 447 1239; x_wconf 77' lang='lat' dir='ltr'>natis,</span> <span class='ocrx_word' id='word_1_200' title='bbox 468 1201 607 1232; x_wconf 85' lang='lat' dir='ltr'>inermes</span> <span class='ocrx_word' id='word_1_201' title='bbox 623 1211 659 1232; x_wconf 92' lang='lat' dir='ltr'>ac</span> <span class='ocrx_word' id='word_1_202' title='bbox 673 1211 772 1242; x_wconf 84' lang='lat' dir='ltr'>prope</span> <span class='ocrx_word' id='word_1_203' title='bbox 793 1201 882 1231; x_wconf 89' lang='lat' dir='ltr'>nudi¹</span> <span class='ocrx_word' id='word_1_204' title='bbox 903 1203 964 1233; x_wconf 88' lang='lat' dir='ltr'>sul)</span> <span class='ocrx_word' id='word_1_205' title='bbox 979 1205 1113 1235; x_wconf 87' lang='lat' dir='ltr'>custode</span> <span class='ocrx_word' id='word_1_206' title='bbox 1129 1207 1159 1235; x_wconf 84' lang='lat' dir='ltr'>et</span> <span class='ocrx_word' id='word_1_207' title='bbox 1175 1205 1278 1244; x_wconf 86' lang='lat' dir='ltr'>prelio</span> <span class='ocrx_word' id='word_1_208' title='bbox 1291 1203 1302 1221; x_wconf 79' lang='lat'>²</span> <span class='ocrx_word' id='word_1_209' title='bbox 1319 1204 1386 1234; x_wconf 89' lang='lat' dir='ltr'>coi-</span> 
     </span>
     <span class='ocr_line' id='line_1_23' title="bbox 63 1249 1385 1291; baseline -0.001 -9"><span class='ocrx_word' id='word_1_210' title='bbox 63 1264 78 1278; x_wconf 81' lang='lat'><strong>«</strong></span> <span class='ocrx_word' id='word_1_211' title='bbox 98 1260 214 1282; x_wconf 88' lang='lat' dir='ltr'>remus.</span> <span class='ocrx_word' id='word_1_212' title='bbox 230 1251 287 1281; x_wconf 78' lang='lat' dir='ltr'>scd</span> <span class='ocrx_word' id='word_1_213' title='bbox 309 1253 344 1280; x_wconf 91' lang='lat' dir='ltr'>ut</span> <span class='ocrx_word' id='word_1_214' title='bbox 361 1249 502 1280; x_wconf 84' lang='lat' dir='ltr'>amicitia</span> <span class='ocrx_word' id='word_1_215' title='bbox 518 1250 720 1289; x_wconf 79' lang='lat' dir='ltr'>societasque</span> <span class='ocrx_word' id='word_1_216' title='bbox 741 1252 853 1281; x_wconf 86' lang='lat' dir='ltr'>nostra</span> <span class='ocrx_word' id='word_1_217' title='bbox 874 1249 906 1280; x_wconf 90' lang='lat' dir='ltr'>in</span> <span class='ocrx_word' id='word_1_218' title='bbox 928 1253 1085 1282; x_wconf 74' lang='lat' dir='ltr'>aeternum</span> <span class='ocrx_word' id='word_1_219' title='bbox 1106 1254 1174 1282; x_wconf 86' lang='lat' dir='ltr'>rata</span> <span class='ocrx_word' id='word_1_220' title='bbox 1194 1252 1254 1289; x_wconf 86' lang='lat' dir='ltr'>sit,</span> <span class='ocrx_word' id='word_1_221' title='bbox 1272 1253 1385 1291; x_wconf 83' lang='lat' dir='ltr'>postu·</span> 
     </span>
     <span class='ocr_line' id='line_1_24' title="bbox 63 1297 1385 1337; baseline 0 -9"><span class='ocrx_word' id='word_1_222' title='bbox 63 1312 78 1327; x_wconf 79' lang='grc' dir='ltr'>ι</span> <span class='ocrx_word' id='word_1_223' title='bbox 96 1299 199 1330; x_wconf 84' lang='lat' dir='ltr'>lamus</span> <span class='ocrx_word' id='word_1_224' title='bbox 215 1308 233 1329; x_wconf 88' lang='lat' dir='ltr'>a</span> <span class='ocrx_word' id='word_1_225' title='bbox 250 1297 343 1328; x_wconf 72' lang='lat' dir='ltr'>vobis</span> <span class='ocrx_word' id='word_1_226' title='bbox 358 1322 366 1336; x_wconf 89' lang='lat'>,</span> <span class='ocrx_word' id='word_1_227' title='bbox 383 1306 494 1328; x_wconf 86' lang='lat' dir='ltr'>muros</span> <span class='ocrx_word' id='word_1_228' title='bbox 515 1297 667 1337; x_wconf 73' lang='lat' dir='ltr'>coloniae,</span> <span class='ocrx_word' id='word_1_229' title='bbox 686 1298 888 1329; x_wconf 88' lang='lat' dir='ltr'>munimenta</span> <span class='ocrx_word' id='word_1_230' title='bbox 906 1299 1051 1337; x_wconf 68' lang='lat' dir='ltr'>servitii,</span> <span class='ocrx_word' id='word_1_231' title='bbox 1066 1299 1242 1330; x_wconf 83' lang='lat' dir='ltr'>detrahatis</span> <span class='ocrx_word' id='word_1_232' title='bbox 1262 1309 1268 1329; x_wconf 73' lang='grc' dir='ltr'>ε</span> <span class='ocrx_word' id='word_1_233' title='bbox 1289 1298 1385 1329; x_wconf 84' lang='lat' dir='ltr'>etiam</span> 
     </span>
     <span class='ocr_line' id='line_1_25' title="bbox 64 1344 1389 1383; baseline 0.002 -9"><span class='ocrx_word' id='word_1_234' title='bbox 64 1360 78 1374; x_wconf 67' lang='grc' dir='ltr'>ιι</span> <span class='ocrx_word' id='word_1_235' title='bbox 99 1347 166 1377; x_wconf 86' lang='lat' dir='ltr'>sera</span> <span class='ocrx_word' id='word_1_236' title='bbox 182 1345 353 1383; x_wconf 82' lang='lat' dir='ltr'>animalia,</span> <span class='ocrx_word' id='word_1_237' title='bbox 366 1344 391 1375; x_wconf 90' lang='lat' dir='ltr'>si</span> <span class='ocrx_word' id='word_1_238' title='bbox 406 1345 517 1375; x_wconf 80' lang='lat' dir='ltr'>clausa</span> <span class='ocrx_word' id='word_1_239' title='bbox 532 1347 641 1376; x_wconf 80' lang='lat' dir='ltr'>teneas</span> <span class='ocrx_word' id='word_1_240' title='bbox 653 1371 660 1383; x_wconf 83' lang='lat'>‚</span> <span class='ocrx_word' id='word_1_241' title='bbox 677 1346 808 1377; x_wconf 75' lang='lat' dir='ltr'>virtutis</span> <span class='ocrx_word' id='word_1_242' title='bbox 825 1347 1080 1383; x_wconf 74' lang='lat' dir='ltr'>obliviscuntur3</span> <span class='ocrx_word' id='word_1_243' title='bbox 1099 1351 1259 1377; x_wconf 81' lang='lat' dir='ltr'>Romanos</span> <span class='ocrx_word' id='word_1_244' title='bbox 1274 1354 1389 1376; x_wconf 86' lang='lat' dir='ltr'>omnes</span> 
     </span>
     <span class='ocr_line' id='line_1_26' title="bbox 64 1393 1385 1425; baseline -0.002 -1"><span class='ocrx_word' id='word_1_245' title='bbox 64 1407 77 1420; x_wconf 73' lang='lat' dir='ltr'>a</span> <span class='ocrx_word' id='word_1_246' title='bbox 97 1394 129 1424; x_wconf 94' lang='lat' dir='ltr'>in</span> <span class='ocrx_word' id='word_1_247' title='bbox 145 1393 263 1424; x_wconf 76' lang='lat' dir='ltr'>tinibus</span> <span class='ocrx_word' id='word_1_248' title='bbox 280 1393 398 1424; x_wconf 78' lang='lat' dir='ltr'>vesti-is</span> <span class='ocrx_word' id='word_1_249' title='bbox 418 1393 588 1424; x_wconf 83' lang='lat' dir='ltr'>trucidetis</span> <span class='ocrx_word' id='word_1_250' title='bbox 607 1403 614 1424; x_wconf 79' lang='lat' dir='ltr'><em>z</em></span> <span class='ocrx_word' id='word_1_251' title='bbox 636 1394 720 1424; x_wconf 86' lang='lat' dir='ltr'>haud</span> <span class='ocrx_word' id='word_1_252' title='bbox 743 1394 837 1425; x_wconf 81' lang='lat' dir='ltr'>facile</span> <span class='ocrx_word' id='word_1_253' title='bbox 854 1394 988 1425; x_wconf 87' lang='lat' dir='ltr'>libertas</span> <span class='ocrx_word' id='word_1_254' title='bbox 1005 1397 1036 1425; x_wconf 86' lang='lat' dir='ltr'>et</span> <span class='ocrx_word' id='word_1_255' title='bbox 1052 1394 1176 1425; x_wconf 82' lang='lat' dir='ltr'>domini</span> <span class='ocrx_word' id='word_1_256' title='bbox 1195 1394 1385 1424; x_wconf 85' lang='lat' dir='ltr'>miscentur.</span> 
     </span>
     <span class='ocr_line' id='line_1_27' title="bbox 63 1440 1385 1481; baseline 0.002 -12"><span class='ocrx_word' id='word_1_257' title='bbox 63 1455 76 1469; x_wconf 73' lang='grc' dir='ltr'>ι</span> <span class='ocrx_word' id='word_1_258' title='bbox 95 1441 181 1472; x_wconf 84' lang='lat' dir='ltr'>bona</span> <span class='ocrx_word' id='word_1_259' title='bbox 195 1440 437 1470; x_wconf 76' lang='lat' dir='ltr'>interfectorum</span> <span class='ocrx_word' id='word_1_260' title='bbox 454 1440 485 1470; x_wconf 89' lang='lat' dir='ltr'>in</span> <span class='ocrx_word' id='word_1_261' title='bbox 502 1441 646 1471; x_wconf 84' lang='lat' dir='ltr'>medinm</span> <span class='ocrx_word' id='word_1_262' title='bbox 661 1442 796 1481; x_wconf 88' lang='lat' dir='ltr'>cedant,</span> <span class='ocrx_word' id='word_1_263' title='bbox 820 1451 860 1473; x_wconf 91' lang='lat' dir='ltr'>ne</span> <span class='ocrx_word' id='word_1_264' title='bbox 877 1442 953 1481; x_wconf 91' lang='lat' dir='ltr'>quis</span> <span class='ocrx_word' id='word_1_265' title='bbox 970 1442 1115 1472; x_wconf 80' lang='lat' dir='ltr'>occulere</span> <span class='ocrx_word' id='word_1_266' title='bbox 1133 1442 1309 1481; x_wconf 82' lang='lat' dir='ltr'>quicquam</span> <span class='ocrx_word' id='word_1_267' title='bbox 1329 1441 1385 1471; x_wconf 77' lang='lat' dir='ltr'>aut</span> 
     </span>
     <span class='ocr_line' id='line_1_28' title="bbox 62 1489 1386 1528; baseline 0.001 -11"><span class='ocrx_word' id='word_1_268' title='bbox 62 1503 77 1517; x_wconf 70' lang='grc' dir='ltr'>ι</span> <span class='ocrx_word' id='word_1_269' title='bbox 95 1497 259 1527; x_wconf 70' lang='lat' dir='ltr'>segregare</span> <span class='ocrx_word' id='word_1_270' title='bbox 281 1496 413 1518; x_wconf 84' lang='lat' dir='ltr'>causam</span> <span class='ocrx_word' id='word_1_271' title='bbox 431 1497 522 1518; x_wconf 82' lang='lat' dir='ltr'>suam</span> <span class='ocrx_word' id='word_1_272' title='bbox 540 1490 651 1528; x_wconf 79' lang='lat' dir='ltr'>possit.</span> <span class='ocrx_word' id='word_1_273' title='bbox 671 1490 768 1520; x_wconf 83' lang='lat' dir='ltr'>liceat</span> <span class='ocrx_word' id='word_1_274' title='bbox 792 1489 883 1520; x_wconf 85' lang='lat' dir='ltr'>nobis</span> <span class='ocrx_word' id='word_1_275' title='bbox 908 1489 1064 1527; x_wconf 80' lang='lat' dir='ltr'>vobisque</span> <span class='ocrx_word' id='word_1_276' title='bbox 1088 1490 1260 1528; x_wconf 82' lang='lat' dir='ltr'>utramque</span> <span class='ocrx_word' id='word_1_277' title='bbox 1284 1489 1386 1527; x_wconf 85' lang='lat' dir='ltr'>ripam</span> 
     </span>
     <span class='ocr_line' id='line_1_29' title="bbox 63 1535 1386 1576; baseline -0.002 -8"><span class='ocrx_word' id='word_1_278' title='bbox 63 1551 77 1564; x_wconf 79' lang='grc' dir='ltr'>ιι</span> <span class='ocrx_word' id='word_1_279' title='bbox 95 1538 222 1573; x_wconf 85' lang='lat' dir='ltr'>colere,</span> <span class='ocrx_word' id='word_1_280' title='bbox 247 1538 282 1566; x_wconf 83' lang='lat' dir='ltr'>ut</span> <span class='ocrx_word' id='word_1_281' title='bbox 305 1535 379 1566; x_wconf 88' lang='lat' dir='ltr'>olim</span> <span class='ocrx_word' id='word_1_282' title='bbox 404 1536 579 1575; x_wconf 88' lang='lat' dir='ltr'>majoribus</span> <span class='ocrx_word' id='word_1_283' title='bbox 597 1536 727 1567; x_wconf 79' lang='lat' dir='ltr'>nostris.</span> <span class='ocrx_word' id='word_1_284' title='bbox 756 1537 918 1576; x_wconf 88' lang='lat' dir='ltr'>quomodo</span> <span class='ocrx_word' id='word_1_285' title='bbox 941 1537 1047 1567; x_wconf 84' lang='lat' dir='ltr'>lucem</span> <span class='ocrx_word' id='word_1_286' title='bbox 1067 1536 1219 1575; x_wconf 78' lang='lat' dir='ltr'>diemque</span> <span class='ocrx_word' id='word_1_287' title='bbox 1236 1535 1386 1566; x_wconf 85' lang='lat' dir='ltr'>omnibus</span> 
     </span>
     <span class='ocr_line' id='line_1_30' title="bbox 62 1582 1387 1622; baseline 0.001 -10"><span class='ocrx_word' id='word_1_288' title='bbox 62 1598 76 1612; x_wconf 75' lang='grc' dir='ltr'>ι</span> <span class='ocrx_word' id='word_1_289' title='bbox 95 1583 281 1615; x_wconf 87' lang='lat' dir='ltr'>hominibus</span> <span class='ocrx_word' id='word_1_290' title='bbox 293 1606 301 1620; x_wconf 92' lang='lat'><strong>‚</strong></span> <span class='ocrx_word' id='word_1_291' title='bbox 316 1583 361 1613; x_wconf 79' lang='lat' dir='ltr'>ita</span> <span class='ocrx_word' id='word_1_292' title='bbox 375 1592 490 1614; x_wconf 86' lang='lat' dir='ltr'>omnes</span> <span class='ocrx_word' id='word_1_293' title='bbox 507 1587 607 1614; x_wconf 81' lang='lat' dir='ltr'>terras</span> <span class='ocrx_word' id='word_1_294' title='bbox 625 1584 765 1615; x_wconf 83' lang='lat' dir='ltr'>sortibus</span> <span class='ocrx_word' id='word_1_295' title='bbox 784 1585 862 1615; x_wconf 66' lang='lat' dir='ltr'>viris</span> <span class='ocrx_word' id='word_1_296' title='bbox 875 1585 988 1614; x_wconf 84' lang='lat' dir='ltr'>natura</span> <span class='ocrx_word' id='word_1_297' title='bbox 1006 1583 1141 1622; x_wconf 82' lang='lat' dir='ltr'>aperuit.</span> <span class='ocrx_word' id='word_1_298' title='bbox 1161 1583 1308 1614; x_wconf 74' lang='lat' dir='ltr'>instituta</span> <span class='ocrx_word' id='word_1_299' title='bbox 1323 1582 1387 1613; x_wconf 80' lang='lat' dir='ltr'>cul·</span> 
     </span>
     <span class='ocr_line' id='line_1_31' title="bbox 62 1630 1387 1672; baseline 0 -12"><span class='ocrx_word' id='word_1_300' title='bbox 62 1646 76 1660; x_wconf 79' lang='grc' dir='ltr'>ι</span> <span class='ocrx_word' id='word_1_301' title='bbox 94 1635 230 1672; x_wconf 86' lang='lat' dir='ltr'>tumque</span> <span class='ocrx_word' id='word_1_302' title='bbox 246 1630 384 1670; x_wconf 85' lang='lat' dir='ltr'>patrium</span> <span class='ocrx_word' id='word_1_303' title='bbox 400 1632 570 1669; x_wconf 79' lang='lat' dir='ltr'>resumite,</span> <span class='ocrx_word' id='word_1_304' title='bbox 588 1632 736 1671; x_wconf 84' lang='lat' dir='ltr'>abruptis</span> <span class='ocrx_word' id='word_1_305' title='bbox 748 1631 758 1649; x_wconf 75' lang='lat'><strong>³</strong></span> <span class='ocrx_word' id='word_1_306' title='bbox 777 1632 998 1672; x_wconf 75' lang='lat' dir='ltr'>voluptatibus</span> <span class='ocrx_word' id='word_1_307' title='bbox 1009 1656 1017 1670; x_wconf 89' lang='lat'>,</span> <span class='ocrx_word' id='word_1_308' title='bbox 1033 1630 1151 1670; x_wconf 83' lang='lat' dir='ltr'>quibus</span> <span class='ocrx_word' id='word_1_309' title='bbox 1166 1631 1300 1662; x_wconf 85' lang='lat' dir='ltr'>Romani</span> <span class='ocrx_word' id='word_1_310' title='bbox 1314 1631 1387 1670; x_wconf 84' lang='lat' dir='ltr'>plus</span> 
     </span>
     <span class='ocr_line' id='line_1_32' title="bbox 61 1676 1387 1719; baseline 0 -12"><span class='ocrx_word' id='word_1_311' title='bbox 61 1693 76 1707; x_wconf 72' lang='grc' dir='ltr'>ι</span> <span class='ocrx_word' id='word_1_312' title='bbox 95 1680 250 1712; x_wconf 78' lang='lat' dir='ltr'>adversus</span> <span class='ocrx_word' id='word_1_313' title='bbox 265 1677 431 1716; x_wconf 83' lang='lat' dir='ltr'>subjectos</span> <span class='ocrx_word' id='word_1_314' title='bbox 450 1688 547 1719; x_wconf 87' lang='lat' dir='ltr'>quam</span> <span class='ocrx_word' id='word_1_315' title='bbox 567 1680 666 1711; x_wconf 81' lang='lat' dir='ltr'>armis</span> <span class='ocrx_word' id='word_1_316' title='bbox 683 1680 804 1710; x_wconf 81' lang='lat' dir='ltr'>valent.</span> <span class='ocrx_word' id='word_1_317' title='bbox 824 1679 971 1711; x_wconf 85' lang='lat' dir='ltr'>sincerus</span> <span class='ocrx_word' id='word_1_318' title='bbox 987 1682 1019 1710; x_wconf 84' lang='lat' dir='ltr'>et</span> <span class='ocrx_word' id='word_1_319' title='bbox 1038 1679 1160 1718; x_wconf 80' lang='lat' dir='ltr'>integer</span> <span class='ocrx_word' id='word_1_320' title='bbox 1174 1680 1206 1710; x_wconf 85' lang='lat' dir='ltr'>et</span> <span class='ocrx_word' id='word_1_321' title='bbox 1219 1676 1387 1709; x_wconf 75' lang='lat' dir='ltr'>servitutis</span> 
     </span>
     <span class='ocr_line' id='line_1_33' title="bbox 61 1726 1158 1767; baseline -0.001 -9"><span class='ocrx_word' id='word_1_322' title='bbox 61 1741 76 1755; x_wconf 82' lang='grc' dir='ltr'>ι</span> <span class='ocrx_word' id='word_1_323' title='bbox 96 1727 216 1758; x_wconf 87' lang='lat' dir='ltr'>oblitus</span> <span class='ocrx_word' id='word_1_324' title='bbox 229 1726 366 1765; x_wconf 86' lang='lat' dir='ltr'>populus</span> <span class='ocrx_word' id='word_1_325' title='bbox 381 1728 435 1756; x_wconf 88' lang='lat' dir='ltr'>aut</span> <span class='ocrx_word' id='word_1_326' title='bbox 448 1736 486 1758; x_wconf 83' lang='lat' dir='ltr'>ex</span> <span class='ocrx_word' id='word_1_327' title='bbox 501 1735 597 1766; x_wconf 60' lang='lat' dir='ltr'>{equo</span> <span class='ocrx_word' id='word_1_328' title='bbox 611 1728 710 1767; x_wconf 79' lang='lat' dir='ltr'>agetis</span> <span class='ocrx_word' id='word_1_329' title='bbox 725 1729 782 1759; x_wconf 82' lang='lat' dir='ltr'>aut</span> <span class='ocrx_word' id='word_1_330' title='bbox 799 1727 869 1759; x_wconf 87' lang='lat' dir='ltr'>aliis</span> <span class='ocrx_word' id='word_1_331' title='bbox 886 1726 1125 1767; x_wconf 82' lang='lat' dir='ltr'>impcritabitis.</span> <span class='ocrx_word' id='word_1_332' title='bbox 1144 1739 1158 1753; x_wconf 68' lang='grc' dir='ltr'><strong>υ</strong></span> 
     </span>
    </p>

    <p class='ocr_par' dir='ltr' id='par_1_5' title="bbox 60 1771 1388 2238">
     <span class='ocr_line' id='line_1_34' title="bbox 100 1771 1388 1813; baseline -0.002 -9"><span class='ocrx_word' id='word_1_333' title='bbox 100 1776 188 1804; x_wconf 85' lang='lat' dir='ltr'>LXV.</span> <span class='ocrx_word' id='word_1_334' title='bbox 214 1772 463 1811; x_wconf 72' lang='lat' dir='ltr'>Agrippinenses</span> <span class='ocrx_word' id='word_1_335' title='bbox 489 1775 618 1812; x_wconf 91' lang='lat' dir='ltr'>sumpto</span> <span class='ocrx_word' id='word_1_336' title='bbox 641 1774 847 1804; x_wconf 85' lang='lat' dir='ltr'>consultandi</span> <span class='ocrx_word' id='word_1_337' title='bbox 871 1775 978 1813; x_wconf 85' lang='lat' dir='ltr'>spatio</span> <span class='ocrx_word' id='word_1_338' title='bbox 1002 1774 1132 1813; x_wconf 89' lang='lat' dir='ltr'>quando</span> <span class='ocrx_word' id='word_1_339' title='bbox 1155 1782 1258 1812; x_wconf 82' lang='lat' dir='ltr'>neque</span> <span class='ocrx_word' id='word_1_340' title='bbox 1279 1771 1388 1803; x_wconf 87' lang='lat' dir='ltr'>subire</span> 
     </span>
     <span class='ocr_line' id='line_1_35' title="bbox 60 1820 1386 1861; baseline -0.002 -9"><span class='ocrx_word' id='word_1_341' title='bbox 60 1821 260 1852; x_wconf 83' lang='lat' dir='ltr'>conditiones</span> <span class='ocrx_word' id='word_1_342' title='bbox 275 1822 379 1850; x_wconf 84' lang='lat' dir='ltr'>metus</span> <span class='ocrx_word' id='word_1_343' title='bbox 395 1820 506 1858; x_wconf 72' lang='lat' dir='ltr'>futuri,</span> <span class='ocrx_word' id='word_1_344' title='bbox 522 1829 626 1859; x_wconf 85' lang='lat' dir='ltr'>neque</span> <span class='ocrx_word' id='word_1_345' title='bbox 641 1821 745 1860; x_wconf 80' lang='lat' dir='ltr'>palam</span> <span class='ocrx_word' id='word_1_346' title='bbox 759 1821 922 1859; x_wconf 82' lang='lat' dir='ltr'>aspernari</span> <span class='ocrx_word' id='word_1_347' title='bbox 937 1822 1079 1852; x_wconf 80' lang='lat' dir='ltr'>conditio</span> <span class='ocrx_word' id='word_1_348' title='bbox 1093 1830 1235 1861; x_wconf 55' lang='lat' dir='ltr'>praesens</span> <span class='ocrx_word' id='word_1_349' title='bbox 1248 1820 1386 1858; x_wconf 86' lang='lat' dir='ltr'>sinebat,</span> 
     </span>
     <span class='ocr_line' id='line_1_36' title="bbox 61 1865 1386 1906; baseline -0.002 -7"><span class='ocrx_word' id='word_1_350' title='bbox 61 1870 92 1900; x_wconf 82' lang='lat' dir='ltr'>ln</span> <span class='ocrx_word' id='word_1_351' title='bbox 114 1867 200 1898; x_wconf 87' lang='lat' dir='ltr'>hunc</span> <span class='ocrx_word' id='word_1_352' title='bbox 224 1866 355 1897; x_wconf 90' lang='lat' dir='ltr'>modum</span> <span class='ocrx_word' id='word_1_353' title='bbox 380 1865 600 1906; x_wconf 82' lang='lat' dir='ltr'>respondent:</span> <span class='ocrx_word' id='word_1_354' title='bbox 620 1880 634 1891; x_wconf 85' lang='lat'>«</span> <span class='ocrx_word' id='word_1_355' title='bbox 651 1870 731 1904; x_wconf 78' lang='lat' dir='ltr'>Quae</span> <span class='ocrx_word' id='word_1_356' title='bbox 755 1867 860 1906; x_wconf 85' lang='lat' dir='ltr'>prima</span> <span class='ocrx_word' id='word_1_357' title='bbox 876 1866 1037 1897; x_wconf 86' lang='lat' dir='ltr'>libertatis</span> <span class='ocrx_word' id='word_1_358' title='bbox 1059 1868 1195 1898; x_wconf 72' lang='lat' dir='ltr'>facultas</span> <span class='ocrx_word' id='word_1_359' title='bbox 1217 1868 1291 1898; x_wconf 84' lang='lat' dir='ltr'>(lata</span> <span class='ocrx_word' id='word_1_360' title='bbox 1317 1870 1386 1905; x_wconf 86' lang='lat' dir='ltr'>est,</span> 
     </span>
     <span class='ocr_line' id='line_1_37' title="bbox 63 1913 1387 1953; baseline -0.001 -8"><span class='ocrx_word' id='word_1_361' title='bbox 63 1928 77 1942; x_wconf 76' lang='grc' dir='ltr'>ι</span> <span class='ocrx_word' id='word_1_362' title='bbox 95 1914 222 1945; x_wconf 78' lang='lat' dir='ltr'>avidius</span> <span class='ocrx_word' id='word_1_363' title='bbox 246 1923 343 1953; x_wconf 84' lang='lat' dir='ltr'>quam</span> <span class='ocrx_word' id='word_1_364' title='bbox 371 1913 500 1944; x_wconf 89' lang='lat' dir='ltr'>cautius</span> <span class='ocrx_word' id='word_1_365' title='bbox 516 1913 714 1952; x_wconf 84' lang='lat' dir='ltr'>sumpsimus</span> <span class='ocrx_word' id='word_1_366' title='bbox 728 1937 736 1950; x_wconf 92' lang='lat'>,</span> <span class='ocrx_word' id='word_1_367' title='bbox 754 1916 790 1944; x_wconf 84' lang='lat' dir='ltr'>ut</span> <span class='ocrx_word' id='word_1_368' title='bbox 808 1914 901 1944; x_wconf 79' lang='lat' dir='ltr'>vobis</span> <span class='ocrx_word' id='word_1_369' title='bbox 926 1915 1104 1953; x_wconf 88' lang='lat' dir='ltr'>ceterisque</span> <span class='ocrx_word' id='word_1_370' title='bbox 1121 1914 1286 1945; x_wconf 79' lang='lat' dir='ltr'>Germanis</span> <span class='ocrx_word' id='word_1_371' title='bbox 1308 1924 1387 1945; x_wconf 87' lang='lat' dir='ltr'>con-</span> 
     </span>
     <span class='ocr_line' id='line_1_38' title="bbox 62 1960 1386 2001; baseline 0 -9"><span class='ocrx_word' id='word_1_372' title='bbox 62 1975 76 1988; x_wconf 89' lang='grc' dir='ltr'>ι</span> <span class='ocrx_word' id='word_1_373' title='bbox 95 1961 279 2001; x_wconf 73' lang='lat' dir='ltr'>sanguineis</span> <span class='ocrx_word' id='word_1_374' title='bbox 294 1960 641 2000; x_wconf 81' lang='lat' dir='ltr'>nostrisjungeremur.</span> <span class='ocrx_word' id='word_1_375' title='bbox 661 1969 772 1992; x_wconf 85' lang='lat' dir='ltr'>muros</span> <span class='ocrx_word' id='word_1_376' title='bbox 789 1961 947 1999; x_wconf 85' lang='lat' dir='ltr'>civitatis,</span> <span class='ocrx_word' id='word_1_377' title='bbox 967 1962 1234 2001; x_wconf 76' lang='lat' dir='ltr'>congregantibus</span> <span class='ocrx_word' id='word_1_378' title='bbox 1248 1971 1281 1992; x_wconf 84' lang='lat' dir='ltr'>se</span> <span class='ocrx_word' id='word_1_379' title='bbox 1299 1971 1386 1993; x_wconf 86' lang='lat' dir='ltr'>cum-</span> 
     </span>
     <span class='ocr_line' id='line_1_39' title="bbox 62 2008 1383 2048; baseline 0.002 -10"><span class='ocrx_word' id='word_1_380' title='bbox 62 2020 76 2034; x_wconf 81' lang='lat'>·</span> <span class='ocrx_word' id='word_1_381' title='bbox 96 2008 238 2039; x_wconf 85' lang='lat' dir='ltr'>maxime</span> <span class='ocrx_word' id='word_1_382' title='bbox 251 2012 473 2039; x_wconf 86' lang='lat' dir='ltr'>Romanorum</span> <span class='ocrx_word' id='word_1_383' title='bbox 489 2008 702 2046; x_wconf 85' lang='lat' dir='ltr'>exercitibus,</span> <span class='ocrx_word' id='word_1_384' title='bbox 718 2017 833 2047; x_wconf 81' lang='lat' dir='ltr'>augere</span> <span class='ocrx_word' id='word_1_385' title='bbox 847 2008 939 2039; x_wconf 88' lang='lat' dir='ltr'>nobis</span> <span class='ocrx_word' id='word_1_386' title='bbox 952 2018 1050 2048; x_wconf 80' lang='lat' dir='ltr'>quam</span> <span class='ocrx_word' id='word_1_387' title='bbox 1067 2009 1195 2040; x_wconf 86' lang='lat' dir='ltr'>diruere</span> <span class='ocrx_word' id='word_1_388' title='bbox 1209 2010 1311 2041; x_wconf 82' lang='lat' dir='ltr'>tutius</span> <span class='ocrx_word' id='word_1_389' title='bbox 1326 2013 1383 2041; x_wconf 85' lang='lat' dir='ltr'>est.</span> 
     </span>
     <span class='ocr_line' id='line_1_40' title="bbox 62 2055 1387 2095; baseline 0.001 -9"><span class='ocrx_word' id='word_1_390' title='bbox 62 2067 77 2082; x_wconf 76' lang='grc' dir='ltr'>ι</span> <span class='ocrx_word' id='word_1_391' title='bbox 95 2055 120 2086; x_wconf 89' lang='lat' dir='ltr'>si</span> <span class='ocrx_word' id='word_1_392' title='bbox 136 2055 192 2095; x_wconf 87' lang='lat' dir='ltr'>qui</span> <span class='ocrx_word' id='word_1_393' title='bbox 209 2064 246 2086; x_wconf 75' lang='lat' dir='ltr'>ex</span> <span class='ocrx_word' id='word_1_394' title='bbox 266 2055 359 2086; x_wconf 82' lang='lat' dir='ltr'>Italia</span> <span class='ocrx_word' id='word_1_395' title='bbox 377 2058 434 2086; x_wconf 88' lang='lat' dir='ltr'>aut</span> <span class='ocrx_word' id='word_1_396' title='bbox 454 2055 632 2094; x_wconf 87' lang='lat' dir='ltr'>provinciis</span> <span class='ocrx_word' id='word_1_397' title='bbox 647 2055 836 2095; x_wconf 80' lang='lat' dir='ltr'>alienigenae</span> <span class='ocrx_word' id='word_1_398' title='bbox 852 2056 884 2086; x_wconf 88' lang='lat' dir='ltr'>in</span> <span class='ocrx_word' id='word_1_399' title='bbox 899 2056 1018 2087; x_wconf 82' lang='lat' dir='ltr'>finibus</span> <span class='ocrx_word' id='word_1_400' title='bbox 1032 2057 1150 2087; x_wconf 89' lang='lat' dir='ltr'>nostris</span> <span class='ocrx_word' id='word_1_401' title='bbox 1165 2057 1292 2087; x_wconf 82' lang='lat' dir='ltr'>fuerant</span> <span class='ocrx_word' id='word_1_402' title='bbox 1304 2081 1312 2094; x_wconf 89' lang='lat'>,</span> <span class='ocrx_word' id='word_1_403' title='bbox 1330 2066 1387 2088; x_wconf 83' lang='lat' dir='ltr'>eos</span> 
     </span>
     <span class='ocr_line' id='line_1_41' title="bbox 61 2101 1386 2142; baseline 0.002 -10"><span class='ocrx_word' id='word_1_404' title='bbox 61 2114 77 2128; x_wconf 73' lang='grc' dir='ltr'>ι</span> <span class='ocrx_word' id='word_1_405' title='bbox 95 2101 212 2133; x_wconf 89' lang='lat' dir='ltr'>bellum</span> <span class='ocrx_word' id='word_1_406' title='bbox 226 2102 423 2141; x_wconf 79' lang='lat' dir='ltr'>absumpsit,</span> <span class='ocrx_word' id='word_1_407' title='bbox 441 2102 491 2132; x_wconf 79' lang='lat' dir='ltr'>vel</span> <span class='ocrx_word' id='word_1_408' title='bbox 509 2102 541 2132; x_wconf 91' lang='lat' dir='ltr'>in</span> <span class='ocrx_word' id='word_1_409' title='bbox 555 2110 630 2133; x_wconf 85' lang='lat' dir='ltr'>suas</span> <span class='ocrx_word' id='word_1_410' title='bbox 645 2102 782 2142; x_wconf 86' lang='lat' dir='ltr'>quisque</span> <span class='ocrx_word' id='word_1_411' title='bbox 795 2103 886 2134; x_wconf 84' lang='lat' dir='ltr'>sedes</span> <span class='ocrx_word' id='word_1_412' title='bbox 903 2104 1058 2142; x_wconf 66' lang='lat' dir='ltr'>refugere.</span> <span class='ocrx_word' id='word_1_413' title='bbox 1074 2103 1221 2134; x_wconf 82' lang='lat' dir='ltr'>deductis</span> <span class='ocrx_word' id='word_1_414' title='bbox 1238 2105 1314 2135; x_wconf 86' lang='lat' dir='ltr'>olim</span> <span class='ocrx_word' id='word_1_415' title='bbox 1328 2106 1334 2122; x_wconf 93' lang='lat'>¹</span> <span class='ocrx_word' id='word_1_416' title='bbox 1353 2107 1386 2136; x_wconf 77' lang='lat' dir='ltr'>et</span> 
     </span>
     <span class='ocr_line' id='line_1_42' title="bbox 62 2148 1385 2190; baseline 0.001 -11"><span class='ocrx_word' id='word_1_417' title='bbox 62 2160 77 2174; x_wconf 70' lang='grc' dir='ltr'><strong>α</strong></span> <span class='ocrx_word' id='word_1_418' title='bbox 96 2149 265 2179; x_wconf 89' lang='lat' dir='ltr'>nobiscum</span> <span class='ocrx_word' id='word_1_419' title='bbox 284 2157 339 2188; x_wconf 84' lang='lat' dir='ltr'>per</span> <span class='ocrx_word' id='word_1_420' title='bbox 356 2148 557 2179; x_wconf 89' lang='lat' dir='ltr'>connubium</span> <span class='ocrx_word' id='word_1_421' title='bbox 574 2149 728 2188; x_wconf 87' lang='lat' dir='ltr'>sociatis,</span> <span class='ocrx_word' id='word_1_422' title='bbox 748 2149 869 2189; x_wconf 87' lang='lat' dir='ltr'>quique</span> <span class='ocrx_word' id='word_1_423' title='bbox 892 2158 966 2180; x_wconf 86' lang='lat' dir='ltr'>mox</span> <span class='ocrx_word' id='word_1_424' title='bbox 986 2159 1176 2189; x_wconf 85' lang='lat' dir='ltr'>provenere,</span> <span class='ocrx_word' id='word_1_425' title='bbox 1197 2151 1265 2181; x_wconf 75' lang='lat' dir='ltr'>haec</span> <span class='ocrx_word' id='word_1_426' title='bbox 1282 2151 1385 2190; x_wconf 82' lang='lat' dir='ltr'>patria</span> 
     </span>
     <span class='ocr_line' id='line_1_43' title="bbox 65 2195 1384 2238; baseline 0.002 -12"><span class='ocrx_word' id='word_1_427' title='bbox 65 2206 78 2220; x_wconf 81' lang='grc' dir='ltr'>ι</span> <span class='ocrx_word' id='word_1_428' title='bbox 97 2197 162 2235; x_wconf 84' lang='lat' dir='ltr'>cst3</span> <span class='ocrx_word' id='word_1_429' title='bbox 183 2204 241 2227; x_wconf 87' lang='lat' dir='ltr'>neo</span> <span class='ocrx_word' id='word_1_430' title='bbox 263 2205 319 2227; x_wconf 68' lang='lat' dir='ltr'>vos</span> <span class='ocrx_word' id='word_1_431' title='bbox 344 2195 425 2227; x_wconf 90' lang='lat' dir='ltr'>adeo</span> <span class='ocrx_word' id='word_1_432' title='bbox 448 2195 578 2236; x_wconf 87' lang='lat' dir='ltr'>iniquos</span> <span class='ocrx_word' id='word_1_433' title='bbox 600 2196 826 2228; x_wconf 82' lang='lat' dir='ltr'>existimamus</span> <span class='ocrx_word' id='word_1_434' title='bbox 846 2199 882 2228; x_wconf 80' lang='lat' dir='ltr'>ut</span> <span class='ocrx_word' id='word_1_435' title='bbox 901 2197 1038 2229; x_wconf 86' lang='lat' dir='ltr'>interfici</span> <span class='ocrx_word' id='word_1_436' title='bbox 1064 2208 1082 2229; x_wconf 85' lang='lat' dir='ltr'>a</span> <span class='ocrx_word' id='word_1_437' title='bbox 1103 2198 1196 2229; x_wconf 90' lang='lat' dir='ltr'>nobis</span> <span class='ocrx_word' id='word_1_438' title='bbox 1214 2201 1361 2238; x_wconf 69' lang='lat' dir='ltr'>parentes</span> <span class='ocrx_word' id='word_1_439' title='bbox 1375 2221 1384 2236; x_wconf 92' lang='lat'>,</span> 
     </span>
    </p>
   </div>
   <div class='ocr_carea' id='block_1_3' title="bbox 63 2299 1384 2399">
    <p class='ocr_par' dir='ltr' id='par_1_6' title="bbox 63 2299 1384 2399">
     <span class='ocr_line' id='line_1_44' title="bbox 92 2299 1384 2332; baseline 0.004 -10"><span class='ocrx_word' id='word_1_440' title='bbox 92 2299 176 2322; x_wconf 58' lang='lat' dir='ltr'>LXIV</span> <span class='ocrx_word' id='word_1_441' title='bbox 193 2304 211 2322; x_wconf 75' lang='lat'>¹.</span> <span class='ocrx_word' id='word_1_442' title='bbox 230 2299 296 2323; x_wconf 80' lang='lat' dir='ltr'>Nam</span> <span class='ocrx_word' id='word_1_443' title='bbox 311 2301 436 2324; x_wconf 81' lang='lat' dir='ltr'>Germani</span> <span class='ocrx_word' id='word_1_444' title='bbox 450 2310 464 2320; x_wconf 80' lang='lat' dir='ltr'>u</span> <span class='ocrx_word' id='word_1_445' title='bbox 475 2301 540 2325; x_wconf 84' lang='lat' dir='ltr'>nihil</span> <span class='ocrx_word' id='word_1_446' title='bbox 557 2306 644 2330; x_wconf 85' lang='lat' dir='ltr'>neque</span> <span class='ocrx_word' id='word_1_447' title='bbox 658 2301 773 2331; x_wconf 77' lang='lat' dir='ltr'>publicae</span> <span class='ocrx_word' id='word_1_448' title='bbox 788 2308 876 2332; x_wconf 85' lang='lat' dir='ltr'>neque</span> <span class='ocrx_word' id='word_1_449' title='bbox 889 2303 1001 2331; x_wconf 80' lang='lat' dir='ltr'>privatae</span> <span class='ocrx_word' id='word_1_450' title='bbox 1020 2304 1059 2326; x_wconf 87' lang='lat' dir='ltr'>rei</span> <span class='ocrx_word' id='word_1_451' title='bbox 1082 2303 1132 2326; x_wconf 73' lang='lat' dir='ltr'>nisi</span> <span class='ocrx_word' id='word_1_452' title='bbox 1150 2303 1247 2326; x_wconf 77' lang='lat' dir='ltr'>armati</span> <span class='ocrx_word' id='word_1_453' title='bbox 1264 2305 1357 2329; x_wconf 62' lang='lat' dir='ltr'>agunt.</span> <span class='ocrx_word' id='word_1_454' title='bbox 1371 2314 1384 2324; x_wconf 66' lang='grc' dir='ltr'><strong>υ</strong></span> 
     </span>
     <span class='ocr_line' id='line_1_45' title="bbox 64 2334 1383 2366; baseline 0.003 -9"><span class='ocrx_word' id='word_1_455' title='bbox 64 2334 157 2357; x_wconf 83' lang='lat' dir='ltr'>Germ.</span> <span class='ocrx_word' id='word_1_456' title='bbox 170 2340 193 2357; x_wconf 93' lang='lat' dir='ltr'>c.</span> <span class='ocrx_word' id='word_1_457' title='bbox 207 2340 312 2358; x_wconf 46' lang='grc' dir='ltr'>εἵη-ι».</span> <span class='ocrx_word' id='word_1_458' title='bbox 327 2336 359 2360; x_wconf 75' lang='lat' dir='ltr'>Ut</span> <span class='ocrx_word' id='word_1_459' title='bbox 376 2337 530 2365; x_wconf 73' lang='lat' dir='ltr'>vectigales.</span> <span class='ocrx_word' id='word_1_460' title='bbox 550 2338 624 2361; x_wconf 71' lang='lat' dir='ltr'>(lons.</span> <span class='ocrx_word' id='word_1_461' title='bbox 639 2344 697 2366; x_wconf 76' lang='lat' dir='ltr'>cap.</span> <span class='ocrx_word' id='word_1_462' title='bbox 711 2344 766 2366; x_wconf 73' lang='lat' dir='ltr'>seq.</span> <span class='ocrx_word' id='word_1_463' title='bbox 782 2351 809 2354; x_wconf 97' lang='lat'><strong>—</strong></span> <span class='ocrx_word' id='word_1_464' title='bbox 822 2344 843 2361; x_wconf 75' lang='lat'>3.</span> <span class='ocrx_word' id='word_1_465' title='bbox 859 2340 924 2361; x_wconf 76' lang='lat' dir='ltr'>cuin</span> <span class='ocrx_word' id='word_1_466' title='bbox 945 2339 1074 2362; x_wconf 69' lang='lat' dir='ltr'>violentia</span> <span class='ocrx_word' id='word_1_467' title='bbox 1089 2339 1217 2362; x_wconf 71' lang='lat' dir='ltr'>remotis.</span> <span class='ocrx_word' id='word_1_468' title='bbox 1236 2340 1264 2361; x_wconf 85' lang='lat' dir='ltr'>ut</span> <span class='ocrx_word' id='word_1_469' title='bbox 1283 2338 1317 2366; x_wconf 88' lang='lat' dir='ltr'>ll,</span> <span class='ocrx_word' id='word_1_470' title='bbox 1335 2344 1362 2361; x_wconf 72' lang='lat'>53</span> <span class='ocrx_word' id='word_1_471' title='bbox 1377 2345 1383 2361; x_wconf 88' lang='lat'>:</span> 
     </span>
     <span class='ocr_line' id='line_1_46' title="bbox 63 2369 818 2399; baseline 0.001 -6"><span class='ocrx_word' id='word_1_472' title='bbox 63 2369 197 2398; x_wconf 77' lang='lat' dir='ltr'>abruptis</span> <span class='ocrx_word' id='word_1_473' title='bbox 210 2370 274 2393; x_wconf 70' lang='lat' dir='ltr'>vila·</span> <span class='ocrx_word' id='word_1_474' title='bbox 288 2370 498 2399; x_wconf 74' lang='lat' dir='ltr'>blandimentis,</span> <span class='ocrx_word' id='word_1_475' title='bbox 513 2372 546 2395; x_wconf 86' lang='lat' dir='ltr'>dc</span> <span class='ocrx_word' id='word_1_476' title='bbox 560 2372 662 2396; x_wconf 87' lang='lat' dir='ltr'>Othone</span> <span class='ocrx_word' id='word_1_477' title='bbox 679 2374 818 2396; x_wconf 85' lang='lat' dir='ltr'>morituro.</span> 
     </span>
    </p>
   </div>
   <div class='ocr_carea' id='block_1_4' title="bbox 90 2405 1383 2438">
    <p class='ocr_par' dir='ltr' id='par_1_7' title="bbox 90 2405 1383 2438">
     <span class='ocr_line' id='line_1_47' title="bbox 90 2405 1383 2438; baseline 0.002 -9"><span class='ocrx_word' id='word_1_478' title='bbox 90 2405 167 2430; x_wconf 77' lang='lat' dir='ltr'>LXV.</span> <span class='ocrx_word' id='word_1_479' title='bbox 186 2410 207 2429; x_wconf 71' lang='grc' dir='ltr'>ι.</span> <span class='ocrx_word' id='word_1_480' title='bbox 222 2406 351 2429; x_wconf 74' lang='lat' dir='ltr'>Romanos</span> <span class='ocrx_word' id='word_1_481' title='bbox 364 2405 430 2430; x_wconf 70' lang='lat' dir='ltr'>&lt;ficit</span> <span class='ocrx_word' id='word_1_482' title='bbox 442 2407 505 2430; x_wconf 84' lang='lat' dir='ltr'>oliin</span> <span class='ocrx_word' id='word_1_483' title='bbox 518 2408 545 2431; x_wconf 87' lang='lat' dir='ltr'>in</span> <span class='ocrx_word' id='word_1_484' title='bbox 559 2408 629 2431; x_wconf 79' lang='lat' dir='ltr'>hanc</span> <span class='ocrx_word' id='word_1_485' title='bbox 643 2409 776 2432; x_wconf 76' lang='lat' dir='ltr'>coloniam</span> <span class='ocrx_word' id='word_1_486' title='bbox 791 2409 1012 2438; x_wconf 75' lang='lat' dir='ltr'>Agrippinensem</span> <span class='ocrx_word' id='word_1_487' title='bbox 1024 2409 1193 2433; x_wconf 83' lang='lat' dir='ltr'>condendam</span> <span class='ocrx_word' id='word_1_488' title='bbox 1214 2408 1383 2431; x_wconf 83' lang='lat' dir='ltr'>deductos.—</span> 
     </span>
    </p>
   </div>
  </div>
 </body>
</html>
