1539 2668
498 192 536 222 A.
560 193 600 223 U.
625 194 660 223 C.
685 193 757 223 778.
785 194 817 223 A.
841 195 876 224 C.
897 195 948 224 25.
1325 198 1384 229 107

60 266 322 307 rat,absolvitur,
335 267 499 307 comperto
512 266 603 298 ficta⁴
618 267 650 298 in
665 276 738 299 eum
749 268 882 300 erimina
893 278 950 309 per
959 269 1088 300 Vibium
1102 273 1267 303 Serenum.
1281 281 1385 314 neque

62 317 171 345 tamen
183 314 217 345 id
230 317 345 345 Sereno
360 322 453 345 noxae
473 314 549 353 fuit,
566 323 661 354 quem
675 315 786 347 odium
800 316 964 356 publicum
979 317 1132 349 tutiorem
1149 318 1292 351 faciebat.
1310 329 1385 353 nam

61 363 100 393 ut
119 362 191 402 quis
205 361 382 393 districtior
397 361 408 379 ⁵
427 363 607 401 accusator,
632 362 722 394 velut
743 366 967 395 sacrosanctus
991 366 1083 396 erat:
1100 364 1207 405 leves,
1232 366 1386 406 ignobiles

61 410 164 449 pinnis
183 408 412 440 afficiebantur.

104 459 252 488 XXXVII.
272 459 329 486 Per
349 455 433 486 idem
447 455 575 495 tempus
591 455 743 496 Hispania
763 456 906 498 ulterior,
925 458 1030 490 missis
1040 457 1080 490 ad
1094 460 1242 491 senatum
1261 460 1387 502 legatis,

59 504 186 543 oravit,
203 505 243 535 ut
256 503 412 542 exemplo
425 504 513 534 Asiae
530 503 536 519 ¹
557 502 744 535 delubrum
763 504 890 535 Tiberio
903 507 1078 546 matrique
1091 506 1162 545 ejus
1178 509 1387 539 exstrueret.

61 559 127 591 qua
139 550 307 582 occasione
326 553 444 589 Caesar,
463 549 588 581 validus
600 550 720 591 alioqui
731 551 917 591 spernendis
933 553 1128 593 honoribus,
1145 556 1177 586 et
1191 555 1388 595 responden-

62 599 142 630 dum
155 599 244 628 ratus
260 597 300 628 iis
317 606 454 637 quorum
472 606 601 629 rumore
617 598 810 638 arguebatur
826 601 861 630 in
879 600 1100 632 ambitionem
1109 600 1264 641 flexisse,
1281 602 1392 641 hujus-

59 645 189 676 cemodi
219 645 399 676 orationem
427 645 534 684 coepit.
561 645 683 685 «Scio,
707 647 814 677 Patres
837 647 1027 686 conscripti,
1053 649 1265 680 constantiam
1284 658 1390 681 meam

63 705 80 719 «
100 701 119 724 a
134 691 294 732 plerisque
317 692 549 728 desideratam,
576 692 662 732 quod
684 693 767 724 Asiae
788 693 976 725 civitatibus
988 717 996 731 ,
1014 703 1117 734 nuper
1135 696 1322 727 idemistud
1338 705 1391 737 pe-

63 753 80 767 «
98 739 263 777 tentibus,
291 748 353 770 non
382 740 444 770 sim
461 740 661 771 adversatus.
692 749 767 779 ergo
784 743 815 772 et
829 741 944 781 prioris
961 742 1078 773 silentii
1097 742 1334 782 defensionem,
1359 745 1392 773 et

63 799 80 814 «
101 786 181 827 quid
198 787 229 817 in
254 787 401 817 futurum
420 787 608 827 statuerim,
626 788 722 819 simul
736 787 890 828 aperiam.
910 797 1011 828 quum
1034 789 1131 820 divus
1144 792 1306 829 Augustus
1330 789 1393 821 sibi

62 846 79 860 «ι
98 838 193 875 atque
210 833 282 864 urbi
298 837 409 865 Romae
428 834 587 874 templum
603 835 687 874 apud
707 837 898 874 Pergamum
917 835 987 865 sisti
1006 845 1068 866 non
1083 837 1311 877 prohibuisset,
1332 837 1389 877 qui

64 894 80 908 α
97 882 205 913 omnia
221 881 306 912 sacta
322 881 471 922 dictaque
484 881 553 921 ejus
570 882 640 913 vice
653 882 731 921 legis
749 882 918 913 observem
929 906 937 921 ,
961 882 1112 922 placitum
1125 883 1191 922 jam
1205 884 1390 924 exemplum

65 941 80 955 a
97 929 278 969 promptius
293 929 424 960 secutus
440 937 512 959 sum
523 953 532 969 ,
550 929 626 969 qnia
641 929 743 960 cultui
767 938 839 960 meo
859 930 1027 960 veneratio
1053 932 1185 962 senatus
1198 931 1392 971 adjungeba-

62 989 80 1003 «ι
97 978 161 1007 tur.
181 978 322 1007 ceterum
340 978 376 1007 ut
394 976 492 1007 semel
509 976 669 1016 recepisse
682 976 811 1008 veniam
829 976 1042 1016 habuerit,ita
1058 986 1115 1017 per
1128 986 1240 1009 omnes
1259 980 1391 1018 provin-

63 1040 78 1054 α
98 1026 163 1058 cias
175 1026 278 1066 effigie
289 1026 460 1057 numinum
473 1026 589 1057 sacrari
601 1026 810 1058 ambitiosum
821 1050 829 1065 ,
841 1026 1038 1066 superbum:
1054 1030 1085 1058 et
1094 1028 1243 1059 vanescet
1255 1028 1391 1067 Augusti

63 1088 80 1102 «ι
99 1075 213 1113 honor,
227 1075 253 1104 si
268 1074 459 1114 promiscuis
476 1073 717 1105 adulationibus
733 1074 893 1114 vulgatur.

103 1125 268 1152 XXXVIII.
288 1134 303 1147 «
320 1124 384 1160 Ego
399 1130 466 1159 me,
482 1123 592 1152 Patres
607 1121 781 1161 conscripti
795 1146 802 1159 ,
819 1121 986 1152 mortalem
1004 1130 1072 1152 esse
1091 1122 1123 1152 et
1139 1121 1309 1153 hominum
1324 1124 1392 1153 osli-

65 1180 80 1194 «
100 1167 150 1198 cia
168 1168 278 1207 fungi,
297 1168 440 1207 satisque
464 1167 582 1198 habere
605 1168 630 1198 si
655 1168 763 1199 locum
783 1168 959 1208 principem
979 1169 1147 1208 impleam,
1164 1170 1196 1200 et
1218 1178 1276 1200 vos
1293 1173 1394 1201 testor

65 1227 82 1242 a
100 1217 132 1246 et
147 1215 336 1245 meminisse
350 1215 498 1254 posteros
510 1214 601 1245 volo:
616 1215 672 1254 qui
685 1216 763 1246 satis
777 1224 936 1255 superque
950 1215 1116 1246 memoriae
1126 1224 1207 1247 meae
1216 1217 1392 1255 tribuent‘,

63 1275 80 1289 et
99 1263 135 1293 ut
152 1261 330 1301 majoribus
343 1261 422 1291 meis
440 1261 568 1300 dignum
580 1285 588 1300 ,
608 1270 715 1292 rerum
728 1265 910 1293 vestrarum
925 1263 1120 1302 providum,
1138 1265 1342 1294 constantem
1357 1265 1392 1295 in

64 1323 81 1338 «ι
96 1309 266 1351 periculis,
286 1308 500 1339 offensionum
526 1317 583 1348 pro
601 1309 741 1340 utilitate
756 1309 887 1349 publica
903 1319 966 1340 non
982 1309 1136 1349 pavidum
1163 1310 1305 1341 credant.
1323 1312 1393 1342 hose

63 1370 80 1385 «
95 1357 176 1388 mihi
202 1357 235 1387 in
259 1356 376 1387 animis
401 1355 518 1385 vestris
534 1356 673 1395 templa,
702 1356 752 1387 liae
777 1357 1002 1396 pulcherrimae
1028 1356 1146 1396 efligies
1171 1360 1202 1388 et
1217 1366 1390 1391 mansurae.

62 1418 78 1432 «
96 1413 172 1436 nam
190 1412 264 1443 quae
289 1411 367 1434 saxo
385 1404 567 1440 struuntur,
583 1402 610 1433 si
627 1402 786 1441 judicium
804 1405 1006 1443 posterorum
1024 1403 1057 1433 in
1071 1403 1181 1434 odium
1200 1405 1314 1443 vertit,
1334 1415 1393 1445 pro

61 1465 79 1480 α
97 1450 255 1492 sepulcris
273 1450 471 1490 spernuntur
486 1448 510 1480 ².
530 1449 664 1489 proinde
683 1449 805 1488 socios,
826 1450 915 1482 cives
929 1452 961 1482 et
981 1450 1057 1481 deos
1076 1451 1160 1490 ipsos
1185 1460 1314 1490 precor,
1334 1453 1392 1483 lios

63 1513 79 1528 «
97 1502 133 1530 ut
149 1497 229 1529 milii
245 1496 286 1528 ad
305 1496 401 1527 finem
416 1505 519 1536 usque
533 1496 611 1527 vitae
627 1496 769 1536 quietam
783 1500 814 1527 et
828 1497 1059 1536 intelligentem
1073 1497 1206 1528 humani
1227 1497 1393 1538 divinique

61 1546 175 1587 «juris
200 1545 341 1576 mentem
366 1543 461 1574 duint
476 1544 502 1583 ³,
525 1543 594 1574 illos
619 1546 672 1582 ut,
691 1543 886 1583 quandoque
911 1553 1118 1583 concessero,
1145 1553 1219 1575 cum
1247 1545 1338 1576 laude
1360 1549 1393 1577 et

63 1607 77 1621 «ι
97 1593 189 1625 bonis
208 1590 486 1623 recordationibus
502 1590 584 1622 facta
609 1592 707 1631 atque
733 1591 851 1621 samam
869 1591 1009 1622 nominis
1033 1592 1095 1623 mei
1110 1593 1355 1631 prosequantur.
1372 1607 1388 1620 „

61 1640 265 1680 perstititque
279 1638 414 1679 posthac
429 1637 561 1669 secretis
574 1637 672 1668 etiam
685 1638 888 1669 sermonibus
901 1638 1064 1678 aspernari
1077 1639 1174 1669 talem
1188 1639 1239 1669 sui
1252 1640 1388 1671 cultum.

60 1688 149 1730 quod
168 1687 223 1719 alii
238 1686 461 1724 modestiam,
476 1684 592 1724 multi,
610 1686 695 1725 quia
711 1685 906 1725 diffideret,
922 1685 1055 1725 quidam
1073 1687 1113 1716 ut
1129 1685 1304 1725 deqenerz's
1318 1688 1391 1717 ani-

60 1738 108 1767 mi
124 1733 443 1775 interpretabantur:
462 1745 477 1758 «
492 1731 632 1772 optimos
659 1732 778 1772 quippe
800 1732 987 1763 mortalium
1010 1732 1165 1763 altissima
1191 1732 1326 1773 cupere3
1343 1734 1391 1763 sic

63 1796 79 1810 «ι
96 1782 262 1814 Herculem
277 1781 309 1812 et
327 1778 494 1811 Liberum*
516 1778 601 1819 apud
614 1782 759 1818 Graecos,
776 1779 948 1818 Quirinum
965 1779 1050 1820 apud
1065 1788 1124 1810 nos
1141 1779 1238 1810 deum
1254 1788 1390 1811 numero

60 1843 78 1857 «
96 1829 234 1860 additos.
255 1828 373 1858 melius
390 1827 587 1866 Augustum,
603 1826 659 1866 qui
686 1827 873 1866 speraverit.
899 1827 1028 1858 cetera⁵
1054 1827 1255 1867 Principibus
1278 1829 1390 1859 statim

63 1891 80 1905 a
97 1876 209 1908 adesse
226 1885 233 1905 :
253 1884 355 1905 unum
369 1874 597 1905 insatiabiliter
615 1873 792 1912 parandum
803 1898 812 1914 ,
829 1883 1015 1914 prosperam
1032 1874 1082 1905 sui
1098 1875 1298 1906 memoriam.
1314 1884 1389 1905 nam

62 1938 80 1953 α
97 1923 285 1962 contemptu
305 1921 401 1952 famae
418 1921 581 1951 contemni
602 1919 749 1950 virtutes.
765 1932 781 1947 »

101 1973 235 2002 XXXIX.
255 1970 293 2000 At
309 1969 440 2007 Sejanus
451 1991 460 2006 ,
478 1967 577 1998 nimia
599 1966 727 1997 fortuna
744 1975 853 1997 socors
868 1967 901 1998 et
923 1967 1072 1999 muliebri
1088 1968 1220 2009 insuper
1236 1968 1389 2008 cupidine

60 2025 214 2049 incensus
226 2040 234 2055 ‚
259 2015 454 2056 promissum
473 2013 718 2045 matrimonium
741 2013 908 2053 flagitante
924 2014 1032 2054 Livia,
1051 2016 1217 2056 componit
1233 2015 1271 2046 ad
1286 2019 1386 2047 Cacsa-

60 2073 129 2097 rem
145 2063 332 2095 codicillos:
352 2062 452 2093 moris
469 2061 588 2101 quippe
614 2062 683 2092 tum
702 2062 787 2099 erat,
809 2069 1006 2100 quamquam
1027 2063 1238 2102 praesentem,
1264 2063 1388 2102 scripto

57 2111 160 2143 adire.
176 2110 244 2150 ejus
259 2109 334 2141 talis
353 2108 457 2140 forma
470 2107 530 2139 suit
544 2117 551 2138 ε
569 2121 584 2134 «ι
599 2107 825 2139 Benevolentia
836 2107 936 2148 patris
948 2108 1084 2148 Augusti
1101 2111 1132 2140 et
1147 2117 1224 2140 mox
1239 2109 1386 2150 plurimis

62 2170 79 2185 «
96 2158 215 2190 Tiberii
228 2157 359 2198 judiciis
375 2156 419 2187 ita
440 2155 635 2195 insuevisse,
661 2156 697 2186 ut
721 2163 793 2195 spes
808 2157 947 2195 votaque
973 2164 1031 2187 sua
1052 2165 1119 2187 non
1134 2156 1224 2197 prius
1247 2157 1287 2188 ad
1306 2157 1385 2188 deos

320 2212 331 2225 0

61 2279 132 2304 blice
146 2279 292 2310 Cyzicenis
311 2285 369 2310 pro,
385 2279 490 2304 civitati
512 2279 719 2309 Cyzicenorum.
739 2283 801 2302 -4,
816 2279 858 2303 Sc.
880 2278 974 2304 fuisse.
988 2292 1017 2296 —
1029 2285 1050 2304 5.
1065 2279 1196 2309 Alacrior,
1220 2281 1383 2310 promptior,

60 2315 178 2344 imagine
191 2321 207 2339 a
223 2316 358 2340 districto
371 2315 468 2345 eladio
484 2315 582 2344 petita.

89 2351 221 2375 xxxvu.
238 2356 257 2374 ι.
272 2351 302 2375 V.
315 2357 398 2380 supra
411 2356 472 2380 cap.
485 2356 522 2375 ιδ.

89 2386 239 2411 xxxvnl.
253 2391 276 2410 ι.
291 2388 336 2411 Sc.
353 2387 405 2411 hoc
421 2387 566 2411 tribuendo
582 2388 697 2411 ut...-2.
713 2386 770 2410 Pro
782 2386 923 2416 sepulcris
936 2388 999 2411 sunt
1012 2387 1068 2411 sive
1081 2386 1252 2417 accipiuntur
1263 2388 1291 2410 et
1304 2392 1384 2415 sper-

59 2424 183 2447 nuntur·
194 2433 224 2438 —
236 2427 258 2445 ³-
272 2423 352 2447 Dent.
362 2427 422 2447 —⁴.
437 2422 580 2447 Bacchum.
594 2423 658 2448 Cum
672 2422 712 2446 his
723 2421 819 2447 confer
831 2423 922 2447 uorat.
936 2423 988 2449 Od.
1003 2422 1050 2452 111,
1060 2427 1083 2447 3.
1094 2435 1122 2440 —
1135 2428 1160 2448 ὅ.
1180 2422 1288 2450 Cetera,
1301 2423 1382 2450 atque

59 2457 129 2483 adeo
143 2456 315 2488 apotheosin.
