<?xml version="1.0" encoding="UTF-8"?>
<!DOCTYPE html PUBLIC "-//W3C//DTD XHTML 1.0 Transitional//EN"
    "http://www.w3.org/TR/xhtml1/DTD/xhtml1-transitional.dtd">
<html xmlns="http://www.w3.org/1999/xhtml" xml:lang="en" lang="en">
 <head>
  <title>
</title>
<meta http-equiv="Content-Type" content="text/html;charset=utf-8" />
  <meta name='ocr-system' content='tesseract 3.04.00' />
  <meta name='ocr-capabilities' content='ocr_page ocr_carea ocr_par ocr_line ocrx_word'/>
</head>
<body>
  <div class='ocr_page' id='page_1' title='image "./operaquaesupersu00taciuoft/operaquaesupersu00taciuoft_0426.png"; bbox 0 0 1539 2668; ppageno 0'>
   <div class='ocr_carea' id='block_1_1' title="bbox 74 198 1039 233">
    <p class='ocr_par' dir='ltr' id='par_1_1' title="bbox 74 198 1039 233">
     <span class='ocr_line' id='line_1_1' title="bbox 74 198 1039 233; baseline -0.005 0"><span class='ocrx_word' id='word_1_1' title='bbox 74 203 134 233; x_wconf 77' lang='lat'>394</span> <span class='ocrx_word' id='word_1_2' title='bbox 434 200 566 229; x_wconf 86' lang='lat' dir='ltr'>TACITI</span> <span class='ocrx_word' id='word_1_3' title='bbox 589 198 864 227; x_wconf 77' lang='lat' dir='ltr'>HISTORIARUM</span> <span class='ocrx_word' id='word_1_4' title='bbox 887 199 960 227; x_wconf 86' lang='lat' dir='ltr'>LIB.</span> <span class='ocrx_word' id='word_1_5' title='bbox 984 198 1039 228; x_wconf 85' lang='lat' dir='ltr'>IV.</span> 
     </span>
    </p>
   </div>
   <div class='ocr_carea' id='block_1_2' title="bbox 52 271 1424 2256">
    <p class='ocr_par' dir='ltr' id='par_1_2' title="bbox 73 271 1424 359">
     <span class='ocr_line' id='line_1_2' title="bbox 73 271 1424 314; baseline -0.001 -6"><span class='ocrx_word' id='word_1_6' title='bbox 73 276 201 308; x_wconf 75' lang='lat' dir='ltr'>ducum</span> <span class='ocrx_word' id='word_1_7' title='bbox 214 274 380 314; x_wconf 73' lang='lat' dir='ltr'>pollutos.</span> <span class='ocrx_word' id='word_1_8' title='bbox 395 273 474 308; x_wconf 85' lang='lat' dir='ltr'>vicit</span> <span class='ocrx_word' id='word_1_9' title='bbox 488 272 570 304; x_wconf 86' lang='lat' dir='ltr'>ratio</span> <span class='ocrx_word' id='word_1_10' title='bbox 585 271 756 312; x_wconf 87' lang='lat' dir='ltr'>parcendi,</span> <span class='ocrx_word' id='word_1_11' title='bbox 773 285 786 298; x_wconf 91' lang='lat'>«</span> <span class='ocrx_word' id='word_1_12' title='bbox 802 281 842 304; x_wconf 89' lang='lat' dir='ltr'>ne</span> <span class='ocrx_word' id='word_1_13' title='bbox 858 273 985 304; x_wconf 82' lang='lat' dir='ltr'>sublata</span> <span class='ocrx_word' id='word_1_14' title='bbox 1001 281 1057 312; x_wconf 90' lang='lat' dir='ltr'>spe</span> <span class='ocrx_word' id='word_1_15' title='bbox 1070 271 1173 303; x_wconf 83' lang='lat' dir='ltr'>veniae</span> <span class='ocrx_word' id='word_1_16' title='bbox 1188 272 1398 313; x_wconf 85' lang='lat' dir='ltr'>pertinaciam</span> <span class='ocrx_word' id='word_1_17' title='bbox 1421 284 1424 287; x_wconf 91' lang='lat'>·</span> 
     </span>
     <span class='ocr_line' id='line_1_3' title="bbox 76 319 1399 359; baseline 0.002 -9"><span class='ocrx_word' id='word_1_18' title='bbox 76 336 92 350; x_wconf 64' lang='grc' dir='ltr'>«ι</span> <span class='ocrx_word' id='word_1_19' title='bbox 109 321 333 353; x_wconf 80' lang='lat' dir='ltr'>accenderent.</span> <span class='ocrx_word' id='word_1_20' title='bbox 349 320 531 351; x_wconf 87' lang='lat' dir='ltr'>alliciendos</span> <span class='ocrx_word' id='word_1_21' title='bbox 554 319 660 359; x_wconf 89' lang='lat' dir='ltr'>potius</span> <span class='ocrx_word' id='word_1_22' title='bbox 679 319 713 350; x_wconf 93' lang='lat' dir='ltr'>in</span> <span class='ocrx_word' id='word_1_23' title='bbox 730 319 928 351; x_wconf 85' lang='lat' dir='ltr'>societatem.</span> <span class='ocrx_word' id='word_1_24' title='bbox 951 319 1063 358; x_wconf 80' lang='lat' dir='ltr'>legatis</span> <span class='ocrx_word' id='word_1_25' title='bbox 1085 320 1214 350; x_wconf 84' lang='lat' dir='ltr'>tantum</span> <span class='ocrx_word' id='word_1_26' title='bbox 1237 319 1399 359; x_wconf 83' lang='lat' dir='ltr'>legionum</span> 
     </span>
    </p>

    <p class='ocr_par' dir='ltr' id='par_1_3' title="bbox 76 366 1400 406">
     <span class='ocr_line' id='line_1_4' title="bbox 76 366 1400 406; baseline 0.002 -9"><span class='ocrx_word' id='word_1_27' title='bbox 76 383 91 397; x_wconf 84' lang='lat'>«</span> <span class='ocrx_word' id='word_1_28' title='bbox 109 368 296 406; x_wconf 78' lang='lat' dir='ltr'>interfectis,</span> <span class='ocrx_word' id='word_1_29' title='bbox 310 369 453 398; x_wconf 87' lang='lat' dir='ltr'>ceterum</span> <span class='ocrx_word' id='word_1_30' title='bbox 470 367 586 405; x_wconf 82' lang='lat' dir='ltr'>vulgus</span> <span class='ocrx_word' id='word_1_31' title='bbox 599 366 795 397; x_wconf 90' lang='lat' dir='ltr'>conscientia</span> <span class='ocrx_word' id='word_1_32' title='bbox 808 367 964 397; x_wconf 86' lang='lat' dir='ltr'>scelerum</span> <span class='ocrx_word' id='word_1_33' title='bbox 979 369 1011 398; x_wconf 90' lang='lat' dir='ltr'>et</span> <span class='ocrx_word' id='word_1_34' title='bbox 1024 375 1080 406; x_wconf 91' lang='lat' dir='ltr'>spe</span> <span class='ocrx_word' id='word_1_35' title='bbox 1096 366 1297 405; x_wconf 87' lang='lat' dir='ltr'>impunitatis</span> <span class='ocrx_word' id='word_1_36' title='bbox 1310 367 1400 399; x_wconf 83' lang='lat' dir='ltr'>facile</span> 
     </span>
    </p>

    <p class='ocr_par' dir='ltr' id='par_1_4' title="bbox 75 413 1401 453">
     <span class='ocr_line' id='line_1_5' title="bbox 75 413 1401 453; baseline 0.002 -10"><span class='ocrx_word' id='word_1_37' title='bbox 75 430 89 443; x_wconf 83' lang='lat'>«</span> <span class='ocrx_word' id='word_1_38' title='bbox 110 423 325 447; x_wconf 77' lang='lat' dir='ltr'>accessurum.</span> <span class='ocrx_word' id='word_1_39' title='bbox 347 427 361 441; x_wconf 81' lang='lat'>»</span> <span class='ocrx_word' id='word_1_40' title='bbox 379 423 416 445; x_wconf 86' lang='lat' dir='ltr'>ea</span> <span class='ocrx_word' id='word_1_41' title='bbox 435 413 532 453; x_wconf 86' lang='lat' dir='ltr'>primi</span> <span class='ocrx_word' id='word_1_42' title='bbox 555 413 682 444; x_wconf 89' lang='lat' dir='ltr'>consilii</span> <span class='ocrx_word' id='word_1_43' title='bbox 703 413 819 444; x_wconf 86' lang='lat' dir='ltr'>forma.</span> <span class='ocrx_word' id='word_1_44' title='bbox 844 414 999 453; x_wconf 81' lang='lat' dir='ltr'>missique</span> <span class='ocrx_word' id='word_1_45' title='bbox 1019 422 1074 453; x_wconf 88' lang='lat' dir='ltr'>per</span> <span class='ocrx_word' id='word_1_46' title='bbox 1094 413 1210 445; x_wconf 86' lang='lat' dir='ltr'>Gallias</span> <span class='ocrx_word' id='word_1_47' title='bbox 1224 414 1401 446; x_wconf 82' lang='lat' dir='ltr'>concitores</span> 
     </span>
    </p>

    <p class='ocr_par' dir='ltr' id='par_1_5' title="bbox 73 460 1398 500">
     <span class='ocr_line' id='line_1_6' title="bbox 73 460 1398 500; baseline -0.003 -5"><span class='ocrx_word' id='word_1_48' title='bbox 73 464 158 496; x_wconf 82' lang='lat' dir='ltr'>belli.</span> <span class='ocrx_word' id='word_1_49' title='bbox 175 462 364 493; x_wconf 86' lang='lat' dir='ltr'>simulatum</span> <span class='ocrx_word' id='word_1_50' title='bbox 380 462 458 500; x_wconf 85' lang='lat' dir='ltr'>ipsis</span> <span class='ocrx_word' id='word_1_51' title='bbox 475 460 682 500; x_wconf 82' lang='lat' dir='ltr'><strong>obsequium,</strong></span> <span class='ocrx_word' id='word_1_52' title='bbox 698 469 763 500; x_wconf 88' lang='lat' dir='ltr'>quo</span> <span class='ocrx_word' id='word_1_53' title='bbox 776 461 990 491; x_wconf 77' lang='lat' dir='ltr'>incautiorem</span> <span class='ocrx_word' id='word_1_54' title='bbox 1004 460 1158 491; x_wconf 85' lang='lat' dir='ltr'>Voculam</span> <span class='ocrx_word' id='word_1_55' title='bbox 1171 460 1398 500; x_wconf 82' lang='lat' dir='ltr'>opprimerent.</span> 
     </span>
    </p>

    <p class='ocr_par' dir='ltr' id='par_1_6' title="bbox 72 507 1401 548">
     <span class='ocr_line' id='line_1_7' title="bbox 72 507 1401 548; baseline -0.003 -6"><span class='ocrx_word' id='word_1_56' title='bbox 72 519 133 542; x_wconf 87' lang='lat' dir='ltr'>nec</span> <span class='ocrx_word' id='word_1_57' title='bbox 154 510 285 541; x_wconf 80' lang='lat' dir='ltr'>defuere</span> <span class='ocrx_word' id='word_1_58' title='bbox 306 508 360 548; x_wconf 88' lang='lat' dir='ltr'>qui</span> <span class='ocrx_word' id='word_1_59' title='bbox 381 507 513 537; x_wconf 79' lang='lat' dir='ltr'>Voculae</span> <span class='ocrx_word' id='word_1_60' title='bbox 532 507 733 538; x_wconf 76' lang='lat' dir='ltr'>nuntiarent.</span> <span class='ocrx_word' id='word_1_61' title='bbox 758 507 815 538; x_wconf 89' lang='lat' dir='ltr'>sed</span> <span class='ocrx_word' id='word_1_62' title='bbox 838 507 922 538; x_wconf 88' lang='lat' dir='ltr'>vires</span> <span class='ocrx_word' id='word_1_63' title='bbox 944 507 983 537; x_wconf 88' lang='lat' dir='ltr'>ad</span> <span class='ocrx_word' id='word_1_64' title='bbox 1009 507 1223 538; x_wconf 89' lang='lat' dir='ltr'>coercendum</span> <span class='ocrx_word' id='word_1_65' title='bbox 1247 507 1401 546; x_wconf 81' lang='lat' dir='ltr'>deerant,</span> 
     </span>
    </p>

    <p class='ocr_par' dir='ltr' id='par_1_7' title="bbox 72 554 1404 596">
     <span class='ocr_line' id='line_1_8' title="bbox 72 554 1404 596; baseline -0.003 -7"><span class='ocrx_word' id='word_1_66' title='bbox 72 556 331 596; x_wconf 80' lang='lat' dir='ltr'>infrequentibus</span> <span class='ocrx_word' id='word_1_67' title='bbox 354 554 526 593; x_wconf 77' lang='lat' dir='ltr'>infidisque</span> <span class='ocrx_word' id='word_1_68' title='bbox 547 554 738 593; x_wconf 78' lang='lat' dir='ltr'>legionibus.</span> <span class='ocrx_word' id='word_1_69' title='bbox 765 554 849 586; x_wconf 87' lang='lat' dir='ltr'>inter</span> <span class='ocrx_word' id='word_1_70' title='bbox 872 554 1041 593; x_wconf 83' lang='lat' dir='ltr'>ambiguos</span> <span class='ocrx_word' id='word_1_71' title='bbox 1063 555 1183 585; x_wconf 82' lang='lat' dir='ltr'>milites</span> <span class='ocrx_word' id='word_1_72' title='bbox 1205 556 1238 585; x_wconf 90' lang='lat' dir='ltr'>et</span> <span class='ocrx_word' id='word_1_73' title='bbox 1260 555 1404 585; x_wconf 83' lang='lat' dir='ltr'>occultos</span> 
     </span>
    </p>

    <p class='ocr_par' dir='ltr' id='par_1_8' title="bbox 72 601 1401 641">
     <span class='ocr_line' id='line_1_9' title="bbox 72 601 1401 641; baseline -0.002 -6"><span class='ocrx_word' id='word_1_74' title='bbox 72 604 200 641; x_wconf 68' lang='lat' dir='ltr'>hostes,</span> <span class='ocrx_word' id='word_1_75' title='bbox 224 602 383 641; x_wconf 82' lang='lat' dir='ltr'>optimum</span> <span class='ocrx_word' id='word_1_76' title='bbox 410 609 427 632; x_wconf 93' lang='lat' dir='ltr'>e</span> <span class='ocrx_word' id='word_1_77' title='bbox 445 601 659 640; x_wconf 80' lang='lat' dir='ltr'>praesentibus</span> <span class='ocrx_word' id='word_1_78' title='bbox 688 603 777 632; x_wconf 86' lang='lat' dir='ltr'>ratus</span> <span class='ocrx_word' id='word_1_79' title='bbox 797 603 912 632; x_wconf 86' lang='lat' dir='ltr'>mutua</span> <span class='ocrx_word' id='word_1_80' title='bbox 936 601 1197 632; x_wconf 79' lang='lat' dir='ltr'>dissimulatione</span> <span class='ocrx_word' id='word_1_81' title='bbox 1222 605 1254 632; x_wconf 83' lang='lat' dir='ltr'>et</span> <span class='ocrx_word' id='word_1_82' title='bbox 1275 601 1401 636; x_wconf 79' lang='lat' dir='ltr'>iisdem,</span> 
     </span>
    </p>

    <p class='ocr_par' dir='ltr' id='par_1_9' title="bbox 72 647 1402 691">
     <span class='ocr_line' id='line_1_10' title="bbox 72 647 1402 691; baseline -0.002 -10"><span class='ocrx_word' id='word_1_83' title='bbox 72 651 191 691; x_wconf 87' lang='lat' dir='ltr'>quibus</span> <span class='ocrx_word' id='word_1_84' title='bbox 207 649 393 688; x_wconf 74' lang='lat' dir='ltr'>petebatur,</span> <span class='ocrx_word' id='word_1_85' title='bbox 409 647 533 678; x_wconf 86' lang='lat' dir='ltr'>artibus</span> <span class='ocrx_word' id='word_1_86' title='bbox 547 648 702 688; x_wconf 84' lang='lat' dir='ltr'>grassari,</span> <span class='ocrx_word' id='word_1_87' title='bbox 722 648 755 679; x_wconf 92' lang='lat' dir='ltr'>in</span> <span class='ocrx_word' id='word_1_88' title='bbox 769 648 930 679; x_wconf 88' lang='lat' dir='ltr'>coloniam</span> <span class='ocrx_word' id='word_1_89' title='bbox 946 648 1209 687; x_wconf 79' lang='lat' dir='ltr'>Agrippinensem</span> <span class='ocrx_word' id='word_1_90' title='bbox 1224 647 1402 679; x_wconf 84' lang='lat' dir='ltr'>descendit.</span> 
     </span>
    </p>

    <p class='ocr_par' dir='ltr' id='par_1_10' title="bbox 72 695 1404 735">
     <span class='ocr_line' id='line_1_11' title="bbox 72 695 1404 735; baseline -0.003 -7"><span class='ocrx_word' id='word_1_91' title='bbox 72 698 150 728; x_wconf 86' lang='lat' dir='ltr'>illuc</span> <span class='ocrx_word' id='word_1_92' title='bbox 171 695 326 727; x_wconf 79' lang='lat' dir='ltr'>Claudius</span> <span class='ocrx_word' id='word_1_93' title='bbox 346 695 471 733; x_wconf 80' lang='lat' dir='ltr'>Labeo,</span> <span class='ocrx_word' id='word_1_94' title='bbox 489 704 585 734; x_wconf 88' lang='lat' dir='ltr'>quem</span> <span class='ocrx_word' id='word_1_95' title='bbox 607 698 738 735; x_wconf 87' lang='lat' dir='ltr'>captum</span> <span class='ocrx_word' id='word_1_96' title='bbox 765 697 796 726; x_wconf 88' lang='lat' dir='ltr'>et</span> <span class='ocrx_word' id='word_1_97' title='bbox 818 697 909 725; x_wconf 84' lang='lat' dir='ltr'>extra</span> <span class='ocrx_word' id='word_1_98' title='bbox 924 697 1120 725; x_wconf 87' lang='lat' dir='ltr'>conventum</span> <span class='ocrx_word' id='word_1_99' title='bbox 1142 695 1349 725; x_wconf 85' lang='lat' dir='ltr'>amandatum</span> <span class='ocrx_word' id='word_1_100' title='bbox 1372 695 1404 724; x_wconf 91' lang='lat' dir='ltr'>in</span> 
     </span>
    </p>

    <p class='ocr_par' dir='ltr' id='par_1_11' title="bbox 52 740 1405 829">
     <span class='ocr_line' id='line_1_12' title="bbox 71 740 1405 781; baseline -0.002 -7"><span class='ocrx_word' id='word_1_101' title='bbox 71 744 190 776; x_wconf 80' lang='lat' dir='ltr'>Frisios</span> <span class='ocrx_word' id='word_1_102' title='bbox 210 743 350 773; x_wconf 79' lang='lat' dir='ltr'>diximus</span> <span class='ocrx_word' id='word_1_103' title='bbox 365 742 390 780; x_wconf 76' lang='lat'>¹,</span> <span class='ocrx_word' id='word_1_104' title='bbox 416 741 579 781; x_wconf 78' lang='lat' dir='ltr'>corruptis</span> <span class='ocrx_word' id='word_1_105' title='bbox 599 741 791 773; x_wconf 77' lang='lat' dir='ltr'>custodibus</span> <span class='ocrx_word' id='word_1_106' title='bbox 812 741 971 781; x_wconf 74' lang='lat' dir='ltr'>persugit;</span> <span class='ocrx_word' id='word_1_107' title='bbox 998 740 1246 781; x_wconf 81' lang='lat' dir='ltr'>pollicitusque,</span> <span class='ocrx_word' id='word_1_108' title='bbox 1270 743 1299 771; x_wconf 70' lang='grc' dir='ltr'>ει·</span> <span class='ocrx_word' id='word_1_109' title='bbox 1317 750 1405 781; x_wconf 81' lang='lat' dir='ltr'>proe-</span> 
     </span>
     <span class='ocr_line' id='line_1_13' title="bbox 52 787 1405 829; baseline -0.003 -7"><span class='ocrx_word' id='word_1_110' title='bbox 52 820 55 825; x_wconf 77' lang='grc'>,</span> <span class='ocrx_word' id='word_1_111' title='bbox 71 791 198 822; x_wconf 68' lang='lat' dir='ltr'>sidium</span> <span class='ocrx_word' id='word_1_112' title='bbox 225 789 386 828; x_wconf 73' lang='lat' dir='ltr'>daretur,</span> <span class='ocrx_word' id='word_1_113' title='bbox 405 790 539 819; x_wconf 65' lang='lat' dir='ltr'>itm-mn</span> <span class='ocrx_word' id='word_1_114' title='bbox 556 790 593 819; x_wconf 74' lang='lat' dir='ltr'>in</span> <span class='ocrx_word' id='word_1_115' title='bbox 610 791 765 820; x_wconf 78' lang='lat' dir='ltr'>Batavos</span> <span class='ocrx_word' id='word_1_116' title='bbox 784 790 816 819; x_wconf 80' lang='lat' dir='ltr'>ct</span> <span class='ocrx_word' id='word_1_117' title='bbox 835 790 1007 829; x_wconf 64' lang='lat' dir='ltr'>potiorem</span> <span class='ocrx_word' id='word_1_118' title='bbox 1030 789 1183 819; x_wconf 65' lang='lat' dir='ltr'>civitatis</span> <span class='ocrx_word' id='word_1_119' title='bbox 1198 790 1337 827; x_wconf 73' lang='lat' dir='ltr'>partem</span> <span class='ocrx_word' id='word_1_120' title='bbox 1360 787 1405 818; x_wconf 79' lang='lat' dir='ltr'>ad</span> 
     </span>
    </p>

    <p class='ocr_par' dir='ltr' id='par_1_12' title="bbox 71 834 1408 1013">
     <span class='ocr_line' id='line_1_14' title="bbox 71 834 1408 874; baseline -0.004 -5"><span class='ocrx_word' id='word_1_121' title='bbox 71 839 265 870; x_wconf 70' lang='lat' dir='ltr'>sociclalem</span> <span class='ocrx_word' id='word_1_122' title='bbox 280 839 467 867; x_wconf 75' lang='lat' dir='ltr'>Romanam</span> <span class='ocrx_word' id='word_1_123' title='bbox 481 837 735 874; x_wconf 78' lang='lat' dir='ltr'>retracturum,</span> <span class='ocrx_word' id='word_1_124' title='bbox 752 837 883 874; x_wconf 84' lang='lat' dir='ltr'>accepta</span> <span class='ocrx_word' id='word_1_125' title='bbox 895 835 1042 874; x_wconf 86' lang='lat' dir='ltr'>peditum</span> <span class='ocrx_word' id='word_1_126' title='bbox 1058 835 1269 874; x_wconf 87' lang='lat' dir='ltr'>equitumque</span> <span class='ocrx_word' id='word_1_127' title='bbox 1282 834 1408 865; x_wconf 83' lang='lat' dir='ltr'>modica</span> 
     </span>
     <span class='ocr_line' id='line_1_15' title="bbox 71 881 1406 923; baseline -0.002 -8"><span class='ocrx_word' id='word_1_128' title='bbox 71 893 170 916; x_wconf 84' lang='lat' dir='ltr'>manu</span> <span class='ocrx_word' id='word_1_129' title='bbox 183 908 191 923; x_wconf 87' lang='lat'>,</span> <span class='ocrx_word' id='word_1_130' title='bbox 212 883 292 914; x_wconf 88' lang='lat' dir='ltr'>nibil</span> <span class='ocrx_word' id='word_1_131' title='bbox 307 882 392 922; x_wconf 88' lang='lat' dir='ltr'>apud</span> <span class='ocrx_word' id='word_1_132' title='bbox 406 884 543 913; x_wconf 81' lang='lat' dir='ltr'>Batavos</span> <span class='ocrx_word' id='word_1_133' title='bbox 560 891 676 921; x_wconf 87' lang='lat' dir='ltr'>ausus,</span> <span class='ocrx_word' id='word_1_134' title='bbox 697 882 857 922; x_wconf 78' lang='lat' dir='ltr'>quosdam</span> <span class='ocrx_word' id='word_1_135' title='bbox 880 882 1072 913; x_wconf 80' lang='lat' dir='ltr'>Nerviorum</span> <span class='ocrx_word' id='word_1_136' title='bbox 1094 881 1406 921; x_wconf 86' lang='lat' dir='ltr'>Betasiorumquein</span> 
     </span>
     <span class='ocr_line' id='line_1_16' title="bbox 72 932 1406 971; baseline -0.001 -6"><span class='ocrx_word' id='word_1_137' title='bbox 72 944 162 966; x_wconf 86' lang='lat' dir='ltr'>arma</span> <span class='ocrx_word' id='word_1_138' title='bbox 176 933 275 965; x_wconf 77' lang='lat' dir='ltr'>traxit</span> <span class='ocrx_word' id='word_1_139' title='bbox 289 957 297 970; x_wconf 90' lang='lat'>‚</span> <span class='ocrx_word' id='word_1_140' title='bbox 314 934 347 963; x_wconf 86' lang='lat' dir='ltr'>et</span> <span class='ocrx_word' id='word_1_141' title='bbox 369 932 480 963; x_wconf 85' lang='lat' dir='ltr'>furtim</span> <span class='ocrx_word' id='word_1_142' title='bbox 501 932 605 971; x_wconf 77' lang='lat' dir='ltr'>magis</span> <span class='ocrx_word' id='word_1_143' title='bbox 627 941 725 971; x_wconf 83' lang='lat' dir='ltr'>quam</span> <span class='ocrx_word' id='word_1_144' title='bbox 746 932 831 963; x_wconf 82' lang='lat' dir='ltr'>bello</span> <span class='ocrx_word' id='word_1_145' title='bbox 843 956 851 971; x_wconf 91' lang='lat'>,</span> <span class='ocrx_word' id='word_1_146' title='bbox 870 932 1098 963; x_wconf 80' lang='lat' dir='ltr'>Canninefates</span> <span class='ocrx_word' id='word_1_147' title='bbox 1116 936 1340 971; x_wconf 81' lang='lat' dir='ltr'>Marsacosque</span> <span class='ocrx_word' id='word_1_148' title='bbox 1359 932 1406 964; x_wconf 89' lang='lat' dir='ltr'>in-</span> 
     </span>
     <span class='ocr_line' id='line_1_17' title="bbox 71 978 1280 1013; baseline -0.004 0"><span class='ocrx_word' id='word_1_149' title='bbox 71 981 235 1013; x_wconf 79' lang='lat' dir='ltr'>cursabat.</span> <span class='ocrx_word' id='word_1_150' title='bbox 258 980 379 1010; x_wconf 84' lang='lat' dir='ltr'>Vocula</span> <span class='ocrx_word' id='word_1_151' title='bbox 403 979 567 1011; x_wconf 84' lang='lat' dir='ltr'>Gallorum</span> <span class='ocrx_word' id='word_1_152' title='bbox 591 979 705 1010; x_wconf 84' lang='lat' dir='ltr'>fraude</span> <span class='ocrx_word' id='word_1_153' title='bbox 725 979 851 1010; x_wconf 81' lang='lat' dir='ltr'>illectus</span> <span class='ocrx_word' id='word_1_154' title='bbox 874 979 913 1010; x_wconf 86' lang='lat' dir='ltr'>ad</span> <span class='ocrx_word' id='word_1_155' title='bbox 932 978 1059 1010; x_wconf 84' lang='lat' dir='ltr'>hostem</span> <span class='ocrx_word' id='word_1_156' title='bbox 1073 978 1084 996; x_wconf 70' lang='lat'><strong>2</strong></span> <span class='ocrx_word' id='word_1_157' title='bbox 1104 980 1280 1010; x_wconf 87' lang='lat' dir='ltr'>contendit.</span> 
     </span>
    </p>

    <p class='ocr_par' dir='ltr' id='par_1_13' title="bbox 71 1026 1409 1871">
     <span class='ocr_line' id='line_1_18' title="bbox 114 1026 1406 1066; baseline -0.002 -7"><span class='ocrx_word' id='word_1_158' title='bbox 114 1032 206 1060; x_wconf 88' lang='lat' dir='ltr'>LVII.</span> <span class='ocrx_word' id='word_1_159' title='bbox 232 1031 297 1058; x_wconf 70' lang='lat' dir='ltr'>Nec</span> <span class='ocrx_word' id='word_1_160' title='bbox 318 1027 430 1066; x_wconf 87' lang='lat' dir='ltr'>procul</span> <span class='ocrx_word' id='word_1_161' title='bbox 451 1026 623 1057; x_wconf 84' lang='lat' dir='ltr'>Veteribus</span> <span class='ocrx_word' id='word_1_162' title='bbox 644 1026 777 1063; x_wconf 83' lang='lat' dir='ltr'>aberat,</span> <span class='ocrx_word' id='word_1_163' title='bbox 798 1035 901 1066; x_wconf 87' lang='lat' dir='ltr'>quum</span> <span class='ocrx_word' id='word_1_164' title='bbox 922 1026 1080 1057; x_wconf 80' lang='lat' dir='ltr'>Classicus</span> <span class='ocrx_word' id='word_1_165' title='bbox 1099 1035 1137 1057; x_wconf 88' lang='lat' dir='ltr'>ac</span> <span class='ocrx_word' id='word_1_166' title='bbox 1150 1029 1251 1057; x_wconf 87' lang='lat' dir='ltr'>Tutor</span> <span class='ocrx_word' id='word_1_167' title='bbox 1264 1034 1319 1065; x_wconf 90' lang='lat' dir='ltr'>per</span> <span class='ocrx_word' id='word_1_168' title='bbox 1335 1034 1406 1065; x_wconf 87' lang='lat' dir='ltr'>spe-</span> 
     </span>
     <span class='ocr_line' id='line_1_19' title="bbox 72 1072 1405 1113; baseline -0.002 -7"><span class='ocrx_word' id='word_1_169' title='bbox 72 1074 155 1106; x_wconf 88' lang='lat' dir='ltr'>ciem</span> <span class='ocrx_word' id='word_1_170' title='bbox 179 1073 368 1113; x_wconf 65' lang='lat' dir='ltr'>explsrandi</span> <span class='ocrx_word' id='word_1_171' title='bbox 393 1073 562 1113; x_wconf 56' lang='lat' dir='ltr'>praegressi</span> <span class='ocrx_word' id='word_1_172' title='bbox 586 1081 663 1102; x_wconf 89' lang='lat' dir='ltr'>cum</span> <span class='ocrx_word' id='word_1_173' title='bbox 689 1072 828 1103; x_wconf 83' lang='lat' dir='ltr'>ducibus</span> <span class='ocrx_word' id='word_1_174' title='bbox 855 1077 1087 1103; x_wconf 83' lang='lat' dir='ltr'>Germanorum</span> <span class='ocrx_word' id='word_1_175' title='bbox 1111 1075 1204 1112; x_wconf 85' lang='lat' dir='ltr'>pacta</span> <span class='ocrx_word' id='word_1_176' title='bbox 1226 1072 1405 1104; x_wconf 84' lang='lat' dir='ltr'>firmavere.</span> 
     </span>
     <span class='ocr_line' id='line_1_20' title="bbox 73 1119 1407 1161; baseline -0.002 -8"><span class='ocrx_word' id='word_1_177' title='bbox 73 1125 209 1161; x_wconf 88' lang='lat' dir='ltr'>tumque</span> <span class='ocrx_word' id='word_1_178' title='bbox 223 1121 364 1161; x_wconf 90' lang='lat' dir='ltr'>primum</span> <span class='ocrx_word' id='word_1_179' title='bbox 379 1120 513 1151; x_wconf 85' lang='lat' dir='ltr'>discreti</span> <span class='ocrx_word' id='word_1_180' title='bbox 528 1128 546 1149; x_wconf 86' lang='lat' dir='ltr'>a</span> <span class='ocrx_word' id='word_1_181' title='bbox 560 1119 740 1158; x_wconf 80' lang='lat' dir='ltr'>legionibus</span> <span class='ocrx_word' id='word_1_182' title='bbox 758 1119 890 1159; x_wconf 83' lang='lat' dir='ltr'>proprio</span> <span class='ocrx_word' id='word_1_183' title='bbox 905 1120 988 1150; x_wconf 77' lang='lat' dir='ltr'>vallo</span> <span class='ocrx_word' id='word_1_184' title='bbox 1002 1123 1108 1150; x_wconf 79' lang='lat' dir='ltr'>castra</span> <span class='ocrx_word' id='word_1_185' title='bbox 1122 1128 1178 1150; x_wconf 84' lang='lat' dir='ltr'>sua</span> <span class='ocrx_word' id='word_1_186' title='bbox 1191 1119 1407 1158; x_wconf 81' lang='lat' dir='ltr'>circumdant,</span> 
     </span>
     <span class='ocr_line' id='line_1_21' title="bbox 71 1166 1406 1207; baseline -0.002 -7"><span class='ocrx_word' id='word_1_187' title='bbox 71 1170 254 1201; x_wconf 83' lang='lat' dir='ltr'>obtestante</span> <span class='ocrx_word' id='word_1_188' title='bbox 269 1168 392 1199; x_wconf 82' lang='lat' dir='ltr'>Vocula</span> <span class='ocrx_word' id='word_1_189' title='bbox 411 1180 426 1193; x_wconf 87' lang='lat'>«</span> <span class='ocrx_word' id='word_1_190' title='bbox 446 1176 511 1197; x_wconf 89' lang='lat' dir='ltr'>non</span> <span class='ocrx_word' id='word_1_191' title='bbox 535 1166 615 1196; x_wconf 86' lang='lat' dir='ltr'>adeo</span> <span class='ocrx_word' id='word_1_192' title='bbox 639 1166 805 1197; x_wconf 81' lang='lat' dir='ltr'>turbatam</span> <span class='ocrx_word' id='word_1_193' title='bbox 830 1166 986 1197; x_wconf 79' lang='lat' dir='ltr'>civilibus</span> <span class='ocrx_word' id='word_1_194' title='bbox 1007 1166 1103 1197; x_wconf 88' lang='lat' dir='ltr'>armis</span> <span class='ocrx_word' id='word_1_195' title='bbox 1122 1175 1190 1197; x_wconf 88' lang='lat' dir='ltr'>rem</span> <span class='ocrx_word' id='word_1_196' title='bbox 1208 1170 1406 1207; x_wconf 87' lang='lat' dir='ltr'>Romanam,</span> 
     </span>
     <span class='ocr_line' id='line_1_22' title="bbox 74 1213 1409 1254; baseline 0 -10"><span class='ocrx_word' id='word_1_197' title='bbox 74 1230 90 1245; x_wconf 73' lang='lat' dir='ltr'>ss</span> <span class='ocrx_word' id='word_1_198' title='bbox 109 1219 146 1248; x_wconf 88' lang='lat' dir='ltr'>ut</span> <span class='ocrx_word' id='word_1_199' title='bbox 166 1215 314 1247; x_wconf 85' lang='lat' dir='ltr'>Treveris</span> <span class='ocrx_word' id='word_1_200' title='bbox 334 1215 431 1246; x_wconf 85' lang='lat' dir='ltr'>etiam</span> <span class='ocrx_word' id='word_1_201' title='bbox 454 1213 716 1253; x_wconf 75' lang='lat' dir='ltr'>Lingonibusque</span> <span class='ocrx_word' id='word_1_202' title='bbox 739 1213 906 1253; x_wconf 80' lang='lat' dir='ltr'>despectui</span> <span class='ocrx_word' id='word_1_203' title='bbox 924 1214 977 1245; x_wconf 90' lang='lat' dir='ltr'>sit.</span> <span class='ocrx_word' id='word_1_204' title='bbox 995 1222 1167 1254; x_wconf 85' lang='lat' dir='ltr'>superesse</span> <span class='ocrx_word' id='word_1_205' title='bbox 1181 1213 1261 1245; x_wconf 82' lang='lat' dir='ltr'>fidas</span> <span class='ocrx_word' id='word_1_206' title='bbox 1280 1214 1409 1253; x_wconf 86' lang='lat' dir='ltr'>provin-</span> 
     </span>
     <span class='ocr_line' id='line_1_23' title="bbox 74 1260 1406 1302; baseline -0.002 -9"><span class='ocrx_word' id='word_1_207' title='bbox 74 1276 90 1290; x_wconf 66' lang='lat'><strong>«</strong></span> <span class='ocrx_word' id='word_1_208' title='bbox 109 1264 192 1302; x_wconf 82' lang='lat' dir='ltr'>cias,</span> <span class='ocrx_word' id='word_1_209' title='bbox 210 1263 347 1293; x_wconf 82' lang='lat' dir='ltr'>victores</span> <span class='ocrx_word' id='word_1_210' title='bbox 367 1261 528 1292; x_wconf 73' lang='lat' dir='ltr'>exercitus</span> <span class='ocrx_word' id='word_1_211' title='bbox 543 1285 550 1299; x_wconf 93' lang='lat'>,</span> <span class='ocrx_word' id='word_1_212' title='bbox 575 1261 736 1290; x_wconf 84' lang='lat' dir='ltr'>fortunam</span> <span class='ocrx_word' id='word_1_213' title='bbox 757 1261 885 1300; x_wconf 86' lang='lat' dir='ltr'>imperii</span> <span class='ocrx_word' id='word_1_214' title='bbox 908 1264 939 1291; x_wconf 85' lang='lat' dir='ltr'>et</span> <span class='ocrx_word' id='word_1_215' title='bbox 954 1261 1077 1292; x_wconf 84' lang='lat' dir='ltr'>ultores</span> <span class='ocrx_word' id='word_1_216' title='bbox 1091 1260 1178 1292; x_wconf 88' lang='lat' dir='ltr'>deos.</span> <span class='ocrx_word' id='word_1_217' title='bbox 1195 1261 1241 1292; x_wconf 84' lang='lat' dir='ltr'>sic</span> <span class='ocrx_word' id='word_1_218' title='bbox 1259 1261 1337 1291; x_wconf 89' lang='lat' dir='ltr'>olim</span> <span class='ocrx_word' id='word_1_219' title='bbox 1351 1264 1406 1292; x_wconf 87' lang='lat' dir='ltr'>Sa-</span> 
     </span>
     <span class='ocr_line' id='line_1_24' title="bbox 74 1307 1406 1348; baseline -0.002 -7"><span class='ocrx_word' id='word_1_220' title='bbox 74 1323 90 1337; x_wconf 81' lang='lat'>«</span> <span class='ocrx_word' id='word_1_221' title='bbox 109 1310 271 1341; x_wconf 83' lang='lat' dir='ltr'>crovirum</span> <span class='ocrx_word' id='word_1_222' title='bbox 290 1311 322 1340; x_wconf 88' lang='lat' dir='ltr'>et</span> <span class='ocrx_word' id='word_1_223' title='bbox 347 1308 468 1339; x_wconf 83' lang='lat' dir='ltr'>AEduos</span> <span class='ocrx_word' id='word_1_224' title='bbox 485 1308 509 1346; x_wconf 91' lang='lat'>¹,</span> <span class='ocrx_word' id='word_1_225' title='bbox 534 1316 636 1347; x_wconf 87' lang='lat' dir='ltr'>nuper</span> <span class='ocrx_word' id='word_1_226' title='bbox 660 1307 827 1338; x_wconf 82' lang='lat' dir='ltr'>Vindicem</span> <span class='ocrx_word' id='word_1_227' title='bbox 851 1307 1030 1347; x_wconf 75' lang='lat' dir='ltr'>Galliasque</span> <span class='ocrx_word' id='word_1_228' title='bbox 1045 1307 1177 1346; x_wconf 78' lang='lat' dir='ltr'>singulis</span> <span class='ocrx_word' id='word_1_229' title='bbox 1194 1307 1314 1348; x_wconf 80' lang='lat' dir='ltr'>proeliis</span> <span class='ocrx_word' id='word_1_230' title='bbox 1332 1316 1406 1338; x_wconf 88' lang='lat' dir='ltr'>con-</span> 
     </span>
     <span class='ocr_line' id='line_1_25' title="bbox 76 1354 1407 1394; baseline -0.002 -6"><span class='ocrx_word' id='word_1_231' title='bbox 76 1370 91 1384; x_wconf 62' lang='lat' dir='ltr'>a&lt;</span> <span class='ocrx_word' id='word_1_232' title='bbox 108 1357 236 1388; x_wconf 82' lang='lat' dir='ltr'>cidisse.</span> <span class='ocrx_word' id='word_1_233' title='bbox 256 1356 368 1387; x_wconf 84' lang='lat' dir='ltr'>eadem</span> <span class='ocrx_word' id='word_1_234' title='bbox 384 1363 494 1385; x_wconf 77' lang='lat' dir='ltr'>rursus</span> <span class='ocrx_word' id='word_1_235' title='bbox 508 1354 659 1392; x_wconf 82' lang='lat' dir='ltr'>numina,</span> <span class='ocrx_word' id='word_1_236' title='bbox 676 1354 787 1385; x_wconf 84' lang='lat' dir='ltr'>eadem</span> <span class='ocrx_word' id='word_1_237' title='bbox 809 1354 875 1385; x_wconf 84' lang='lat' dir='ltr'>sata</span> <span class='ocrx_word' id='word_1_238' title='bbox 895 1357 1042 1394; x_wconf 89' lang='lat' dir='ltr'>ruptores</span> <span class='ocrx_word' id='word_1_239' title='bbox 1063 1354 1221 1385; x_wconf 77' lang='lat' dir='ltr'>foederum</span> <span class='ocrx_word' id='word_1_240' title='bbox 1243 1357 1407 1394; x_wconf 86' lang='lat' dir='ltr'>exspecta-</span> 
     </span>
     <span class='ocr_line' id='line_1_26' title="bbox 75 1400 1406 1440; baseline -0.002 -5"><span class='ocrx_word' id='word_1_241' title='bbox 75 1417 91 1431; x_wconf 90' lang='lat'>«</span> <span class='ocrx_word' id='word_1_242' title='bbox 110 1407 192 1436; x_wconf 89' lang='lat' dir='ltr'>rent.</span> <span class='ocrx_word' id='word_1_243' title='bbox 213 1403 327 1434; x_wconf 81' lang='lat' dir='ltr'>melius</span> <span class='ocrx_word' id='word_1_244' title='bbox 346 1402 422 1433; x_wconf 89' lang='lat' dir='ltr'>divo</span> <span class='ocrx_word' id='word_1_245' title='bbox 440 1402 526 1432; x_wconf 89' lang='lat' dir='ltr'>Julio</span> <span class='ocrx_word' id='word_1_246' title='bbox 542 1401 684 1440; x_wconf 83' lang='lat' dir='ltr'>divoque</span> <span class='ocrx_word' id='word_1_247' title='bbox 701 1403 845 1440; x_wconf 68' lang='lat' dir='ltr'>Augusto</span> <span class='ocrx_word' id='word_1_248' title='bbox 862 1404 955 1432; x_wconf 86' lang='lat' dir='ltr'>notos</span> <span class='ocrx_word' id='word_1_249' title='bbox 971 1410 1084 1432; x_wconf 88' lang='lat' dir='ltr'>eorum</span> <span class='ocrx_word' id='word_1_250' title='bbox 1102 1401 1228 1432; x_wconf 85' lang='lat' dir='ltr'>animos</span> <span class='ocrx_word' id='word_1_251' title='bbox 1248 1410 1255 1430; x_wconf 92' lang='lat'>:</span> <span class='ocrx_word' id='word_1_252' title='bbox 1275 1400 1406 1433; x_wconf 86' lang='lat' dir='ltr'>Galbam</span> 
     </span>
     <span class='ocr_line' id='line_1_27' title="bbox 73 1451 1407 1492; baseline -0.003 -6"><span class='ocrx_word' id='word_1_253' title='bbox 73 1468 90 1482; x_wconf 75' lang='grc' dir='ltr'>«ι</span> <span class='ocrx_word' id='word_1_254' title='bbox 110 1456 142 1487; x_wconf 88' lang='lat' dir='ltr'>et</span> <span class='ocrx_word' id='word_1_255' title='bbox 167 1455 301 1486; x_wconf 82' lang='lat' dir='ltr'>infracta</span> <span class='ocrx_word' id='word_1_256' title='bbox 325 1453 444 1484; x_wconf 83' lang='lat' dir='ltr'>tributa</span> <span class='ocrx_word' id='word_1_257' title='bbox 462 1452 594 1482; x_wconf 77' lang='lat' dir='ltr'>hostiles</span> <span class='ocrx_word' id='word_1_258' title='bbox 611 1451 744 1491; x_wconf 78' lang='lat' dir='ltr'>spiritus</span> <span class='ocrx_word' id='word_1_259' title='bbox 764 1451 908 1482; x_wconf 88' lang='lat' dir='ltr'>induisse</span> <span class='ocrx_word' id='word_1_260' title='bbox 920 1451 946 1481; x_wconf 90' lang='lat'>².</span> <span class='ocrx_word' id='word_1_261' title='bbox 965 1460 1053 1482; x_wconf 87' lang='lat' dir='ltr'>nunc</span> <span class='ocrx_word' id='word_1_262' title='bbox 1069 1451 1200 1490; x_wconf 87' lang='lat' dir='ltr'>hostes,</span> <span class='ocrx_word' id='word_1_263' title='bbox 1220 1453 1297 1492; x_wconf 86' lang='lat' dir='ltr'>quia</span> <span class='ocrx_word' id='word_1_264' title='bbox 1313 1451 1407 1482; x_wconf 89' lang='lat' dir='ltr'>molle</span> 
     </span>
     <span class='ocr_line' id='line_1_28' title="bbox 74 1498 1407 1540; baseline -0.004 -7"><span class='ocrx_word' id='word_1_265' title='bbox 74 1515 91 1529; x_wconf 88' lang='lat'>«</span> <span class='ocrx_word' id='word_1_266' title='bbox 110 1501 295 1538; x_wconf 82' lang='lat' dir='ltr'>servitium3</span> <span class='ocrx_word' id='word_1_267' title='bbox 314 1509 414 1540; x_wconf 85' lang='lat' dir='ltr'>quum</span> <span class='ocrx_word' id='word_1_268' title='bbox 432 1499 560 1539; x_wconf 86' lang='lat' dir='ltr'>spoliati</span> <span class='ocrx_word' id='word_1_269' title='bbox 578 1499 732 1538; x_wconf 85' lang='lat' dir='ltr'>exutique</span> <span class='ocrx_word' id='word_1_270' title='bbox 749 1498 889 1538; x_wconf 71' lang='lat' dir='ltr'>fuerint,</span> <span class='ocrx_word' id='word_1_271' title='bbox 908 1498 1029 1529; x_wconf 85' lang='lat' dir='ltr'>amicos</span> <span class='ocrx_word' id='word_1_272' title='bbox 1046 1499 1122 1529; x_wconf 81' lang='lat' dir='ltr'>sore.</span> <span class='ocrx_word' id='word_1_273' title='bbox 1140 1511 1154 1525; x_wconf 72' lang='lat'>&gt;2</span> <span class='ocrx_word' id='word_1_274' title='bbox 1173 1499 1244 1530; x_wconf 87' lang='lat' dir='ltr'>haec</span> <span class='ocrx_word' id='word_1_275' title='bbox 1257 1498 1407 1530; x_wconf 81' lang='lat' dir='ltr'>ferociter</span> 
     </span>
     <span class='ocr_line' id='line_1_29' title="bbox 71 1548 1407 1591; baseline -0.002 -9"><span class='ocrx_word' id='word_1_276' title='bbox 71 1552 216 1590; x_wconf 87' lang='lat' dir='ltr'>locutus,</span> <span class='ocrx_word' id='word_1_277' title='bbox 232 1551 404 1591; x_wconf 82' lang='lat' dir='ltr'>postquam</span> <span class='ocrx_word' id='word_1_278' title='bbox 421 1551 565 1589; x_wconf 85' lang='lat' dir='ltr'>perstare</span> <span class='ocrx_word' id='word_1_279' title='bbox 579 1549 612 1579; x_wconf 93' lang='lat' dir='ltr'>in</span> <span class='ocrx_word' id='word_1_280' title='bbox 626 1548 760 1588; x_wconf 78' lang='lat' dir='ltr'>pertidia</span> <span class='ocrx_word' id='word_1_281' title='bbox 774 1548 949 1579; x_wconf 84' lang='lat' dir='ltr'>Classicum</span> <span class='ocrx_word' id='word_1_282' title='bbox 961 1550 1178 1587; x_wconf 84' lang='lat' dir='ltr'>Tutoremque</span> <span class='ocrx_word' id='word_1_283' title='bbox 1193 1549 1298 1588; x_wconf 80' lang='lat' dir='ltr'>videt,</span> <span class='ocrx_word' id='word_1_284' title='bbox 1313 1557 1407 1579; x_wconf 86' lang='lat' dir='ltr'>verso</span> 
     </span>
     <span class='ocr_line' id='line_1_30' title="bbox 72 1597 1407 1638; baseline -0.003 -5"><span class='ocrx_word' id='word_1_285' title='bbox 72 1602 188 1634; x_wconf 88' lang='lat' dir='ltr'>itinere</span> <span class='ocrx_word' id='word_1_286' title='bbox 201 1600 377 1632; x_wconf 87' lang='lat' dir='ltr'>Novesium</span> <span class='ocrx_word' id='word_1_287' title='bbox 399 1599 558 1630; x_wconf 76' lang='lat' dir='ltr'>concedit.</span> <span class='ocrx_word' id='word_1_288' title='bbox 576 1598 655 1630; x_wconf 77' lang='lat' dir='ltr'>Galli</span> <span class='ocrx_word' id='word_1_289' title='bbox 672 1597 775 1628; x_wconf 84' lang='lat' dir='ltr'>duum</span> <span class='ocrx_word' id='word_1_290' title='bbox 796 1598 933 1628; x_wconf 90' lang='lat' dir='ltr'>millium</span> <span class='ocrx_word' id='word_1_291' title='bbox 954 1598 1057 1637; x_wconf 90' lang='lat' dir='ltr'>spatio</span> <span class='ocrx_word' id='word_1_292' title='bbox 1072 1597 1267 1628; x_wconf 81' lang='lat' dir='ltr'>distantibus</span> <span class='ocrx_word' id='word_1_293' title='bbox 1284 1598 1407 1638; x_wconf 84' lang='lat' dir='ltr'>campis</span> 
     </span>
     <span class='ocr_line' id='line_1_31' title="bbox 74 1644 1405 1685; baseline -0.003 -5"><span class='ocrx_word' id='word_1_294' title='bbox 74 1648 257 1681; x_wconf 82' lang='lat' dir='ltr'>consedere.</span> <span class='ocrx_word' id='word_1_295' title='bbox 274 1648 353 1678; x_wconf 88' lang='lat' dir='ltr'>illuc</span> <span class='ocrx_word' id='word_1_296' title='bbox 367 1646 618 1677; x_wconf 75' lang='lat' dir='ltr'>commeantium</span> <span class='ocrx_word' id='word_1_297' title='bbox 634 1645 860 1675; x_wconf 79' lang='lat' dir='ltr'>centurionum</span> <span class='ocrx_word' id='word_1_298' title='bbox 875 1644 1079 1684; x_wconf 82' lang='lat' dir='ltr'>militumque</span> <span class='ocrx_word' id='word_1_299' title='bbox 1092 1644 1281 1675; x_wconf 76' lang='lat' dir='ltr'>emebantur</span> <span class='ocrx_word' id='word_1_300' title='bbox 1294 1645 1405 1685; x_wconf 88' lang='lat' dir='ltr'>animi,</span> 
     </span>
     <span class='ocr_line' id='line_1_32' title="bbox 73 1692 1405 1738; baseline -0.003 -9"><span class='ocrx_word' id='word_1_301' title='bbox 73 1700 112 1730; x_wconf 89' lang='lat' dir='ltr'>ut</span> <span class='ocrx_word' id='word_1_302' title='bbox 130 1697 300 1738; x_wconf 80' lang='lat' dir='ltr'>(flagitium</span> <span class='ocrx_word' id='word_1_303' title='bbox 326 1694 541 1735; x_wconf 80' lang='lat' dir='ltr'>incognitum)</span> <span class='ocrx_word' id='word_1_304' title='bbox 560 1698 728 1725; x_wconf 77' lang='lat' dir='ltr'>Romanus</span> <span class='ocrx_word' id='word_1_305' title='bbox 746 1694 908 1725; x_wconf 73' lang='lat' dir='ltr'>exercitus</span> <span class='ocrx_word' id='word_1_306' title='bbox 926 1694 959 1724; x_wconf 91' lang='lat' dir='ltr'>in</span> <span class='ocrx_word' id='word_1_307' title='bbox 976 1696 1108 1724; x_wconf 84' lang='lat' dir='ltr'>externa</span> <span class='ocrx_word' id='word_1_308' title='bbox 1125 1693 1223 1724; x_wconf 70' lang='lat' dir='ltr'>verba</span> <span class='ocrx_word' id='word_1_309' title='bbox 1239 1692 1405 1735; x_wconf 84' lang='lat' dir='ltr'>jurarent,</span> 
     </span>
     <span class='ocr_line' id='line_1_33' title="bbox 72 1740 1406 1786; baseline -0.002 -11"><span class='ocrx_word' id='word_1_310' title='bbox 72 1746 254 1786; x_wconf 80' lang='lat' dir='ltr'>pignusque</span> <span class='ocrx_word' id='word_1_311' title='bbox 276 1743 359 1774; x_wconf 83' lang='lat' dir='ltr'>tanti</span> <span class='ocrx_word' id='word_1_312' title='bbox 384 1742 512 1773; x_wconf 86' lang='lat' dir='ltr'>sceleris</span> <span class='ocrx_word' id='word_1_313' title='bbox 537 1750 614 1771; x_wconf 87' lang='lat' dir='ltr'>nece</span> <span class='ocrx_word' id='word_1_314' title='bbox 640 1743 697 1771; x_wconf 81' lang='lat' dir='ltr'>aut</span> <span class='ocrx_word' id='word_1_315' title='bbox 721 1741 861 1771; x_wconf 80' lang='lat' dir='ltr'>vinculis</span> <span class='ocrx_word' id='word_1_316' title='bbox 888 1741 1064 1779; x_wconf 77' lang='lat' dir='ltr'>legatorum</span> <span class='ocrx_word' id='word_1_317' title='bbox 1090 1740 1233 1771; x_wconf 85' lang='lat' dir='ltr'>daretur.</span> <span class='ocrx_word' id='word_1_318' title='bbox 1260 1741 1406 1781; x_wconf 86' lang='lat' dir='ltr'>Vocula,</span> 
     </span>
     <span class='ocr_line' id='line_1_34' title="bbox 72 1787 1407 1833; baseline -0.002 -10"><span class='ocrx_word' id='word_1_319' title='bbox 72 1800 271 1833; x_wconf 80' lang='lat' dir='ltr'>quamquam</span> <span class='ocrx_word' id='word_1_320' title='bbox 289 1790 436 1830; x_wconf 81' lang='lat' dir='ltr'>plerique</span> <span class='ocrx_word' id='word_1_321' title='bbox 453 1789 562 1828; x_wconf 78' lang='lat' dir='ltr'>sugam</span> <span class='ocrx_word' id='word_1_322' title='bbox 577 1787 778 1827; x_wconf 88' lang='lat' dir='ltr'>suadebant,</span> <span class='ocrx_word' id='word_1_323' title='bbox 793 1787 981 1818; x_wconf 84' lang='lat' dir='ltr'>audendum</span> <span class='ocrx_word' id='word_1_324' title='bbox 997 1790 1105 1827; x_wconf 83' lang='lat' dir='ltr'>ratus,</span> <span class='ocrx_word' id='word_1_325' title='bbox 1120 1788 1236 1818; x_wconf 80' lang='lat' dir='ltr'>vocata</span> <span class='ocrx_word' id='word_1_326' title='bbox 1252 1788 1407 1820; x_wconf 89' lang='lat' dir='ltr'>concione</span> 
     </span>
     <span class='ocr_line' id='line_1_35' title="bbox 73 1835 555 1871; baseline -0.012 0"><span class='ocrx_word' id='word_1_327' title='bbox 73 1840 107 1871; x_wconf 88' lang='lat' dir='ltr'>in</span> <span class='ocrx_word' id='word_1_328' title='bbox 122 1840 211 1870; x_wconf 88' lang='lat' dir='ltr'>hunc</span> <span class='ocrx_word' id='word_1_329' title='bbox 228 1838 324 1868; x_wconf 88' lang='lat' dir='ltr'>modu</span> <span class='ocrx_word' id='word_1_330' title='bbox 333 1846 361 1867; x_wconf 90' lang='lat' dir='ltr'>m</span> <span class='ocrx_word' id='word_1_331' title='bbox 378 1835 529 1868; x_wconf 84' lang='lat' dir='ltr'>disseruit</span> <span class='ocrx_word' id='word_1_332' title='bbox 547 1844 555 1865; x_wconf 72' lang='grc' dir='ltr'><strong><em>ε</em></strong></span> 
     </span>
    </p>

    <p class='ocr_par' dir='ltr' id='par_1_14' title="bbox 70 1880 1407 2256">
     <span class='ocr_line' id='line_1_36' title="bbox 114 1880 1406 1924; baseline -0.003 -6"><span class='ocrx_word' id='word_1_333' title='bbox 114 1889 223 1918; x_wconf 81' lang='lat' dir='ltr'>LVIII.</span> <span class='ocrx_word' id='word_1_334' title='bbox 247 1898 261 1912; x_wconf 89' lang='lat'>«</span> <span class='ocrx_word' id='word_1_335' title='bbox 276 1890 450 1924; x_wconf 84' lang='lat' dir='ltr'>Nunquam</span> <span class='ocrx_word' id='word_1_336' title='bbox 468 1882 553 1922; x_wconf 81' lang='lat' dir='ltr'>apud</span> <span class='ocrx_word' id='word_1_337' title='bbox 573 1890 632 1913; x_wconf 70' lang='lat' dir='ltr'>vos</span> <span class='ocrx_word' id='word_1_338' title='bbox 645 1881 744 1914; x_wconf 74' lang='lat' dir='ltr'>verba</span> <span class='ocrx_word' id='word_1_339' title='bbox 758 1880 820 1912; x_wconf 80' lang='lat' dir='ltr'>feci</span> <span class='ocrx_word' id='word_1_340' title='bbox 839 1882 897 1912; x_wconf 88' lang='lat' dir='ltr'>aut</span> <span class='ocrx_word' id='word_1_341' title='bbox 911 1890 969 1921; x_wconf 91' lang='lat' dir='ltr'>pro</span> <span class='ocrx_word' id='word_1_342' title='bbox 983 1880 1074 1912; x_wconf 86' lang='lat' dir='ltr'>vobis</span> <span class='ocrx_word' id='word_1_343' title='bbox 1087 1880 1256 1912; x_wconf 88' lang='lat' dir='ltr'>sollicitior</span> <span class='ocrx_word' id='word_1_344' title='bbox 1273 1882 1330 1913; x_wconf 81' lang='lat' dir='ltr'>aut</span> <span class='ocrx_word' id='word_1_345' title='bbox 1348 1890 1406 1922; x_wconf 92' lang='lat' dir='ltr'>pro</span> 
     </span>
     <span class='ocr_line' id='line_1_37' title="bbox 74 1927 1407 1969; baseline -0.002 -6"><span class='ocrx_word' id='word_1_346' title='bbox 74 1948 89 1963; x_wconf 68' lang='grc' dir='ltr'>«ι</span> <span class='ocrx_word' id='word_1_347' title='bbox 110 1943 161 1965; x_wconf 86' lang='lat' dir='ltr'>mc</span> <span class='ocrx_word' id='word_1_348' title='bbox 178 1933 332 1964; x_wconf 81' lang='lat' dir='ltr'>securior.</span> <span class='ocrx_word' id='word_1_349' title='bbox 352 1941 427 1962; x_wconf 82' lang='lat' dir='ltr'>nam</span> <span class='ocrx_word' id='word_1_350' title='bbox 445 1929 525 1961; x_wconf 86' lang='lat' dir='ltr'>mihi</span> <span class='ocrx_word' id='word_1_351' title='bbox 542 1929 678 1960; x_wconf 78' lang='lat' dir='ltr'>exitium</span> <span class='ocrx_word' id='word_1_352' title='bbox 697 1929 806 1969; x_wconf 81' lang='lat' dir='ltr'>parari</span> <span class='ocrx_word' id='word_1_353' title='bbox 824 1928 926 1959; x_wconf 88' lang='lat' dir='ltr'>libens</span> <span class='ocrx_word' id='word_1_354' title='bbox 946 1927 1045 1959; x_wconf 87' lang='lat' dir='ltr'>audio</span> <span class='ocrx_word' id='word_1_355' title='bbox 1058 1951 1067 1967; x_wconf 86' lang='lat'>,</span> <span class='ocrx_word' id='word_1_356' title='bbox 1088 1929 1293 1968; x_wconf 85' lang='lat' dir='ltr'>mortemque</span> <span class='ocrx_word' id='word_1_357' title='bbox 1310 1929 1342 1959; x_wconf 91' lang='lat' dir='ltr'>in</span> <span class='ocrx_word' id='word_1_358' title='bbox 1358 1931 1407 1960; x_wconf 83' lang='lat' dir='ltr'>tot</span> 
     </span>
     <span class='ocr_line' id='line_1_38' title="bbox 73 1975 1404 2021; baseline -0.001 -12"><span class='ocrx_word' id='word_1_359' title='bbox 73 1996 89 2009; x_wconf 63' lang='grc' dir='ltr'>ι(</span> <span class='ocrx_word' id='word_1_360' title='bbox 108 1981 200 2012; x_wconf 90' lang='lat' dir='ltr'>malis</span> <span class='ocrx_word' id='word_1_361' title='bbox 228 1978 400 2021; x_wconf 83' lang='lat' dir='ltr'>[bostium]</span> <span class='ocrx_word' id='word_1_362' title='bbox 422 1981 458 2009; x_wconf 90' lang='lat' dir='ltr'>ut</span> <span class='ocrx_word' id='word_1_363' title='bbox 475 1977 570 2007; x_wconf 78' lang='lat' dir='ltr'>finem</span> <span class='ocrx_word' id='word_1_364' title='bbox 592 1976 798 2007; x_wconf 81' lang='lat' dir='ltr'>miseriarum</span> <span class='ocrx_word' id='word_1_365' title='bbox 821 1978 984 2015; x_wconf 86' lang='lat' dir='ltr'>exspecto.</span> <span class='ocrx_word' id='word_1_366' title='bbox 1001 1975 1104 2006; x_wconf 84' lang='lat' dir='ltr'>Vestri</span> <span class='ocrx_word' id='word_1_367' title='bbox 1119 1983 1172 2006; x_wconf 87' lang='lat' dir='ltr'>me</span> <span class='ocrx_word' id='word_1_368' title='bbox 1191 1975 1292 2015; x_wconf 86' lang='lat' dir='ltr'>pudet</span> <span class='ocrx_word' id='word_1_369' title='bbox 1313 1975 1404 2008; x_wconf 87' lang='lat' dir='ltr'>mise-</span> 
     </span>
     <span class='ocr_line' id='line_1_39' title="bbox 70 2021 1404 2067; baseline -0.004 -9"><span class='ocrx_word' id='word_1_370' title='bbox 70 2043 86 2054; x_wconf 69' lang='grc' dir='ltr'>«ι</span> <span class='ocrx_word' id='word_1_371' title='bbox 106 2028 217 2067; x_wconf 70' lang='lat' dir='ltr'>rc‘tquc</span> <span class='ocrx_word' id='word_1_372' title='bbox 231 2051 239 2066; x_wconf 93' lang='lat'>,</span> <span class='ocrx_word' id='word_1_373' title='bbox 260 2027 416 2057; x_wconf 85' lang='lat' dir='ltr'>adversus</span> <span class='ocrx_word' id='word_1_374' title='bbox 433 2035 515 2065; x_wconf 88' lang='lat' dir='ltr'>quos</span> <span class='ocrx_word' id='word_1_375' title='bbox 532 2033 597 2056; x_wconf 88' lang='lat' dir='ltr'>non</span> <span class='ocrx_word' id='word_1_376' title='bbox 612 2023 764 2064; x_wconf 77' lang='lat' dir='ltr'>proelium</span> <span class='ocrx_word' id='word_1_377' title='bbox 785 2025 818 2053; x_wconf 89' lang='lat' dir='ltr'>et</span> <span class='ocrx_word' id='word_1_378' title='bbox 834 2023 918 2054; x_wconf 84' lang='lat' dir='ltr'>acies</span> <span class='ocrx_word' id='word_1_379' title='bbox 940 2025 1114 2062; x_wconf 69' lang='lat' dir='ltr'>parantur-3</span> <span class='ocrx_word' id='word_1_380' title='bbox 1134 2021 1168 2052; x_wconf 93' lang='lat' dir='ltr'>id</span> <span class='ocrx_word' id='word_1_381' title='bbox 1191 2022 1277 2054; x_wconf 90' lang='lat' dir='ltr'>enim</span> <span class='ocrx_word' id='word_1_382' title='bbox 1293 2022 1340 2053; x_wconf 84' lang='lat' dir='ltr'>sas</span> <span class='ocrx_word' id='word_1_383' title='bbox 1355 2031 1404 2053; x_wconf 86' lang='lat' dir='ltr'>ar-</span> 
     </span>
     <span class='ocr_line' id='line_1_40' title="bbox 72 2069 1405 2112; baseline -0.003 -7"><span class='ocrx_word' id='word_1_384' title='bbox 72 2087 87 2101; x_wconf 76' lang='lat'>«</span> <span class='ocrx_word' id='word_1_385' title='bbox 108 2084 235 2105; x_wconf 88' lang='lat' dir='ltr'>morum</span> <span class='ocrx_word' id='word_1_386' title='bbox 257 2077 290 2105; x_wconf 86' lang='lat' dir='ltr'>et</span> <span class='ocrx_word' id='word_1_387' title='bbox 313 2074 365 2112; x_wconf 84' lang='lat' dir='ltr'>jus</span> <span class='ocrx_word' id='word_1_388' title='bbox 392 2073 553 2103; x_wconf 86' lang='lat' dir='ltr'>bostium¹</span> <span class='ocrx_word' id='word_1_389' title='bbox 584 2072 651 2109; x_wconf 90' lang='lat' dir='ltr'>est;</span> <span class='ocrx_word' id='word_1_390' title='bbox 677 2070 799 2102; x_wconf 88' lang='lat' dir='ltr'>bellum</span> <span class='ocrx_word' id='word_1_391' title='bbox 827 2078 902 2100; x_wconf 89' lang='lat' dir='ltr'>cum</span> <span class='ocrx_word' id='word_1_392' title='bbox 923 2069 1044 2110; x_wconf 88' lang='lat' dir='ltr'>populo</span> <span class='ocrx_word' id='word_1_393' title='bbox 1060 2073 1207 2100; x_wconf 81' lang='lat' dir='ltr'>Romano</span> <span class='ocrx_word' id='word_1_394' title='bbox 1229 2069 1346 2100; x_wconf 84' lang='lat' dir='ltr'>vestris</span> <span class='ocrx_word' id='word_1_395' title='bbox 1371 2078 1405 2101; x_wconf 86' lang='lat' dir='ltr'>se</span> 
     </span>
     <span class='ocr_line' id='line_1_41' title="bbox 73 2115 1403 2161; baseline -0.005 -9"><span class='ocrx_word' id='word_1_396' title='bbox 73 2134 87 2147; x_wconf 83' lang='lat'>«</span> <span class='ocrx_word' id='word_1_397' title='bbox 108 2122 257 2152; x_wconf 83' lang='lat' dir='ltr'>manibus</span> <span class='ocrx_word' id='word_1_398' title='bbox 272 2123 437 2161; x_wconf 80' lang='lat' dir='ltr'>gesturum</span> <span class='ocrx_word' id='word_1_399' title='bbox 452 2119 614 2151; x_wconf 84' lang='lat' dir='ltr'>Classicus</span> <span class='ocrx_word' id='word_1_400' title='bbox 627 2119 735 2157; x_wconf 84' lang='lat' dir='ltr'>sperat</span> <span class='ocrx_word' id='word_1_401' title='bbox 747 2141 756 2156; x_wconf 82' lang='lat'>,</span> <span class='ocrx_word' id='word_1_402' title='bbox 772 2117 1009 2156; x_wconf 86' lang='lat' dir='ltr'>imperiumque</span> <span class='ocrx_word' id='word_1_403' title='bbox 1027 2119 1059 2147; x_wconf 86' lang='lat' dir='ltr'>et</span> <span class='ocrx_word' id='word_1_404' title='bbox 1078 2119 1316 2147; x_wconf 80' lang='lat' dir='ltr'>sacramentum</span> <span class='ocrx_word' id='word_1_405' title='bbox 1331 2115 1403 2147; x_wconf 80' lang='lat' dir='ltr'>Gal-</span> 
     </span>
     <span class='ocr_line' id='line_1_42' title="bbox 73 2162 1404 2205; baseline -0.006 -5"><span class='ocrx_word' id='word_1_406' title='bbox 73 2182 87 2195; x_wconf 94' lang='lat'>«</span> <span class='ocrx_word' id='word_1_407' title='bbox 107 2169 222 2200; x_wconf 85' lang='lat' dir='ltr'>liarum</span> <span class='ocrx_word' id='word_1_408' title='bbox 236 2169 389 2200; x_wconf 86' lang='lat' dir='ltr'>ostentat.</span> <span class='ocrx_word' id='word_1_409' title='bbox 405 2167 484 2198; x_wconf 86' lang='lat' dir='ltr'>adeo</span> <span class='ocrx_word' id='word_1_410' title='bbox 497 2175 556 2197; x_wconf 89' lang='lat' dir='ltr'>nos</span> <span class='ocrx_word' id='word_1_411' title='bbox 569 2166 596 2197; x_wconf 92' lang='lat' dir='ltr'>si</span> <span class='ocrx_word' id='word_1_412' title='bbox 610 2165 741 2196; x_wconf 85' lang='lat' dir='ltr'>fortuna</span> <span class='ocrx_word' id='word_1_413' title='bbox 754 2165 787 2195; x_wconf 93' lang='lat' dir='ltr'>in</span> <span class='ocrx_word' id='word_1_414' title='bbox 802 2172 945 2205; x_wconf 82' lang='lat' dir='ltr'>praesens</span> <span class='ocrx_word' id='word_1_415' title='bbox 956 2163 1123 2203; x_wconf 86' lang='lat' dir='ltr'>virtusque</span> <span class='ocrx_word' id='word_1_416' title='bbox 1137 2162 1291 2201; x_wconf 85' lang='lat' dir='ltr'>descruit,</span> <span class='ocrx_word' id='word_1_417' title='bbox 1306 2162 1404 2193; x_wconf 85' lang='lat' dir='ltr'>etiam</span> 
     </span>
     <span class='ocr_line' id='line_1_43' title="bbox 74 2210 1403 2256; baseline -0.007 -9"><span class='ocrx_word' id='word_1_418' title='bbox 74 2229 88 2242; x_wconf 88' lang='lat'>«</span> <span class='ocrx_word' id='word_1_419' title='bbox 108 2218 218 2247; x_wconf 80' lang='lat' dir='ltr'>vetera</span> <span class='ocrx_word' id='word_1_420' title='bbox 239 2215 387 2256; x_wconf 79' lang='lat' dir='ltr'>exempla</span> <span class='ocrx_word' id='word_1_421' title='bbox 401 2214 580 2253; x_wconf 81' lang='lat' dir='ltr'>deliciunt,</span> <span class='ocrx_word' id='word_1_422' title='bbox 601 2212 729 2253; x_wconf 88' lang='lat' dir='ltr'>quoties</span> <span class='ocrx_word' id='word_1_423' title='bbox 746 2216 901 2244; x_wconf 80' lang='lat' dir='ltr'>Romanae</span> <span class='ocrx_word' id='word_1_424' title='bbox 916 2210 1056 2251; x_wconf 75' lang='lat' dir='ltr'>legiones</span> <span class='ocrx_word' id='word_1_425' title='bbox 1078 2210 1184 2250; x_wconf 88' lang='lat' dir='ltr'>perire</span> <span class='ocrx_word' id='word_1_426' title='bbox 1205 2211 1403 2249; x_wconf 85' lang='lat' dir='ltr'>praeoptave-</span> 
     </span>
    </p>
   </div>
   <div class='ocr_carea' id='block_1_3' title="bbox 53 2296 1406 2473">
    <p class='ocr_par' dir='ltr' id='par_1_15' title="bbox 53 2296 1406 2473">
     <span class='ocr_line' id='line_1_44' title="bbox 101 2296 1403 2330; baseline -0.006 -4"><span class='ocrx_word' id='word_1_427' title='bbox 101 2304 164 2327; x_wconf 85' lang='lat' dir='ltr'>LVI.</span> <span class='ocrx_word' id='word_1_428' title='bbox 183 2308 201 2325; x_wconf 61' lang='grc' dir='ltr'>ι»</span> <span class='ocrx_word' id='word_1_429' title='bbox 215 2302 300 2330; x_wconf 82' lang='lat' dir='ltr'>Supra</span> <span class='ocrx_word' id='word_1_430' title='bbox 315 2308 339 2325; x_wconf 89' lang='lat' dir='ltr'>c.</span> <span class='ocrx_word' id='word_1_431' title='bbox 359 2307 395 2325; x_wconf 70' lang='grc' dir='ltr'>ιε.</span> <span class='ocrx_word' id='word_1_432' title='bbox 409 2301 595 2330; x_wconf 77' lang='lat' dir='ltr'>conventum,</span> <span class='ocrx_word' id='word_1_433' title='bbox 610 2299 770 2323; x_wconf 78' lang='lat' dir='ltr'>societatem</span> <span class='ocrx_word' id='word_1_434' title='bbox 783 2299 946 2323; x_wconf 75' lang='lat' dir='ltr'>Batavorum</span> <span class='ocrx_word' id='word_1_435' title='bbox 961 2296 1178 2327; x_wconf 77' lang='lat' dir='ltr'>conspirantium</span> <span class='ocrx_word' id='word_1_436' title='bbox 1189 2296 1219 2320; x_wconf 84' lang='lat' dir='ltr'>iu</span> <span class='ocrx_word' id='word_1_437' title='bbox 1229 2297 1403 2320; x_wconf 77' lang='lat' dir='ltr'>Romanos.—</span> 
     </span>
     <span class='ocr_line' id='line_1_45' title="bbox 72 2337 573 2365; baseline -0.006 -3"><span class='ocrx_word' id='word_1_438' title='bbox 72 2344 93 2362; x_wconf 85' lang='lat'>2.</span> <span class='ocrx_word' id='word_1_439' title='bbox 110 2337 235 2364; x_wconf 83' lang='lat' dir='ltr'>Civilem,</span> <span class='ocrx_word' id='word_1_440' title='bbox 249 2337 294 2365; x_wconf 84' lang='lat' dir='ltr'>qui</span> <span class='ocrx_word' id='word_1_441' title='bbox 311 2339 408 2360; x_wconf 84' lang='lat' dir='ltr'>vetera</span> <span class='ocrx_word' id='word_1_442' title='bbox 422 2337 573 2360; x_wconf 81' lang='lat' dir='ltr'>obsidebat.</span> 
     </span>
     <span class='ocr_line' id='line_1_46' title="bbox 102 2366 1406 2401; baseline -0.004 -5"><span class='ocrx_word' id='word_1_443' title='bbox 102 2373 175 2396; x_wconf 88' lang='lat' dir='ltr'>LVII.</span> <span class='ocrx_word' id='word_1_444' title='bbox 191 2378 210 2396; x_wconf 83' lang='lat'>1.</span> <span class='ocrx_word' id='word_1_445' title='bbox 222 2373 324 2401; x_wconf 78' lang='lat' dir='ltr'>Quarto</span> <span class='ocrx_word' id='word_1_446' title='bbox 335 2373 438 2401; x_wconf 87' lang='lat' dir='ltr'>imperii</span> <span class='ocrx_word' id='word_1_447' title='bbox 449 2372 550 2396; x_wconf 88' lang='lat' dir='ltr'>Tiberii</span> <span class='ocrx_word' id='word_1_448' title='bbox 560 2376 641 2399; x_wconf 85' lang='lat' dir='ltr'>anuo,</span> <span class='ocrx_word' id='word_1_449' title='bbox 656 2371 730 2394; x_wconf 85' lang='grc' dir='ltr'><em>Αηη.</em></span> <span class='ocrx_word' id='word_1_450' title='bbox 746 2370 791 2398; x_wconf 84' lang='lat'>111,</span> <span class='ocrx_word' id='word_1_451' title='bbox 803 2374 901 2394; x_wconf 71' lang='lat'>40—46.</span> <span class='ocrx_word' id='word_1_452' title='bbox 919 2371 955 2395; x_wconf 85' lang='lat' dir='ltr'>De</span> <span class='ocrx_word' id='word_1_453' title='bbox 972 2369 1098 2396; x_wconf 71' lang='lat' dir='ltr'>Vindice</span> <span class='ocrx_word' id='word_1_454' title='bbox 1110 2373 1201 2399; x_wconf 31' lang='lat' dir='ltr'>supra,</span> <span class='ocrx_word' id='word_1_455' title='bbox 1212 2367 1246 2393; x_wconf 82' lang='lat' dir='ltr'>ad</span> <span class='ocrx_word' id='word_1_456' title='bbox 1259 2368 1284 2396; x_wconf 91' lang='lat'>1,</span> <span class='ocrx_word' id='word_1_457' title='bbox 1298 2371 1312 2391; x_wconf 78' lang='lat' dir='ltr'>e</span> <span class='ocrx_word' id='word_1_458' title='bbox 1327 2366 1406 2392; x_wconf 84' lang='lat' dir='ltr'>fin.-</span> 
     </span>
     <span class='ocr_line' id='line_1_47' title="bbox 77 2407 444 2435; baseline -0.008 -4"><span class='ocrx_word' id='word_1_459' title='bbox 77 2413 102 2432; x_wconf 85' lang='lat'>2.</span> <span class='ocrx_word' id='word_1_460' title='bbox 118 2407 263 2435; x_wconf 81' lang='lat' dir='ltr'>lndidissc;</span> <span class='ocrx_word' id='word_1_461' title='bbox 282 2407 315 2430; x_wconf 88' lang='lat' dir='ltr'>‹Ie</span> <span class='ocrx_word' id='word_1_462' title='bbox 331 2413 361 2430; x_wconf 87' lang='lat' dir='ltr'>re</span> <span class='ocrx_word' id='word_1_463' title='bbox 375 2408 393 2435; x_wconf 89' lang='lat'>1,</span> <span class='ocrx_word' id='word_1_464' title='bbox 408 2413 444 2430; x_wconf 74' lang='lat'>51.</span> 
     </span>
     <span class='ocr_line' id='line_1_48' title="bbox 53 2442 866 2473; baseline -0.001 -6"><span class='ocrx_word' id='word_1_465' title='bbox 53 2467 56 2470; x_wconf 74' lang='grc'>,</span> <span class='ocrx_word' id='word_1_466' title='bbox 102 2442 189 2467; x_wconf 77' lang='lat' dir='ltr'>LVIII.</span> <span class='ocrx_word' id='word_1_467' title='bbox 202 2447 228 2471; x_wconf 67' lang='lat' dir='ltr'>j.</span> <span class='ocrx_word' id='word_1_468' title='bbox 242 2443 289 2467; x_wconf 83' lang='lat' dir='ltr'>Jus</span> <span class='ocrx_word' id='word_1_469' title='bbox 305 2443 376 2468; x_wconf 85' lang='lat' dir='ltr'>inter</span> <span class='ocrx_word' id='word_1_470' title='bbox 393 2442 499 2471; x_wconf 82' lang='lat' dir='ltr'>hostcs;</span> <span class='ocrx_word' id='word_1_471' title='bbox 515 2445 545 2468; x_wconf 80' lang='lat' dir='ltr'>ut</span> <span class='ocrx_word' id='word_1_472' title='bbox 558 2443 715 2472; x_wconf 82' lang='lat' dir='ltr'>diciturjus</span> <span class='ocrx_word' id='word_1_473' title='bbox 728 2443 866 2473; x_wconf 65' lang='lat' dir='ltr'>flentium.</span> 
     </span>
    </p>
   </div>
  </div>
 </body>
</html>
