1539 2668
138 189 200 220 335
505 177 639 208 TAcrrl
661 174 937 207 msromanmu
960 175 1030 205 Lm.
1055 176 1093 204 11.

139 258 284 302 pravitas
298 254 476 287 amicorum
496 253 528 283 et
545 249 697 282 foecunda
710 249 876 289 gignendis
890 248 1069 279 inimicitiis
1082 248 1199 280 civitas
1216 251 1367 288 auxerat,
1384 249 1464 281 dum

138 306 283 343 ambitu,
299 300 455 333 comitatu
470 302 502 330 et
516 298 686 329 immensis
704 296 913 327 salutantium
929 296 1113 336 agminibus
1126 296 1324 327 contendunt
1340 304 1471 337 compa·

138 355 332 390 ranturque‚
350 347 446 379 variis
466 346 496 376 in
519 346 605 376 hunc
630 345 688 375 aut
708 343 801 374 illum
817 343 938 374 Vitellii
955 343 1228 375 inclinationibus.
1248 352 1307 374 nec
1322 352 1465 383 unquam

137 400 216 434 satis
233 397 296 429 sida
311 394 474 436 potentia,
491 392 545 422 ubi
564 391 666 422 nimia
685 392 744 422 est.
764 390 860 421 simul
877 391 984 431 ipsum
1001 390 1185 430 Vitellium,
1205 390 1320 422 subitis
1334 390 1467 422 offensis

137 449 196 479 aut
211 441 446 482 intempestivis
461 438 626 469 blanditiis
641 437 849 477 mutabilem,
865 437 1114 469 contemnebant
1131 438 1394 477 metuebantque.
1409 445 1467 468 nec

137 504 177 526 ρο
201 491 330 531 segnius
354 487 540 518 invaserant
559 485 692 524 domos,
715 485 827 516 hortos
847 494 989 526 opesque
1016 485 1162 525 imperii,
1180 494 1281 525 quum
1306 485 1419 516 flebilis
1436 485 1469 516 et

137 548 233 581 egens
257 536 415 568 nobilium
437 533 553 572 turba,
580 541 661 572 quos
687 532 775 573 ipsos
798 532 984 571 liberosque
1007 533 1124 571 patriae
1146 533 1244 563 Galba
1264 532 1467 572 reddiderat,

136 589 225 622 nulla
237 584 393 624 Principis
410 582 845 621 misericordiajuvarentur.
861 582 990 620 gratum
1005 580 1202 620 primoribus
1216 582 1358 614 etvitatis
1372 582 1468 613 etiam

136 636 247 678 plebes
261 630 454 673 approbavit
466 655 474 669 ‚
489 629 574 670 quod
592 628 730 659 reversis
747 627 788 658 ab
803 629 918 659 exsilio
928 629 1001 668 jura
1015 628 1205 658 libertorum
1218 630 1432 660 concessisset
1444 629 1469 667 ¹,

136 688 336 723 quamquam
352 678 382 709 id
397 677 486 708 omni
504 675 601 706 modo
616 675 746 706 servilia
760 675 888 713 ingenia
902 674 1154 714 corrumpebant
1167 698 1175 713 ‚
1190 675 1310 706 abditis
1327 675 1471 715 pecuniis

136 738 194 770 per
211 727 355 759 occultos
372 727 428 755 aut
446 723 637 754 ambitiosos
656 723 747 753 sinus
760 721 786 761 ²,
806 724 838 753 et
854 722 989 762 quidam
1006 722 1039 753 in
1056 721 1189 752 domum
1212 723 1347 753 Caesaris
1362 725 1470 753 trans-

137 776 237 818 gressi
253 775 351 814 atque
368 771 447 812 ipsis
465 770 608 801 dominis
626 770 834 810 potentiores.

179 825 286 855 XCIII.
311 820 369 851 Sed
396 819 487 849 miles
500 843 508 857 ‚
530 817 632 857 plenis
651 817 768 848 castris
786 818 817 848 et
836 816 1040 848 redundante
1057 816 1268 848 multitudine
1283 839 1291 854 ‚
1316 816 1349 847 in
1373 815 1471 857 porti-

136 871 231 903 cibus
247 870 303 900 aut
315 866 459 898 delubris
475 868 506 897 et
521 865 606 896 Urbe
620 866 688 895 tota
702 874 804 903 vagus
818 874 882 894 non
897 863 1056 903 principia
1071 863 1076 880 ¹
1095 872 1247 903 noscere,
1263 872 1327 894 non
1346 873 1474 900 servare

137 917 264 957 vigiiias
280 922 385 955 neque
399 913 508 943 labore
526 910 647 942 firmari
666 922 672 938 z
691 919 748 950 per
763 911 934 942 illecebras
950 910 1045 942 Urbis
1063 912 1095 941 et
1112 910 1282 941 inhonesta
1300 911 1386 942 dictu
1406 921 1474 945 cor-

138 974 202 1007 pus
217 963 296 1002 otio,
316 961 459 992 animum
477 958 668 989 libidinibus
685 958 936 988 imminuebant.
957 960 1122 996 postremo
1133 979 1141 994 ‚
1160 966 1199 987 ne
1213 958 1327 988 salutis
1342 959 1472 999 quidem

138 1021 230 1050 cura,
241 1006 433 1041 infamihus2
445 1005 592 1038 Vaticani
606 1004 686 1035 locis
701 1013 816 1043 magna
830 1013 904 1044 pars
917 1004 1072 1041 tetendit3
1088 1003 1173 1034 mule
1187 1003 1308 1034 crebrae
1319 1004 1351 1034 in
1360 1007 1475 1046 vulgus

138 1062 262 1091 mortes
293 1059 326 1088 et
342 1054 507 1095 adjacente
520 1051 530 1069 ³
553 1051 662 1082 Tiberi
675 1075 684 1090 ,
699 1054 931 1082 Germanorum
951 1051 1179 1090 Gallorumque
1195 1050 1335 1082 obnoxia
1352 1051 1475 1084 morbis

140 1114 276 1146 corpora
299 1101 440 1134 fluminis
463 1099 602 1130 aviditas
622 1099 653 1128 et
687 1099 785 1129 aestus
819 1098 1027 1138 impatientia
1051 1097 1210 1128 labefecit.
1242 1097 1373 1137 insuper
1401 1108 1476 1130 eon-

140 1154 233 1185 fusus
246 1149 406 1190 pravitate
421 1147 471 1177 vel
490 1145 615 1176 ambitu
632 1145 714 1175 ordo
732 1145 872 1176 militiae.
891 1145 1030 1176 sedecim
1049 1144 1210 1185 praetoriae
1223 1168 1231 1183 ,
1249 1146 1404 1184 quattuor
1421 1155 1475 1177 ur·

138 1202 233 1233 bariae
246 1198 395 1229 cohortes
408 1193 645 1232 scribebantur,
661 1193 733 1232 quis
748 1193 873 1233 singula
888 1193 988 1224 millia
1001 1193 1151 1224 inessent.
1167 1192 1238 1232 plus
1252 1193 1283 1223 in
1298 1201 1336 1223 eo
1349 1193 1476 1225 delectu

139 1248 258 1280 Valens
281 1243 441 1281 audebat,
462 1242 628 1280 tamquam
652 1240 756 1280 ipsum
780 1241 939 1272 Caecinam
958 1240 1102 1281 periculo
1123 1239 1304 1271 exemisset.
1327 1249 1404 1272 sane
1422 1240 1476 1272 ad-

140 1296 242 1326 ventu
259 1292 328 1332 ejus
345 1292 453 1331 partes
471 1287 726 1327 convaluerant,
743 1288 775 1318 et
793 1287 963 1319 sinistrum
981 1287 1058 1318 lenti
1077 1287 1203 1318 itineris
1221 1296 1383 1319 rumorem
1403 1296 1475 1328 pro-

142 1350 237 1383 spero
264 1338 377 1379 predio
405 1338 558 1367 verterat.
586 1334 759 1375 omnisque
790 1335 954 1366 inser-ioris
983 1335 1162 1367 Germaniae
1187 1335 1280 1366 miles
1307 1334 1476 1367 Valentem

141 1387 387 1424 assectabatur3
406 1384 493 1414 unde
511 1383 651 1423 primum
670 1383 815 1413 creditur
832 1382 969 1415 Caecinae
987 1383 1064 1413 tides
1080 1382 1223 1413 ssuitasse
1237 1382 1263 1412 ⁴.

184 1439 289 1468 XCIV.
314 1434 464 1464 Ceterum
482 1439 545 1461 non
567 1431 611 1461 ita
633 1430 772 1461 ducibus
793 1430 933 1461 indulsit
952 1430 1118 1469 Vitellius,
1143 1431 1180 1461 ut
1205 1438 1268 1460 non
1292 1430 1366 1469 plus
1382 1429 1477 1462 militi

141 1484 264 1516 liceret.
285 1481 345 1512 sibi
369 1480 506 1519 quisque
529 1477 680 1508 militiam
703 1486 871 1518 sumpsere
893 1488 899 1508 :
920 1478 1071 1517 quamvis
1089 1477 1240 1516 indiguus
1254 1502 1262 1516 ‚
1290 1477 1315 1507 si
1341 1477 1385 1508 ita
1407 1487 1477 1509 ma-

142 1531 246 1563 luerat
259 1554 267 1569 ,
282 1528 413 1559 urbanae
429 1526 552 1556 militiae
565 1525 811 1565 ascribebatur3
828 1534 941 1556 rursus
957 1525 1048 1555 bonis
1064 1533 1231 1556 remanere
1246 1525 1329 1555 inter
1343 1525 1478 1565 legiona-

142 1578 208 1609 rios
223 1578 279 1609 aut
293 1576 395 1607 alares
410 1573 591 1605 volentibus
605 1571 809 1612 permissum.
826 1581 885 1603 nec
899 1572 1032 1603 deerant
1043 1572 1099 1611 qui
1114 1571 1252 1611 vellent,
1268 1572 1340 1603 sessi
1358 1573 1479 1605 morbis

143 1631 177 1658 et
199 1623 423 1663 intemperiem
457 1620 526 1651 coeli
554 1621 750 1650 incusantes.
778 1619 894 1649 robora
920 1622 1028 1649 tamen
1057 1618 1236 1657 legionibus
1261 1619 1383 1657 alisque
1406 1619 1479 1651 sub-

143 1674 248 1704 tracta
264 1695 272 1710 ,
288 1669 482 1701 convulsum
497 1670 678 1697 castrorum
695 1666 795 1697 decus
807 1689 816 1705 ,
834 1666 953 1705 viginti
971 1665 1115 1696 millibus
1131 1673 1147 1696 e
1164 1665 1233 1695 toto
1249 1665 1394 1696 exercitu
1410 1675 1479 1706 per-

143 1719 257 1751 mixtis
274 1717 374 1755 magis
392 1723 490 1755 quam
508 1713 629 1746 electis,

187 1764 407 1798 concionante
422 1765 445 1792 V
452 1761 552 1791 itellio
571 1760 778 1800 postulantur
799 1759 847 1791 ad
864 1759 1077 1799 supplicium
1094 1760 1266 1790 Asiaticus
1282 1760 1314 1790 et
1332 1760 1479 1791 Fla‘vius

144 1815 180 1846 ec
191 1811 337 1852 Rufinus
351 1809 452 1841 [luces
471 1808 688 1847 Galliarum,
703 1806 796 1847 quod
802 1815 869 1847 pro
884 1806 1018 1838 Vindice
1032 1806 1225 1838 bellassent.
1240 1814 1299 1837 nec
1312 1806 1480 1838 coercebat

146 1858 305 1901 ejusmodi
320 1865 417 1889 voces
430 1855 576 1887 Vitellius
595 1864 602 1885 ε
619 1863 713 1894 super
728 1854 858 1885 insitam
877 1854 975 1885 inerti
998 1854 1107 1885 animo
1131 1854 1292 1893 ignaviam
1305 1877 1314 1892 ,
1332 1854 1480 1885 conscius

146 1907 207 1939 sibi
224 1907 344 1937 instare
361 1903 556 1934 donativum
571 1903 604 1933 et
621 1902 732 1933 deesse
747 1901 916 1941 pecuniam
928 1925 936 1941 ‚
957 1901 1065 1932 omnia
1082 1901 1144 1932 alia
1160 1900 1256 1932 militi
1273 1900 1479 1940 largiebatur.

146 1953 255 1986 liberti
269 1950 473 1992 Principum¹
492 1949 652 1989 conferre
660 1957 729 1991 pro
743 1957 886 1980 numero
897 1950 1150 1989 mancipiorum
1165 1951 1199 1979 ut
1212 1947 1373 1980 tributum
1383 1947 1478 1988 jussi.

179 2048 259 2073 XCII.
274 2053 294 2071 ι.
308 2048 381 2071 Bona
392 2045 444 2069 illis
460 2044 539 2069 reddi
557 2049 612 2067 non
626 2044 765 2073 poterant,
780 2042 880 2072 partim
905 2041 1109 2065 accusatoribus
1135 2040 1284 2065 seeundum
1299 2039 1386 2069 legem
1409 2040 1480 2069 data,

150 2085 250 2114 partim
266 2083 340 2111 fisco,
353 2082 407 2110 jam
423 2081 523 2111 egenti,
539 2079 647 2107 collata,
660 2079 757 2108 partim
778 2083 792 2101 a
812 2079 921 2102 Nerone
939 2078 1089 2107 absumpta.
1107 2077 1196 2106 Quare
1210 2077 1272 2099 data
1284 2076 1356 2105 jura
1368 2075 1476 2100 liberto>

150 2125 228 2148 mm,
243 2119 273 2142 ut
290 2117 395 2141 reversi
409 2117 453 2146 jus
465 2117 492 2140 in
506 2115 620 2139 libertos
631 2120 695 2138 suos
710 2114 855 2143 haberent,
873 2119 987 2143 qnorum
1000 2114 1059 2136 erat
1072 2112 1163 2136 multis
1177 2111 1273 2135 officiis
1290 2111 1417 2140 prosequi
1433 2116 1481 2139 pa-

152 2156 263 2178 tronum
278 2153 361 2181 (coni.
377 2154 452 2175 Αηη.
464 2152 537 2180 XIII,
549 2156 586 2180 26,
605 2151 661 2173 not.
682 2150 715 2178 s),
730 2149 804 2173 alere
819 2149 887 2173 adeo
900 2150 928 2172 ut
951 2149 1065 2178 patrem,
1081 2148 1108 2171 et
1127 2146 1261 2170 bonorum
1283 2146 1389 2174 partem
1407 2145 1481 2169 dimi-

152 2190 226 2213 diam
241 2188 407 2212 testamento
421 2187 585 2217 relinquere.
600 2197 625 2201 -
639 2189 665 2208 ει.
681 2185 711 2208 In
725 2186 793 2209 sinu.
819 2186 889 2215 togae
911 2183 1103 2208 recondebant
1117 2182 1270 2212 pecuniam.
1288 2182 1368 2204 Verte
1379 2181 1480 2210 poche.

154 2224 301 2248 Abdebant
311 2224 442 2253 pecunias
453 2223 480 2246 in
496 2224 555 2246 sinu
563 2221 607 2246 vel
619 2221 791 2245 occultorum
805 2222 833 2245 et
852 2220 1030 2244 obscurorum
1055 2219 1202 2245 hominum,
1218 2222 1301 2246 penes
1314 2222 1383 2246 quos
1401 2222 1482 2241 nemo

154 2261 302 2289 quaereret,
317 2259 360 2282 vel
383 2259 570 2288 potentiorum
594 2264 663 2288 quos
683 2263 732 2287 per
749 2256 927 2280 ambitionem
956 2255 1057 2278 amieos
1081 2253 1130 2277 sibi
1156 2252 1379 2279 conciliaverant,
1399 2256 1483 2280 penes

156 2299 224 2324 quos
238 2300 359 2323 quaerere
373 2299 453 2318 nemo
467 2294 590 2317 auderet.
604 2293 735 2318 Similiter
746 2293 847 2318 Plinius
860 2292 893 2316 Μ.
908 2292 1040 2315 Scaurum
1050 2288 1170 2320 appellat
1180 2288 1357 2318 rapinarum
1366 2286 1484 2316 provin-

155 2330 279 2354 cialium
289 2329 397 2353 sinum..

186 2365 276 2390 XCIII.
294 2371 314 2389 ι.
331 2365 424 2389 Castra
437 2366 465 2388 et
478 2371 572 2389 eorum
585 2365 769 2396 disciplinam.
780 2365 810 2387 v.
824 2363 859 2387 ad
879 2364 952 2392 Αηη,
970 2363 990 2391 1,
1003 2366 1040 2391 ei,
1056 2362 1112 2386 not.
1126 2365 1205 2386 5.-2.
1219 2360 1259 2386 Ob
1274 2364 1364 2385 aerem
1377 2356 1484 2383 valetu-

159 2401 214 2426 dini
229 2401 400 2425 noxium—5.
415 2401 473 2424 Imo
490 2401 688 2425 adluente—4.
702 2400 838 2425 infirmior
849 2399 957 2423 reddita
971 2403 1039 2422 esse.

190 2437 279 2462 XCIV.
297 2442 319 2461 ι.
336 2437 380 2461 Se.
394 2436 523 2467 priorum.
539 2437 570 2461 ln
583 2436 682 2466 Vitellii
696 2437 788 2468 partes
798 2433 970 2460 transierant.
