1539 2668
496 152 533 180 A.
557 153 596 180 U.
621 151 655 179 C.
681 151 740 180 773
761 152 798 180 A·
819 153 852 182 C.
879 155 927 183 20.
1336 153 1377 185 73

67 222 233 263 torquibus
246 224 278 254 et
294 222 396 253 hasta.
415 226 520 254 Caesar
532 221 654 253 addidit
669 221 804 253 civicam
818 231 988 262 coronam,
1004 221 1094 263 quod
1119 231 1185 254 non
1204 231 1278 254 eam
1297 231 1378 263 quo-

61 279 131 312 que
146 272 314 310 Apronius
323 270 406 308 jure
415 269 630 308 proconsulis
645 268 830 307 tribuisset,
844 273 977 310 questus
994 269 1094 308 magis
1109 278 1205 308 quam
1220 270 1375 301 offensus.

63 317 123 348 Sed
139 316 332 354 Tacfarinas,
348 315 505 355 perculsis
521 314 669 346 Numidis
684 317 715 346 et
732 315 856 347 obsidia
875 315 1136 357 aspernantibus,
1150 317 1269 355 spargit
1283 317 1289 333 ¹
1312 316 1377 348 bel-

62 362 144 399 lum,
162 364 215 395 ubi
232 364 415 400 instaretur,
433 361 560 401 cedens,
576 371 613 392 ac
625 370 754 393 rursum
768 363 802 393 in
824 366 913 404 terga
926 372 1081 395 remeans.
1103 366 1135 393 et
1149 362 1227 392 dum
1245 371 1281 394 ea
1294 363 1377 394 ratio

62 409 199 441 barbaro
211 410 285 447 suit,
303 408 430 439 irritum
447 407 458 425 ²
474 409 658 449 sessumque
674 413 854 441 Romanum
867 411 997 451 impune
1012 408 1237 440 ludificabatur
1259 418 1266 439 z
1290 412 1376 448 post-

62 466 159 497 quam
173 456 300 488 dessexit
321 455 362 486 ad
378 454 556 486 maritimos
566 455 666 495 locos,
684 456 822 495 illigatus
837 456 848 474 ³
866 456 973 497 praeda
996 455 1122 487 stativis
1135 455 1246 486 castris
1272 455 1377 486 adhae-

61 502 161 534 rebat.
178 503 279 533 missu
294 502 393 542 patris
410 502 568 542 Apronius
585 502 750 534 Caesianus
766 512 840 534 cum
859 504 968 544 equite
984 505 1016 534 et
1035 502 1224 534 cohortibus
1248 502 1376 534 auxilia-

62 549 127 586 riis,
143 550 214 588 quis
232 549 448 580 velocissimos
465 549 624 589 legionum
641 549 818 590 addiderat,
836 559 1020 591 prosperam
1036 550 1207 581 adversum
1222 548 1376 580 Numidas

59 603 198 636 pugnam
213 595 301 635 tacit,
314 596 467 636 pellitque
482 595 514 626 in
531 595 666 628 deserta,

100 643 196 673 XXII.
220 642 261 673 At
286 646 397 674 Romae
422 643 559 683 Lepida,
583 643 635 673 cui
657 651 754 682 super
770 643 964 674 AEmiliorum
989 643 1086 675 decus
1110 647 1145 675 L.
1162 643 1250 675 Sulla
1262 651 1299 674 ac
1313 645 1372 674 Cn.

59 688 227 728 Pompeius
252 689 364 729 proavi
381 693 488 727 erant,
506 689 648 720 defertur
667 702 682 716 ιι
707 689 908 721 simulavisse
926 692 1052 730 partum
1079 699 1119 721 ex
1140 694 1175 721 P.
1197 690 1332 727 Quirino
1346 689 1371 729 ¹,

61 747 77 762 τι
95 734 195 766 divite
219 737 317 776 atque
336 736 425 767 orbo.
451 736 681 775 adjiciebantur
704 736 1033 776 adulteria,venena‚
1060 738 1292 777 quaesitumque
1318 744 1377 776 per

61 793 78 807 a
95 781 259 813 Chaldaeos
273 782 305 813 in
321 782 454 814 domum
471 783 603 814 Caesaris
621 782 646 822 ²,
664 796 679 810 »
698 783 890 815 defendente
911 792 998 814 ream
1014 784 1118 814 Manio
1131 784 1248 823 Lepido
1266 784 1374 814 fratre.

60 828 212 867 Quirinus
229 832 300 868 post
315 829 436 861 dictum
454 830 624 869 repudium
641 829 748 861 adhuc
764 830 907 861 infensus
922 830 933 848 3
960 830 1109 870 quamvis
1131 830 1241 861 infami
1264 839 1300 860 ac
1316 838 1375 860 no-

60 874 144 905 centi
160 875 398 907 miserationem
415 876 592 908 addiderat.
616 876 710 908 Haud
736 877 827 908 facile
853 877 926 916 quis
950 877 1124 917 dispexerit
1140 877 1190 907 illa
1217 877 1248 907 in
1265 876 1374 916 cogni-

60 921 144 951 tione
174 924 312 953 mentem
330 923 482 964 Principis
500 933 508 954 2
532 924 611 954 adeo
627 924 723 954 vertit
746 932 783 954 ac
799 923 929 954 miscuit
945 923 1000 955 irae
1022 926 1053 955 et
1071 923 1251 955 clementiae
1271 923 1370 962 signa.

58 966 250 1007 deprecatus
263 969 369 1008 primo
385 973 532 1001 senatum
545 993 554 1009 ‚
578 978 620 1001 ne
638 971 831 1009 majestatis
847 972 992 1001 crimina
1019 972 1272 1008 tractarentur,
1299 978 1374 1000 mox

60 1016 102 1044 M.
126 1015 295 1046 Servilium
320 1025 338 1047 e
360 1016 578 1048 consularibus
604 1017 749 1057 aliosque
780 1019 882 1048 testes
901 1017 1003 1048 illexit
1029 1017 1070 1048 ad
1091 1016 1280 1057 proferenda
1302 1024 1375 1056 quae

59 1059 148 1091 velut
168 1061 298 1093 reticere
315 1063 460 1095 voluerat
476 1063 500 1094 ⁴.
521 1064 671 1104 idemque
684 1072 794 1095 servos
808 1063 936 1104 Lepida}
949 1088 958 1103 ,
973 1073 1073 1103 quum
1088 1063 1217 1094 militari
1230 1062 1375 1093 custodia

58 1105 252 1140 haberentur
268 1109 293 1148 ³,
318 1110 482 1142 transtulit
495 1110 533 1141 ad
552 1110 719 1150 consules,
738 1119 841 1150 neque
857 1119 912 1150 per
927 1113 1087 1142 tormenta
1102 1109 1288 1149 interrogari
1304 1118 1373 1149 pas·

58 1162 116 1185 sus
130 1159 178 1185 est
191 1154 231 1186 de
243 1155 313 1194 his,
330 1166 402 1196 quae
420 1157 459 1187 ad
471 1157 602 1187 domum
626 1166 718 1187 suam
735 1157 941 1196 pertinerent.
965 1158 1085 1189 exemit
1101 1158 1198 1188 etiam
1215 1161 1352 1187 Drusum
1363 1179 1373 1194 ‚

59 1200 221 1232 consulem
238 1201 439 1241 designatum
454 1203 465 1221 ⁶
480 1227 489 1242 ,
506 1203 650 1234 dicendae
669 1203 772 1243 primo
797 1203 867 1233 loco
888 1204 1075 1243 sententiae;
1092 1204 1179 1244 quod
1203 1204 1255 1235 alii
1280 1202 1375 1233 civile

60 1247 225 1287 rebantur,
243 1256 284 1280 ne
301 1251 418 1280 ceteris
434 1249 642 1280 assentiendi
661 1251 842 1281 necessitas
852 1249 977 1289 fieret,·
999 1250 1130 1290 quidam
1150 1251 1191 1281 ad
1214 1249 1374 1282 saevitiam

59 1294 230 1326 trahebant
247 1304 255 1325 :
273 1303 380 1335 neque
394 1298 484 1327 enim
500 1304 676 1327 cessurum
691 1298 757 1327 m‘sz
774 1295 965 1327 (Iawznande'
979 1296 1091 1337 afficio
1105 1297 1131 1326 ⁷.

100 1345 208 1372 XXIII.
243 1342 363 1381 Lepida
391 1342 541 1372 ludorum
567 1343 573 1359 ¹
611 1342 725 1373 diebus
737 1366 746 1380 ‚
774 1343 829 1382 qui
860 1343 1074 1382 cognitionem
1113 1343 1350 1374 intervenerant
1363 1367 1373 1381 ,

59 1386 220 1419 theatrum
233 1396 307 1419 cum
322 1388 415 1419 claris
431 1388 557 1419 feminis
573 1388 730 1427 ingressa,
761 1388 986 1420 lamentatione
1011 1389 1106 1420 flebili
1134 1390 1279 1427 majores
1296 1398 1373 1420 suos

59 1433 145 1465 ciens
158 1459 167 1474 ,
182 1437 360 1475 ipsumque
372 1437 572 1475 Pompeium
585 1459 593 1473 ,
607 1435 698 1474 cujus
715 1444 752 1466 ea
765 1439 975 1467 monumenta
988 1435 1000 1453 ²
1017 1438 1048 1467 et
1062 1438 1204 1467 astantes
1217 1436 1373 1475 imagines

59 1480 253 1520 visebantur,
269 1484 395 1513 tantum
410 1481 636 1513 misericordiae
652 1482 830 1522 permovit,
855 1484 891 1514 ut
903 1483 997 1513 effusi
1015 1483 1047 1513 in
1065 1483 1209 1514 lacrimas
1231 1491 1323 1513 sceva
1340 1484 1374 1513 ct

59 1527 259 1559 detestanda
289 1531 429 1565 Quirino
445 1529 645 1560 clamitarent
660 1528 686 1568 ³,
707 1530 804 1570 cujus
829 1532 972 1561 senecta?
988 1532 1090 1570 atque
1109 1529 1251 1560 orbitati
1270 1531 1301 1560 et
1321 1528 1374 1559 ob—

57 1577 262 1606 scm-[ssime
291 1575 405 1608 domui
438 1576 613 1607 destinata
644 1576 817 1616 quondam
848 1585 939 1607 uxor
966 1579 1002 1608 L.
1036 1578 1162 1608 Coesart
1179 1576 1189 1593 ⁵
1224 1584 1264 1607 ac
1297 1575 1374 1606 (liro

57 1623 207 1661 Auqusto
224 1631 333 1653 nurus
350 1622 544 1654 dederetur.
563 1622 635 1653 dein
653 1623 822 1653 tormentis
838 1631 1004 1653 servorum
1022 1624 1179 1663 patefacta
1201 1625 1275 1653 sunt
1289 1622 1373 1662 flagi-

58 1667 102 1698 tia
115 1691 124 1706 ‚
146 1668 291 1708 itumque
316 1669 348 1699 in
376 1669 565 1700 sententiam
589 1669 600 1687 ⁵
630 1669 764 1700 Rubellii
791 1670 921 1709 Blandi,
950 1679 968 1700 a
991 1679 1054 1710 quo
1081 1679 1164 1709 aqua
1191 1672 1287 1708 atque
1306 1669 1373 1708 igni

58 1714 224 1746 arcebatur
238 1716 262 1744 ⁸.
287 1716 362 1746 huic
388 1720 510 1747 Drusus
537 1716 689 1755 assensit,
711 1725 907 1756 quamquam
937 1717 989 1747 alii
1022 1716 1134 1748 mitius
1159 1716 1369 1747 censuissent.

58 1770 133 1792 mox
149 1765 287 1802 Scauro,
313 1763 367 1803 qui
383 1762 481 1793 filiam
504 1771 544 1794 ex
568 1771 605 1794 ea
630 1764 800 1802 genuerat,
819 1764 930 1794 datum
947 1772 986 1794 ne
1011 1763 1095 1795 bona
1121 1761 1370 1804 publicarentur.

57 1811 127 1839 tum
141 1809 271 1840 demum
289 1809 413 1849 aperuit
426 1810 590 1852 Tiberius,
611 1812 822 1849 compertum
838 1810 901 1841 sibi
919 1813 1024 1842 etiam
1039 1819 1083 1842 ea:
1095 1812 1135 1842 P.
1157 1812 1290 1847 Quirina*
1305 1818 1373 1841 ser-

60 1855 109 1885 vis
121 1878 129 1892 ,
152 1863 278 1886 veneno
295 1864 372 1886 eum
389 1864 410 1886 α
424 1856 553 1895 Lepida
569 1858 732 1895 petitum.

87 1924 158 1948 ΧΧΙ.
174 1929 194 1947 ¹.
208 1924 325 1947 Diversis
337 1924 402 1948 loeis
416 1924 538 1953 vagando
552 1923 627 1948 facit.
642 1929 702 1948 ——2.
721 1924 801 1954 Cujus
818 1925 1004 1954 aggressiones
1030 1925 1113 1949 irritae
1138 1925 1331 1949 reddebantur.
1343 1937 1370 1942 -

60 1965 81 1982 3.
96 1959 249 1987 Impeditus,
265 1965 347 1982 onere
359 1959 493 1982 detentus.

88 1994 171 2017 xxn.
188 1999 207 2017 ι.
222 1994 326 2023 Marito,
341 1995 461 2023 quiante
483 1995 579 2024 viginti
593 2001 678 2018 annos
693 2000 752 2018 eam
764 1994 964 2023 repudiaverat.
976 2008 1003 2011 —
1014 2000 1038 2018 9..
1051 1995 1127 2025 Quod
1145 1995 1295 2025 astrologos
1313 1995 1371 2023 jus-

58 2029 135 2052 sisset
150 2029 286 2057 inquirere
297 2029 322 2052 in
340 2030 394 2053 fata
404 2031 512 2053 Caesaris
523 2031 550 2053 et
563 2031 840 2059 propinquorum—5.
857 2030 1005 2053 Inimicitiae
1019 2031 1046 2054 ct
1064 2030 1236 2054 exacerbatio
1257 2029 1369 2059 Quirini,

58 2070 116 2094 qua}
130 2063 171 2087 vel
182 2065 242 2092 post
255 2064 395 2092 repudium
410 2064 530 2089 durabat,
546 2065 710 2088 conciliabat
724 2065 859 2088 hominum
874 2065 1086 2088 misericordiam
1100 2066 1213 2094 Lepidae.
1230 2078 1258 2081 -—
1271 2070 1293 2088 -i,
1308 2066 1371 2093 Qua:

58 2099 229 2122 simulaverat
241 2105 269 2123 se
281 2099 349 2123 velle
365 2101 490 2124 reticere.
508 2100 596 2123 Velut
606 2100 803 2123 simulationem
818 2099 927 2123 indicat.
938 2106 995 2123 -s-
1013 2101 1076 2129 Quae
1086 2101 1124 2124 ita
1138 2101 1276 2130 agebatur,
1291 2101 1320 2122 ut
1331 2100 1370 2123 rei

59 2135 182 2158 dextrum
195 2134 335 2158 brachium
349 2136 458 2158 sinistro
470 2135 560 2159 militis
573 2135 729 2158 adstrictum
745 2137 840 2158 catena
855 2137 933 2158 esset.
955 2135 1010 2158 Hac
1033 2141 1079 2159 eos
1098 2135 1195 2159 liberat
1207 2136 1331 2159 Tiberius
1342 2136 1371 2158 et.

58 2169 196 2193 consulum
209 2170 269 2192 {idei
287 2171 439 2194 committit.
450 2183 479 2186 —
491 2177 514 2194 c.
532 2170 659 2195 Consules
673 2170 803 2198 designati
817 2170 897 2193 ctiam
911 2170 1065 2199 reipublicae
1077 2172 1198 2200 tempore
1214 2171 1293 2199 primi
1307 2176 1371 2193 sen—

59 2205 172 2229 tentiam
186 2204 320 2228 dicebant.
331 2218 358 2221 —
375 2210 396 2229 7.
411 2206 475 2229 Nam
489 2206 600 2234 primam
615 2206 777 2228 sententiam
795 2204 838 2228 alii
853 2210 907 2228 non
921 2210 1057 2229 cessurum
1072 2206 1154 2229 fuisse
1167 2206 1304 2230 Tiberium
1319 2203 1371 2227 nisi

59 2239 88 2263 in
101 2239 193 2268 officio
209 2240 376 2269 damnandi,
390 2241 440 2264 nisi
454 2240 597 2264 damnandi
612 2240 728 2264 officium
739 2241 766 2263 in
779 2240 828 2264 hac
839 2245 918 2263 causa
934 2241 1090 2264 incumbere
1101 2241 1186 2270 Judici
1197 2239 1366 2264 credidisset.

91 2274 184 2297 xxm.
200 2279 221 2296 Ι.
238 2276 279 2298 Sc.
295 2277 482 2303 Romanorum,
502 2276 548 2304 qui
562 2275 768 2299 celebrabantur
779 2275 812 2298 ab
826 2275 906 2298 Nonis
919 2275 952 2298 ad
973 2276 1033 2299 Idus
1052 2276 1223 2305 Septembres
1235 2277 1260 2304 (a
1275 2275 1369 2303 quinto

61 2314 144 2337 usque
163 2308 195 2331 ad
209 2309 342 2333 decimum
357 2311 466 2334 tertium
483 2311 551 2333 diem
564 2311 619 2338 ejus
634 2311 750 2335 mensis).
762 2323 790 2326 —
805 2315 828 2332 2.
846 2310 991 2333 Theatrum
1011 2312 1142 2340 Pompeii;
1160 2317 1184 2333 v.
1202 2311 1235 2334 ad
1248 2310 1316 2336 XIV,
1331 2313 1367 2331 20.

61 2355 91 2360 —
101 2348 121 2366 ⁵.
141 2343 407 2373 Imprecarentur.r-
422 2350 443 2369 4.
458 2346 548 2373 Lucio,
566 2346 685 2375 Agrippa*
695 2346 758 2375 silio,
772 2351 850 2374 quem
867 2347 1000 2375 Augustus
1017 2347 1202 2375 adoptaverat.
1214 2358 1243 2362 —
1255 2351 1278 2369 5.
1291 2346 1334 2368 Sc.
1353 2349 1369 2366 a

58 2377 190 2406 plurimis.
204 2379 249 2402 Ire
265 2380 295 2403 in
307 2381 483 2408 sententiam,
497 2381 559 2409 quia
574 2383 713 2404 senatores
725 2381 842 2410 ejusdem
856 2382 995 2406 sententiaa
1009 2381 1205 2412 colligebantur
1216 2381 1288 2406 cirea
1299 2384 1369 2408 eum,

61 2412 108 2442 qui
121 2414 220 2442 primus
234 2419 293 2438 eam
303 2415 414 2439 dixerat.
427 2428 451 2432 —
465 2420 490 2440 a.
504 2416 534 2439 ln
548 2416 656 2440 exilium
666 2416 826 2447 pellebatur.
