1539 2668
97 197 157 228 ‘258
472 191 608 221 TACITI
630 190 840 220 ANNALIUM
862 191 935 219 LIB.
961 192 1040 220 XVI.

95 270 199 303 lustro
216 266 408 306 celebratur,
426 264 467 296 ab
480 264 732 305 oratoribusque
748 265 911 305 praecipua
932 264 1065 296 materia
1078 264 1109 295 in
1125 263 1249 296 laudem
1266 266 1422 308 Principis

95 316 262 357 assumpta
280 315 326 347 est
344 324 350 345 ε
373 322 440 345 non
462 315 552 345 enim
570 315 707 344 tantum
720 312 971 353 solitasfruqes
988 321 1048 344 nec
1070 313 1223 344 metallis
1239 313 1421 353 confusum
1450 305 1455 308 ’

95 371 226 397 aurum
244 363 357 403 qiqm',
380 360 439 392 sed
460 369 547 391 nova
573 360 731 391 ubertate
746 362 947 399 provenire‘*
969 362 1101 392 terram
1127 362 1159 391 et
1181 360 1296 392 obvias
1313 360 1323 378 ⁵
1344 371 1421 402 opes

95 411 232 451 deferre
249 410 327 442 cleos
336 422 348 448 ;
366 416 503 449 quaeque
517 407 577 438 alia
594 415 721 438 summa
739 406 891 438 facundia
904 416 963 438 nec
983 406 1107 439 minore
1126 407 1310 439 adulatione
1323 410 1423 441 servi-

96 458 138 490 lia
153 457 332 498 fingebant,
352 455 456 487 securi
473 455 513 486 de
527 454 679 486 facilitate
695 454 863 486 credentis.

139 509 194 537 ΙΙΙ.
220 504 377 536 Gliscebat
395 502 524 533 interim
541 501 667 533 luxuria
685 510 741 542 spe
759 501 1203 542 inani,consumebanturque
1215 503 1339 533 veteres
1350 509 1425 542 opes

101 553 196 594 quasi
220 552 334 583 oblatis
351 559 430 590 quas
452 549 572 581 multos
587 558 643 589 per
659 558 759 580 annos
780 549 979 589 prodigeret,
998 550 1076 589 quin
1093 551 1124 581 et
1142 549 1216 581 inde
1230 551 1296 589 jam
1317 548 1427 589 largie-
1450 549 1452 552 “

97 600 213 638 batur,·
240 600 271 630 et
289 598 476 628 dix-iliarum
497 597 694 637 exspectatio
721 596 806 627 iuter
833 605 946 627 causas
963 597 1159 636 paupertatis
1183 596 1319 636 publicae
1343 597 1422 627 erat.
1450 604 1453 608 ⁸

96 656 171 678 nam
189 651 325 684 Bassus,
342 645 460 675 effosso
474 654 549 684 agro
565 653 624 675 suo
646 643 781 684 latisque
798 644 921 674 circum
939 643 1024 674 arvis
1040 668 1047 682 ,
1060 643 1136 674 dum
1160 644 1245 674 liunc
1265 644 1313 675 vel
1332 643 1422 675 illum
1451 640 1454 658 ³

95 696 202 727 locuni
222 692 371 733 promissi
389 700 504 731 specus
524 693 706 729 asseverat,
736 693 979 730 sequunturque
1000 699 1062 720 non
1080 691 1176 721 modo
1202 690 1341 729 milites,
1368 688 1423 722 sed

96 741 235 783 populus
254 739 426 780 agrestium
447 738 615 770 efficiendo
639 738 726 779 operi
753 739 955 777 assumptuS,
972 737 1105 769 tandem
1133 738 1238 778 posita
1254 737 1425 776 vecordia,

96 798 162 821 mm
190 787 286 827 salsa
308 789 413 818 (aulea
441 788 573 817 somnia
588 795 653 818 sua
675 794 777 825 seque
802 787 883 816 lunc
900 786 1058 825 primum
1084 785 1222 816 elusum
1237 784 1401 816 admirans
1416 808 1426 824 ,

97 835 253 877 pudorem
280 836 311 865 et
338 836 460 864 metum
480 836 582 864 morte
606 832 790 863 voluntaria
817 832 940 871 effugit.
961 831 1092 871 quidam
1111 834 1265 863 vinctum
1286 839 1328 863 ac
1346 839 1429 863 mox

97 883 277 915 dimissum
293 880 471 919 tradidere,
489 880 657 920 ademptis
677 879 771 910 bonis
789 880 822 909 in
842 879 953 909 locum
967 880 1073 918 Περέα]
1087 888 1186 919 qazoe
1204 879 1226 909 ¹.

138 933 189 961 IV.
217 930 341 959 Interea
358 929 509 966 senatus,
533 927 716 967 propinquo
736 925 801 965 jam
828 925 952 956 lustrali
975 926 980 942 ¹
1006 926 1201 964 certamine,
1234 927 1269 956 ut
1286 924 1427 957 dedecus

95 978 270 1013 averteret,
289 975 384 1005 offert
402 973 589 1014 Imperatori
605 975 783 1005 victor-iam
798 975 939 1011 cantus,
958 971 1327 1012 adjicitquefacundae
1338 980 1428 1003 coro-

98 1031 182 1056 nam
196 1047 204 1062 ,
221 1031 284 1062 qua
301 1021 425 1052 ludicra
442 1021 629 1053 deformitas
647 1021 819 1051 velaretur.
846 1019 900 1050 sed
917 1023 1017 1059 Nero,
1038 1020 1126 1051 nihil
1139 1019 1273 1051 ambitu
1288 1027 1347 1050 nec
1366 1026 1426 1059 po-

99 1071 223 1102 testate
240 1071 382 1100 senalus
400 1077 483 1109 opus
500 1076 569 1099 esse
583 1067 750 1106 dictitans,
768 1075 803 1098 sc
823 1075 963 1106 aequum
983 1066 1149 1097 adversus
1169 1066 1310 1097 (emulos
1325 1067 1359 1097 et
1373 1073 1427 1097 re-

98 1118 223 1157 liyz'one
240 1115 401 1154 judicum
417 1116 576 1147 meritant
594 1114 735 1146 laudem
747 1115 1007 1152 assecuturum,
1023 1113 1126 1153 primo
1143 1121 1272 1143 carmen
1290 1112 1321 1142 in
1333 1120 1428 1143 scena

95 1164 208 1194 recitat
220 1174 228 1202 ;
248 1171 337 1201 mox,
353 1162 515 1201 flagitante
528 1161 625 1201 vulgo
638 1163 679 1192 ut
693 1162 810 1192 omnia
822 1160 943 1191 studia
957 1168 1022 1191 sua
1035 1159 1233 1200 publicaret
1247 1160 1329 1197 (llaec
1340 1159 1426 1190 enim

95 1209 194 1242 verba
208 1209 343 1248 dixere),
363 1208 539 1248 ingreditur
556 1208 747 1247 theatrum&
763 1208 888 1239 cunctis
899 1207 1030 1238 citharae
1044 1207 1169 1246 legibus
1188 1206 1423 1247 obtemperans,

96 1266 137 1289 ne
153 1257 256 1288 sessus
271 1256 443 1294 resideret,
463 1265 503 1287 ne
521 1256 670 1288 sudorem
687 1255 750 1287 nisi
768 1264 805 1286 ea
822 1263 920 1295 quam
937 1254 1064 1286 indutui
1081 1254 1211 1294 gerebat
1225 1255 1311 1285 veste
1325 1253 1428 1285 deter-

98 1306 206 1345 geret,
231 1304 268 1334 ut
285 1303 374 1334 nulla
389 1303 454 1335 oris
478 1304 534 1334 aut
555 1303 682 1334 narium
700 1304 906 1334 excrementa
924 1301 1115 1333 viserentur.
1146 1303 1305 1341 postremo
1322 1300 1427 1332 flexus

97 1360 182 1391 genu
195 1352 227 1382 et
243 1352 362 1382 coetum
382 1351 472 1381 illum
488 1359 583 1382 manu
608 1351 798 1389 veneratus,
828 1348 1005 1380 sententias
1029 1348 1176 1387 judicum
1201 1347 1426 1388 opperiebatur

96 1399 172 1430 ficto
186 1406 316 1438 pavore.
333 1400 365 1428 et
382 1397 470 1437 plebs
487 1397 617 1438 quidem
632 1397 725 1428 Urbis
741 1396 932 1427 histrionum
949 1404 1079 1435 quoque
1095 1397 1202 1435 gestus
1216 1396 1329 1436 juvare
1341 1393 1351 1412 ¹⁵
1371 1401 1425 1425 so-

97 1445 154 1477 lita
170 1445 361 1485 personabat
386 1445 482 1476 certis
512 1444 616 1476 modis
640 1445 820 1485 plausuque
845 1442 1033 1483 composito.
1057 1442 1202 1474 crederes
1229 1441 1335 1473 laetari
1358 1451 1366 1472 t
1388 1449 1426 1473 ac

98 1492 235 1524 sortasse
252 1491 446 1523 laetabantur
460 1500 517 1532 per
536 1491 692 1522 incuriam
710 1491 829 1531 publici
846 1490 967 1530 flagitii.

138 1543 176 1571 V.
202 1539 260 1571 Sed
276 1539 329 1579 qui
345 1539 477 1570 remotis
495 1548 511 1569 e
527 1538 729 1579 municipiis,
748 1546 959 1577 severamque
975 1536 1080 1568 adhuc
1098 1539 1130 1567 et
1152 1536 1276 1576 antiqui
1297 1535 1397 1567 moris
1413 1534 1422 1553 ¹

98 1587 272 1619 retinentes
293 1586 419 1617 Italiam
432 1610 440 1625 ,
459 1585 579 1625 quique
595 1593 649 1625 per
667 1585 776 1624 longas
795 1584 806 1601 ²
830 1583 1012 1624 provincias
1029 1583 1166 1614 lasciviae
1184 1582 1342 1622 inexperti
1353 1582 1426 1615 offi-

97 1636 147 1667 cio
163 1633 357 1673 legationum
375 1635 430 1663 aut
447 1632 570 1671 privata
588 1630 727 1662 utilitate
741 1631 954 1668 advenerant,
975 1638 1078 1669 neque
1090 1631 1254 1670 aspectum
1268 1629 1358 1660 illum
1375 1631 1424 1660 to-

95 1681 197 1713 lerare
211 1689 316 1720 neque
332 1678 434 1710 labori
454 1678 624 1708 inhonesto
638 1677 783 1708 sufficere
794 1701 802 1716 ‚
820 1685 918 1716 quum
932 1676 1081 1707 manibus
1098 1677 1214 1707 nesciis
1230 1676 1424 1716 fatiscerent,

96 1729 264 1760 turbarent
281 1735 396 1767 guaros
411 1734 448 1756 ac
467 1733 551 1765 saepe
569 1733 587 1755 a
603 1724 762 1755 militibus
789 1724 1046 1761 verberarentur,
1065 1724 1120 1763 qui
1145 1732 1201 1763 per
1222 1731 1341 1754 cuneos
1362 1724 1426 1754 sta-

96 1774 174 1806 bant
187 1799 195 1814 ‚
212 1783 252 1806 ne
267 1773 352 1814 quod
370 1772 519 1812 temporis
536 1772 734 1802 momentum
749 1770 865 1810 impari
882 1770 1013 1801 clamori
1030 1772 1084 1800 aut
1101 1769 1226 1800 silentio
1242 1769 1329 1810 segni
1345 1778 1425 1810 prae-

95 1822 215 1853 teriret.
233 1821 377 1852 constitit
395 1820 561 1860 plerosque
582 1818 750 1858 Equitum,
765 1817 843 1847 dum
861 1826 918 1857 per
934 1817 1096 1857 angustias
1109 1817 1216 1848 aditus
1233 1819 1265 1848 et
1280 1817 1426 1856 ingruen-

97 1869 163 1898 tem
189 1867 431 1899 multitudinem
458 1866 638 1904 enituntur,
656 1864 814 1904 obtritos,
846 1866 879 1895 et
897 1865 995 1903 alios,
1019 1863 1096 1895 dum
1122 1864 1207 1895 diem
1231 1865 1426 1904 noctemque

96 1915 252 1946 sedilibus
268 1915 278 1932 ³
298 1914 507 1952 continuant,
535 1913 649 1944 morbo
668 1911 823 1943 exitiabili
843 1913 1020 1952 correptos.
1044 1911 1163 1952 quippe
1178 1911 1308 1952 gravior
1323 1911 1427 1942 inerat

97 1964 202 1993 metus
213 1987 221 2001 ,
239 1962 265 1993 si
283 1961 464 2001 spectaculo
479 1960 672 1998 defuissent,
690 1959 804 1990 multis
822 1959 926 1999 palam
940 1961 972 1990 et
992 1959 1138 1999 pluribus
1155 1959 1303 1998 occultis,
1320 1958 1358 1989 ut
1371 1965 1428 1988 no-

97 2010 184 2040 mina
200 2018 237 2040 ac
262 2009 372 2039 vultus
384 2033 391 2047 ‚
421 2007 618 2039 alacritatem
634 2006 863 2046 tristitiamque
879 2007 1063 2038 coeuntium
1085 2008 1315 2037 scrutarentur.
1342 2002 1427 2036 unde

97 2056 299 2088 tenuioribus
334 2056 445 2087 statim
462 2056 600 2095 irrogata
613 2054 771 2095 supplicia
782 2078 790 2094 ,
807 2054 961 2085 adversus
977 2054 1118 2085 illustres
1133 2053 1369 2084 dissimulatum
1385 2051 1426 2083 ad

98 2138 239 2158 versamur
250 2138 337 2156 annus
359 2132 475 2157 alterum
484 2132 599 2157 lustrum
611 2131 775 2156 afferat—⁴.
789 2130 866 2154 Nunc
888 2129 1043 2154 foecundam
1058 2133 1183 2153 essee-s,
1197 2128 1260 2153 Sine
1282 2127 1386 2157 labore,
1397 2129 1427 2154 ut

97 2174 180 2193 aureo
194 2167 302 2190 saeculo.

128 2203 172 2228 Ill.
188 2208 207 2226 ι.
218 2201 377 2226 Abditarum
390 2202 502 2226 Didonis
513 2202 615 2232 regines
629 2206 718 2231 opum.
734 2206 847 2229 quarum
859 2205 935 2229 spem
949 2199 1067 2223 fecerat.

129 2238 171 2262 lv.
192 2243 213 2261 ι.
236 2238 519 2266 Quinquennali.-2.
541 2238 578 2262 Ex
594 2243 671 2266 mquo
700 2242 761 2260 cum
782 2235 880 2260 ceteris
893 2234 1080 2264 judicandum.
1101 2234 1247 2258 Adversus
1263 2234 1293 2257 ut
1306 2238 1424 2263 graemtm

97 2268 238 2310 πρός-3.
253 2274 407 2301 suetonius,
423 2274 522 2298 Vitelb.
539 2279 563 2297 c.
578 2278 592 2298 ⁴
606 2279 613 2297 :
631 2282 644 2294 α
661 2272 785 2296 Vitellius
801 2270 947 2301 praesidens
964 2270 1105 2294 certamini
1122 2270 1255 2299 Neroneo,
1270 2270 1424 2299 cupientem

98 2311 170 2334 inter
181 2308 344 2332 citharoedos
356 2309 535 2337 contendere,
549 2314 609 2336 nec,
629 2308 753 2338 quamvis
769 2306 953 2337 flagitantibus
966 2306 1080 2334 cunctis,
1095 2305 1253 2334 promittere
1268 2305 1422 2335 audentem,

98 2345 215 2373 ideoque
227 2349 363 2372 egressum
378 2344 495 2372 theatro.
510 2345 696 2371 revocaverat,
719 2344 795 2373 quasi
813 2342 1012 2372 perseverantis
1030 2340 1123 2371 populi
1138 2340 1275 2370 legatione
1288 2340 1422 2370 suscepta.

99 2379 323 2408 exorandumque
334 2380 570 2409 machumata-⁴.
581 2380 622 2404 Sc.
639 2379 745 2409 plausu,
758 2377 963 2402 acclamatione.

129 2415 157 2437 v.
170 2414 317 2439 1.Genitivi
329 2415 479 2444 pendentes
490 2415 522 2439 ab
536 2415 665 2443 ltaliam,
678 2420 731 2438 uon
743 2420 756 2437 a
775 2413 918 2443 participio
929 2412 1158 2436 retinentes.-2.
1170 2411 1350 2441 Longinquas.
1358 2422 1390 2429 -—
1399 2415 1422 2434 ³.

98 2449 246 2474 Assidendo
257 2449 285 2473 in
301 2450 431 2474 sedilibus
446 2457 452 2474 :
467 2450 539 2480 quod
560 2456 609 2479 per
626 2451 823 2475 substantivum
842 2450 928 2473 solum
953 2447 1018 2471 satis
1034 2447 1202 2477 intelligitur.
1224 2447 1300 2470 Adde
1312 2446 1422 2470 narrata
