1539 2668
477 173 512 203 A.
537 174 576 203 U.
599 173 635 203 C.
660 172 732 203 815.
767 172 804 202 A.
827 171 865 203 G.
890 173 942 202 62.
1312 172 1379 203 225

47 249 176 284 honesti
202 257 300 290 cura,
319 248 353 282 et
374 248 624 281 familiaritatem
651 248 721 288 ejus
745 248 845 288 magis
871 247 1059 288 aspernante
1075 251 1216 288 Caesare,
1242 249 1375 291 tempus

48 296 190 330 sermoni
205 297 298 336 orat,
315 297 347 328 et
361 300 492 336 accepto
506 296 550 327 ita
567 295 702 336 incipit:
722 308 736 322 «
755 294 1041 335 Quartusdecimus
1057 303 1160 327 annus
1175 296 1239 335 est,
1254 300 1374 338 Caesar,

51 358 67 374 ι)
86 354 127 377 ex
146 353 211 385 quo
227 343 295 384 spei
319 344 386 375 tuae
408 342 557 375 admotus
578 351 663 382 sum,
687 343 833 382 octavus,
853 344 889 373 ut
904 341 1075 382 imperium
1091 342 1217 374 obtines
1236 353 1243 373 2
1267 344 1382 374 medio

53 405 70 420 ι
87 391 239 432 temporis
254 393 380 423 tantum
398 391 554 423 bonorum
577 393 673 432 atque
686 399 785 431 opum
802 391 835 420 in
853 398 905 420 me
922 389 1111 428 cumulasti,
1129 390 1165 420 ut
1179 390 1259 421 nihil
1275 391 1376 422 felici-

54 451 70 466 «
89 439 146 470 tati
163 447 244 470 meae
261 438 343 470 desit
358 438 418 470 nisi
435 439 611 471 moderatio
628 438 706 478 ejus.
725 439 796 469 utar
812 437 935 477 magnis
949 436 1124 476 exempliS,
1140 445 1198 468 nec
1215 446 1295 468 meae
1309 439 1376 469 foi·-

55 498 70 511 «
88 487 187 525 tunae,
199 485 253 517 sed
271 487 347 517 tuae.
359 486 480 517 abavus
494 488 570 517 tuns
580 488 744 525 Augustus
755 488 796 515 M.
810 484 955 524 Agrippae
966 484 1173 523 Mytilenense
1186 485 1376 525 secoetum',

55 545 71 560 u
90 537 124 565 C.
143 533 306 564 Maecenati
323 533 408 565 Urbe
421 534 491 574 ipsa
505 534 593 565 velut
606 532 807 573 peregrinum
818 530 828 548 ²
848 531 949 561 otium
966 531 1130 571 permisit:
1146 540 1285 571 quorum
1297 531 1379 562 alter

55 593 71 607 «
88 580 245 612 bellorum
259 580 376 619 socius,
387 581 466 612 alter
479 585 589 612 Romae
602 580 747 621 pluribus
760 578 923 609 laboribus
936 578 947 595 ³
961 578 1101 618 jactatus
1114 579 1220 618 ampla
1233 579 1376 618 quidem,

54 639 70 654 κ
89 627 144 658 sed
161 636 218 667 pro
235 627 418 667 ingentibus
436 628 557 660 meritis
572 628 581 646 ⁴
604 628 738 668 praemia
755 626 955 666 acceperant.
977 634 1033 665 ego
1051 625 1129 665 quid
1145 625 1230 656 aiiud
1248 626 1379 656 munifi-

55 685 71 701 «
89 674 218 706 centiae5
235 674 386 706 adbibere
406 675 497 714 potui
513 684 610 715 quam
627 674 748 713 studia,
764 676 800 704 ut
815 673 860 704 sic
873 672 1021 711 dixerim,
1034 672 1066 703 iu
1084 672 1213 703 umbraG
1230 672 1379 712 educata,

56 733 70 746 ce
90 723 121 752 et
136 721 253 761 quibus
270 722 428 752 claritudo
442 723 528 753 venit
540 746 547 760 ,
563 721 647 762 quod
659 721 803 760 juventae
822 721 886 750 tuae
900 719 1092 750 rudimentis
1107 719 1237 750 assuisse
1255 719 1379 759 videor,

57 780 70 794 α
91 768 210 808 grande
228 768 323 806 liujus
339 768 382 799 rei
397 769 559 808 pretium?
582 771 614 799 at
628 770 662 799 tu
680 768 814 807 gratiam
832 767 1043 805 immensam,
1061 767 1262 797 innumeram
1281 775 1380 806 pecu-

56 826 72 840 «
91 814 177 845 niam
193 815 448 854 circumdedisti,
464 816 543 845 adeo
562 818 597 846 ut
612 815 802 854 plerumque
826 814 910 844 intra
925 822 975 843 me
987 814 1053 852 ipse
1072 813 1199 843 volvam
1212 813 1237 853 ²,
1257 818 1382 854 Egone,

56 873 71 887 «
91 862 229 901 equestri
245 864 276 893 et
291 862 479 902 provinciali
496 862 586 893 locoS
601 864 702 900 ortus,
715 861 902 901 proceribus
917 860 1056 890 civitatis
1072 864 1286 891 annumeror?
1302 862 1382 893 inier

57 920 72 934 «
90 908 212 939 nobiles
230 911 261 940 et
283 909 374 948 longa
391 909 507 939 decora
530 909 736 949 praeferentes
759 908 884 938 novitas
899 916 969 938 mea
985 908 996 925 ³
1021 907 1162 937 enituit?
1179 907 1232 937 ulii
1247 910 1295 939 est
1311 909 1382 939 ani-

57 968 72 982 «
90 965 163 986 mus
179 957 227 987 ille
247 956 381 987 modicis
395 958 587 988 contentus?
600 956 679 988 tales
697 956 806 987 hortos
822 955 978 993 exstruit,
993 956 1024 985 et
1041 963 1095 994 per
1113 954 1180 984 liaec
1198 955 1383 986 suburbana

56 1003 228 1042 «incedit,
250 1006 283 1035 et
301 1003 401 1035 lautis
418 1013 567 1043 agrorum
586 1003 699 1044 spatiis
711 1028 719 1042 ,
747 1006 812 1033 tam
837 1002 901 1033 lato
918 1002 1040 1032 foenore
1059 1001 1083 1019 ¹⁰
1113 1001 1292 1033 exuberat?
1313 1006 1384 1034 Una

57 1062 72 1077 ι(
90 1050 234 1082 defensio
248 1051 407 1090 occurrit,
422 1051 508 1091 quod
522 1051 708 1082 muneribus
724 1050 787 1081 tuis
804 1049 907 1080 obniti
921 1058 985 1080 non
1003 1049 1109 1080 debui.

96 1101 171 1129 LIV.
199 1111 215 1124 «
231 1098 289 1128 Sed
309 1100 444 1138 uterque
461 1107 646 1130 mensuram
671 1098 896 1137 implevimus,
923 1098 954 1128 et
971 1099 1006 1127 tu
1021 1121 1029 1136 ,
1055 1099 1213 1136 quantum
1234 1098 1385 1137 Princeps

58 1157 73 1173 α
91 1143 233 1175 tribuere
254 1145 360 1175 amico
379 1149 503 1185 posset,
531 1147 563 1176 et
590 1155 667 1184 ego,
689 1149 845 1184 quamtum
864 1145 986 1175 amicus
1012 1153 1030 1174 a
1056 1145 1201 1184 Principe
1226 1145 1383 1184 accipere.

57 1204 72 1218 α
92 1193 197 1222 cetera
215 1192 220 1208 ¹
244 1191 400 1222 inridiaiu
418 1194 537 1231 augent
553 1201 560 1221 :
579 1201 651 1232 quae
667 1192 798 1231 quidem
812 1216 820 1230 ,
839 1193 875 1222 ut
889 1192 996 1222 omnia
1014 1193 1178 1230 mortalia,
1195 1192 1277 1222 inl'ra
1296 1196 1385 1223 tuam

58 1251 73 1265 «
92 1238 479 1279 magnitudinemjacent;
493 1239 548 1270 sed
558 1239 637 1270 milii
652 1239 861 1270 incumbunt:
878 1239 956 1268 milii
968 1238 1224 1269 subveniendum
1239 1241 1298 1269 est.
1309 1249 1385 1278 quo-

57 1301 72 1312 «
90 1287 186 1317 modo
210 1287 243 1317 in
267 1287 381 1318 militia
405 1291 460 1317 aut
476 1287 528 1317 via
546 1288 649 1318 fessus
666 1287 897 1317 admimculum
916 1295 1039 1317 orarem
1051 1311 1058 1325 ,
1077 1286 1122 1316 itzi
1138 1288 1167 1316 iu
1193 1286 1253 1316 lice
1271 1287 1386 1321 itinere

58 1346 74 1360 «
93 1334 188 1372 vitae,
204 1343 300 1365 senex
316 1336 348 1364 et
368 1334 539 1365 levissimis
562 1343 689 1373 quoque
716 1335 804 1365 curis
828 1334 943 1373 impar,
969 1342 1068 1373 quum
1093 1342 1169 1372 opes
1193 1342 1280 1364 meas
1302 1336 1386 1367 ultra

58 1393 76 1410 ι
92 1381 250 1412 sustinere
266 1390 330 1411 non
349 1381 486 1421 possim,
506 1382 692 1421 praesidium
708 1384 794 1421 peto.
817 1381 893 1420 julie
919 1390 972 1411 eas
996 1390 1052 1420 per
1074 1383 1297 1419 procuratores
1313 1384 1386 1414 tuos

59 1440 74 1455 «
92 1428 326 1467 administrari,
351 1429 383 1459 in
398 1431 488 1459 tuam
506 1429 667 1459 fortunam
688 1429 797 1468 recipi.
815 1438 874 1459 nec
888 1438 937 1459 me
955 1428 987 1458 in
1002 1437 1114 1468 pauper
1127 1430 1222 1458 [utem
1242 1429 1307 1467 ipse
1329 1429 1386 1460 de-

58 1489 73 1503 «
92 1475 238 1515 trudam3
256 1476 312 1506 sed
330 1476 457 1507 traditis
474 1485 612 1515 quorum
631 1476 752 1515 fulgore
769 1476 975 1516 praestringor
991 1474 1016 1513 ²,
1035 1475 1119 1514 quod
1142 1475 1295 1514 temporis
1311 1476 1386 1507 lior—

58 1536 74 1550 «
92 1524 198 1554 torum
216 1525 272 1554 aut
290 1523 440 1554 villarum
451 1532 539 1554 curae
555 1524 733 1563 seponitur,
750 1524 782 1554 in
798 1523 936 1554 animam
956 1522 1115 1553 revocabo
1131 1523 1152 1550 ὁ.
1166 1526 1312 1562 superest
1326 1524 1386 1555 tibi

59 1570 190 1601 «robur
209 1572 240 1602 et
270 1572 318 1602 tot
341 1580 396 1610 per
424 1579 524 1601 annos
550 1571 662 1601 nixum
689 1570 804 1610 fastigii
831 1569 1016 1609 reginien⁴;
1047 1578 1219 1609 possumus
1244 1570 1387 1602 seniores

60 1630 74 1644 «ι
92 1617 186 1648 amici
212 1618 354 1658 quietem
377 1618 544 1658 spondere.
570 1618 630 1648 lioc
653 1627 779 1658 quoque
805 1618 836 1648 in
860 1621 949 1649 tuam
976 1617 1108 1657 gloriam
1135 1617 1246 1657 cedet,
1266 1626 1321 1649 eos
1345 1619 1387 1650 ad

58 1676 74 1691 κ
91 1673 218 1696 summa
232 1665 373 1703 vexisse,
386 1665 441 1705 qui
458 1667 491 1697 et
507 1665 633 1696 modica
648 1666 830 1697 tolerarent.
846 1678 861 1692 »

97 1715 160 1744 LV.
185 1713 231 1744 Ad
248 1722 321 1753 quae
335 1718 418 1744 Nero
435 1713 482 1744 sic
500 1713 598 1744 ferme
622 1713 787 1753 respondit
802 1723 809 1742 :
833 1725 848 1739 κ
865 1712 961 1751 Quod
980 1712 1144 1743 meditatae
1160 1711 1298 1742 orationi
1320 1712 1386 1743 tuae

59 1772 76 1788 ι
91 1760 201 1792 statim
218 1768 404 1798 occurram,
422 1760 454 1791 id
469 1761 611 1800 primum
640 1761 689 1791 tui
701 1760 845 1791 muneris
860 1759 866 1777 ¹
893 1759 1013 1798 liabeo,
1039 1760 1095 1799 qui
1113 1768 1164 1790 ine
1181 1768 1244 1790 nou
1258 1762 1386 1790 tautum

87 1853 151 1877 Llll'.
162 1853 316 1876 «Secessus
327 1853 481 1880 Mytilenen.
492 1854 624 1882 Agrippae,
634 1854 720 1876 amico
730 1853 843 1881 Augusti
854 1854 881 1876 et
889 1852 1029 1876 bellorum
1039 1853 1124 1879 socio,
1136 1857 1191 1875 non
1205 1852 1275 1874 bene
1290 1856 1386 1874 conve-

58 1888 97 1911 nit
108 1894 168 1911 cnm
180 1889 281 1917 nepote
298 1889 412 1916 Augusti
424 1888 550 1911 Marcello
566 1894 666 1917 :quare
682 1889 832 1916 Imperator
847 1888 922 1910 illum
938 1889 1021 1916 Syriae
1036 1887 1166 1915 praefecit,
1191 1892 1244 1914 quo
1268 1888 1385 1915 Agrippa

58 1923 162 1953 legatos
173 1924 253 1952 misit,
267 1924 323 1952 ipse
335 1923 468 1952 Mytilenen
487 1924 588 1946 vivens,
621 1928 642 1946 2.
657 1923 738 1952 Quasi
755 1928 811 1946 non
828 1924 899 1946 esset
913 1924 1062 1945 Roma—5.
1081 1924 1107 1945 in
1121 1922 1281 1950 praefectura
1296 1921 1384 1945 Urbis.

57 1972 85 1976 ——
96 1962 119 1981 ⁴.
138 1959 172 1982 lis
187 1959 288 1982 meritis
301 1959 504 1987 respondentia,
528 1964 558 1982 ea
579 1964 633 1982 non
647 1959 811 1987 superantia.
832 1970 860 1974 -—
873 1963 897 1982 5.
912 1958 1113 1987 Munificeutc'a
1131 1957 1181 1979 lioc
1200 1956 1259 1979 loeo
1275 1956 1385 1980 insolite

57 1993 160 2017 dictum
174 1995 282 2018 videtur
293 1995 326 2018 de
341 2000 423 2023 opera
440 1994 599 2023 praestanda,
614 1994 724 2018 ductum
739 2000 753 2017 a
763 1994 895 2017 militibus
906 1992 1098 2022 mzmificibus,
1113 1998 1227 2021 quorum
1242 1993 1282 2014 est
1296 1992 1385 2016 omnia

57 2029 149 2052 munia
165 2029 266 2053 militiae
280 2030 372 2058 obire;
387 2032 563 2059 opponuntur
576 2029 751 2059 beneficiarii
770 2028 877 2057 mitites,
890 2029 920 2051 iis
935 2028 1092 2051 muneribus
1106 2028 1251 2051 soluti-e.
1272 2028 1320 2049 Cui
1335 2032 1385 2056 op-

58 2064 168 2092 ponitur
179 2065 232 2088 luz·
246 2065 360 2094 publicae
373 2066 441 2088 vitae.
454 2078 481 2081 ——
492 2070 516 2088 7.
531 2066 574 2088 Sc.
589 2065 763 2094 cogitatione.
776 2076 807 2081 —
819 2069 840 2087 e.
857 2063 989 2087 Cordubae
1002 2064 1029 2086 in
1046 2063 1180 2092 Hispania,
1202 2062 1235 2086 ab
1250 2062 1385 2090 equestris

58 2099 159 2122 ordinis
169 2100 271 2124 familia
287 2101 468 2124 πωπω-9.
484 2101 540 2129 Ego
556 2099 635 2123 homo
648 2106 734 2123 novus
746 2100 817 2123 inter
830 2099 954 2123 homines
965 2099 1045 2129 longa
1058 2098 1193 2122 honorum
1206 2104 1221 2122 a
1238 2098 1385 2127 majoribus

57 2135 197 2162 gestorum
207 2135 278 2159 serie
292 2136 531 2165 conspicuos—io.
547 2135 688 2159 Rediiibus
702 2141 734 2158 ex
749 2134 866 2164 praediis.

87 2168 149 2192 LlV.
165 2175 186 2193 ι.
197 2170 316 2200 Uterque
330 2172 423 2194 nostro
447 2170 537 2194 officio
557 2171 694 2194 cumulate
705 2169 843 2200 perfuncti
857 2175 966 2199 sumus;
980 2171 1009 2194 tu
1020 2169 1170 2196 munificus,
1183 2169 1214 2192 ut
1231 2168 1384 2197 Principem

58 2201 153 2231 decet;
168 2209 219 2234 ego
232 2205 347 2235 Principi
360 2205 529 2235 obsequens:
542 2206 568 2229 in
579 2212 631 2235 qua
648 2212 677 2229 re
690 2206 713 2229 si
727 2205 828 2229 invidia
842 2205 892 2234 est,
907 2206 981 2229 certe
989 2205 1125 2229 moderata
1137 2210 1195 2228 esse
1209 2203 1306 2229 debet;
1321 2207 1384 2225 nain

59 2237 142 2261 etiam
152 2239 176 2262 si
184 2239 256 2264 ultra
268 2242 394 2265 meritum
413 2247 502 2264 mcum
519 2240 594 2265 fuisti
614 2240 765 2269 munificus,
783 2245 834 2269 ego
855 2240 973 2270 principi
988 2239 1078 2264 obniti
1091 2246 1149 2264 non
1163 2238 1256 2263 debui.
1270 2236 1323 2261 Sed
1340 2240 1384 2275 ‹fe-

59 2271 132 2302 tera,
146 2279 205 2303 quae
215 2277 337 2300 mutuum
356 2277 422 2300 illud
436 2276 554 2301 officium
569 2282 623 2301 non
639 2277 775 2307 spectant,
790 2275 924 2300 honorum
946 2281 1077 2304 meorum,
1093 2276 1256 2302 divitiarum,
1271 2270 1385 2302 praedio-

57 2310 119 2330 rum
132 2310 298 2341 magnitudo,
313 2312 454 2336 invidiam
470 2313 584 2342 auqent.
598 2326 625 2330 -—
640 2317 663 2336 2.
679 2313 790 2337 Animus
803 2317 879 2336 meus
890 2312 1096 2341 praestringitur,
1111 2312 1142 2335 ut
1157 2309 1251 2334 oculus
1265 2308 1382 2348 fulgore,

59 2344 87 2368 et
100 2345 254 2374 hebetatur.
265 2362 295 2367 -
310 2356 331 2374 a.
344 2351 441 2375 Animo
455 2351 616 2381 excolendo,
627 2353 658 2376 nt
668 2352 734 2376 ante
749 2350 812 2380 feci,
826 2350 992 2380 impendam.
1007 2363 1036 2367 —
1047 2354 1071 2374 ⁴.
1086 2350 1139 2374 Tot
1158 2352 1293 2373 annorum
1310 2348 1390 2369 serie*

58 2380 196 2408 firmatum
206 2386 327 2416 regimen
334 2392 444 2410 summae
450 2393 549 2411 rerum.

89 2422 142 2446 LV.
153 2422 196 2447 sc.
209 2427 276 2452 rem,
290 2417 336 2458 ὄν,
347 2428 410 2448 nam
423 2423 478 2449 tale
494 2423 670 2455 participium
682 2423 843 2450 inusitatum
856 2423 958 2450 Latinis
968 2421 1116 2448 veteribus.

1151 2471 1166 2491 1
1172 2470 1192 2491 ο
1200 2468 1216 2497 :
