<?xml version="1.0" encoding="UTF-8"?>
<!DOCTYPE html PUBLIC "-//W3C//DTD XHTML 1.0 Transitional//EN"
    "http://www.w3.org/TR/xhtml1/DTD/xhtml1-transitional.dtd">
<html xmlns="http://www.w3.org/1999/xhtml" xml:lang="en" lang="en">
 <head>
  <title>
</title>
<meta http-equiv="Content-Type" content="text/html;charset=utf-8" />
  <meta name='ocr-system' content='tesseract 3.04.00' />
  <meta name='ocr-capabilities' content='ocr_page ocr_carea ocr_par ocr_line ocrx_word'/>
</head>
<body>
  <div class='ocr_page' id='page_1' title='image "./operaquaesupersu00taciuoft/operaquaesupersu00taciuoft_0423.png"; bbox 0 0 1539 2668; ppageno 0'>
   <div class='ocr_carea' id='block_1_1' title="bbox 496 165 1386 201">
    <p class='ocr_par' dir='ltr' id='par_1_1' title="bbox 496 165 1386 201">
     <span class='ocr_line' id='line_1_1' title="bbox 496 165 1386 201; baseline 0.009 -8"><span class='ocrx_word' id='word_1_1' title='bbox 496 166 531 194; x_wconf 88' lang='grc' dir='ltr'>Α.</span> <span class='ocrx_word' id='word_1_2' title='bbox 556 166 594 194; x_wconf 88' lang='lat' dir='ltr'>U.</span> <span class='ocrx_word' id='word_1_3' title='bbox 618 167 652 194; x_wconf 93' lang='lat' dir='ltr'>C.</span> <span class='ocrx_word' id='word_1_4' title='bbox 677 165 747 194; x_wconf 82' lang='grc'><strong>823.</strong></span> <span class='ocrx_word' id='word_1_5' title='bbox 786 167 823 194; x_wconf 81' lang='grc' dir='ltr'>Α.</span> <span class='ocrx_word' id='word_1_6' title='bbox 847 166 882 195; x_wconf 88' lang='lat' dir='ltr'>C.</span> <span class='ocrx_word' id='word_1_7' title='bbox 906 166 958 196; x_wconf 88' lang='grc'>70.</span> <span class='ocrx_word' id='word_1_8' title='bbox 1329 171 1386 201; x_wconf 83' lang='lat'>391</span> 
     </span>
    </p>
   </div>
   <div class='ocr_carea' id='block_1_2' title="bbox 32 239 1394 2304">
    <p class='ocr_par' dir='ltr' id='par_1_2' title="bbox 35 239 1393 1457">
     <span class='ocr_line' id='line_1_2' title="bbox 105 239 1392 284; baseline 0.005 -13"><span class='ocrx_word' id='word_1_9' title='bbox 105 243 207 272; x_wconf 82' lang='lat' dir='ltr'>Xle.</span> <span class='ocrx_word' id='word_1_10' title='bbox 233 239 294 271; x_wconf 86' lang='lat' dir='ltr'>Sed</span> <span class='ocrx_word' id='word_1_11' title='bbox 308 240 380 271; x_wconf 89' lang='lat' dir='ltr'>tum</span> <span class='ocrx_word' id='word_1_12' title='bbox 396 239 551 279; x_wconf 81' lang='lat' dir='ltr'><strong>legionem</strong></span> <span class='ocrx_word' id='word_1_13' title='bbox 569 239 601 270; x_wconf 91' lang='lat' dir='ltr'>in</span> <span class='ocrx_word' id='word_1_14' title='bbox 618 240 725 271; x_wconf 82' lang='lat' dir='ltr'>Africa</span> <span class='ocrx_word' id='word_1_15' title='bbox 742 240 871 279; x_wconf 80' lang='lat' dir='ltr'>regebat</span> <span class='ocrx_word' id='word_1_16' title='bbox 882 239 1027 271; x_wconf 83' lang='lat' dir='ltr'>Valerius</span> <span class='ocrx_word' id='word_1_17' title='bbox 1040 241 1171 278; x_wconf 80' lang='lat' dir='ltr'>Festus,</span> <span class='ocrx_word' id='word_1_18' title='bbox 1191 244 1392 284; x_wconf 74' lang='lat' dir='ltr'>sumptuosae</span> 
     </span>
     <span class='ocr_line' id='line_1_3' title="bbox 64 286 1392 327; baseline 0.006 -10"><span class='ocrx_word' id='word_1_19' title='bbox 64 286 291 318; x_wconf 78' lang='lat' dir='ltr'>adolescentiae</span> <span class='ocrx_word' id='word_1_20' title='bbox 308 296 411 327; x_wconf 89' lang='lat' dir='ltr'>neque</span> <span class='ocrx_word' id='word_1_21' title='bbox 427 287 556 318; x_wconf 85' lang='lat' dir='ltr'>modica</span> <span class='ocrx_word' id='word_1_22' title='bbox 569 288 717 327; x_wconf 88' lang='lat' dir='ltr'>cupiens,</span> <span class='ocrx_word' id='word_1_23' title='bbox 736 290 768 318; x_wconf 86' lang='lat' dir='ltr'>et</span> <span class='ocrx_word' id='word_1_24' title='bbox 784 287 939 318; x_wconf 81' lang='lat' dir='ltr'>affinitate</span> <span class='ocrx_word' id='word_1_25' title='bbox 954 286 1074 318; x_wconf 87' lang='lat' dir='ltr'>Vitellii</span> <span class='ocrx_word' id='word_1_26' title='bbox 1087 287 1214 319; x_wconf 74' lang='lat' dir='ltr'>anxius.</span> <span class='ocrx_word' id='word_1_27' title='bbox 1233 289 1257 320; x_wconf 54' lang='lat' dir='ltr'>is</span> <span class='ocrx_word' id='word_1_28' title='bbox 1271 291 1392 325; x_wconf 78' lang='lat' dir='ltr'>crebris</span> 
     </span>
     <span class='ocr_line' id='line_1_4' title="bbox 38 333 1391 380; baseline 0.004 -16"><span class='ocrx_word' id='word_1_29' title='bbox 38 368 40 380; x_wconf 41' lang='grc' dir='ltr'>ι</span> <span class='ocrx_word' id='word_1_30' title='bbox 62 333 266 365; x_wconf 83' lang='lat' dir='ltr'>sermonibus</span> <span class='ocrx_word' id='word_1_31' title='bbox 283 334 496 365; x_wconf 87' lang='lat' dir='ltr'>tentaveritue</span> <span class='ocrx_word' id='word_1_32' title='bbox 514 334 663 365; x_wconf 82' lang='lat' dir='ltr'>Pisonem</span> <span class='ocrx_word' id='word_1_33' title='bbox 684 334 721 365; x_wconf 88' lang='lat' dir='ltr'>ad</span> <span class='ocrx_word' id='word_1_34' title='bbox 742 344 792 366; x_wconf 87' lang='lat' dir='ltr'>res</span> <span class='ocrx_word' id='word_1_35' title='bbox 813 343 914 365; x_wconf 77' lang='lat' dir='ltr'>novas</span> <span class='ocrx_word' id='word_1_36' title='bbox 929 343 971 365; x_wconf 90' lang='lat' dir='ltr'>an</span> <span class='ocrx_word' id='word_1_37' title='bbox 995 335 1132 365; x_wconf 79' lang='lat' dir='ltr'>tentanti</span> <span class='ocrx_word' id='word_1_38' title='bbox 1154 337 1326 377; x_wconf 67' lang='lat' dir='ltr'>restiterit,</span> <span class='ocrx_word' id='word_1_39' title='bbox 1346 339 1391 370; x_wconf 83' lang='lat' dir='ltr'>in-</span> 
     </span>
     <span class='ocr_line' id='line_1_5' title="bbox 39 381 1392 425; baseline 0.004 -14"><span class='ocrx_word' id='word_1_40' title='bbox 39 407 41 421; x_wconf 39' lang='lat'>!</span> <span class='ocrx_word' id='word_1_41' title='bbox 62 384 190 412; x_wconf 86' lang='lat' dir='ltr'>certum</span> <span class='ocrx_word' id='word_1_42' title='bbox 203 405 211 420; x_wconf 90' lang='lat'>‚</span> <span class='ocrx_word' id='word_1_43' title='bbox 237 382 389 421; x_wconf 84' lang='lat' dir='ltr'>quoniam</span> <span class='ocrx_word' id='word_1_44' title='bbox 407 385 531 413; x_wconf 84' lang='lat' dir='ltr'>secreto</span> <span class='ocrx_word' id='word_1_45' title='bbox 548 390 660 412; x_wconf 90' lang='lat' dir='ltr'>eorum</span> <span class='ocrx_word' id='word_1_46' title='bbox 684 391 779 412; x_wconf 90' lang='lat' dir='ltr'>nemo</span> <span class='ocrx_word' id='word_1_47' title='bbox 797 382 912 421; x_wconf 83' lang='lat' dir='ltr'>assuit,</span> <span class='ocrx_word' id='word_1_48' title='bbox 934 383 967 413; x_wconf 91' lang='lat' dir='ltr'>et</span> <span class='ocrx_word' id='word_1_49' title='bbox 984 381 1091 412; x_wconf 85' lang='lat' dir='ltr'>occiso</span> <span class='ocrx_word' id='word_1_50' title='bbox 1108 381 1222 413; x_wconf 81' lang='lat' dir='ltr'>Pisone</span> <span class='ocrx_word' id='word_1_51' title='bbox 1245 384 1392 425; x_wconf 81' lang='lat' dir='ltr'>plerique</span> 
     </span>
     <span class='ocr_line' id='line_1_6' title="bbox 40 428 1390 469; baseline 0.004 -11"><span class='ocrx_word' id='word_1_52' title='bbox 40 442 41 462; x_wconf 65' lang='lat'>2</span> <span class='ocrx_word' id='word_1_53' title='bbox 63 428 103 458; x_wconf 87' lang='lat' dir='ltr'>ad</span> <span class='ocrx_word' id='word_1_54' title='bbox 117 428 253 468; x_wconf 86' lang='lat' dir='ltr'>gratiam</span> <span class='ocrx_word' id='word_1_55' title='bbox 267 428 482 460; x_wconf 79' lang='lat' dir='ltr'>interfectoris</span> <span class='ocrx_word' id='word_1_56' title='bbox 499 428 594 459; x_wconf 89' lang='lat' dir='ltr'>inclin</span> <span class='ocrx_word' id='word_1_57' title='bbox 599 437 704 459; x_wconf 44' lang='lat' dir='ltr'>{nivele</span> <span class='ocrx_word' id='word_1_58' title='bbox 721 438 779 460; x_wconf 88' lang='lat' dir='ltr'>uec</span> <span class='ocrx_word' id='word_1_59' title='bbox 796 428 970 468; x_wconf 80' lang='lat' dir='ltr'>ambigitur</span> <span class='ocrx_word' id='word_1_60' title='bbox 986 429 1186 469; x_wconf 28' lang='lat' dir='ltr'>piwovinciam</span> <span class='ocrx_word' id='word_1_61' title='bbox 1207 434 1238 460; x_wconf 88' lang='lat' dir='ltr'>et</span> <span class='ocrx_word' id='word_1_62' title='bbox 1255 432 1355 462; x_wconf 80' lang='lat' dir='ltr'>milite</span> <span class='ocrx_word' id='word_1_63' title='bbox 1360 443 1390 464; x_wconf 92' lang='lat' dir='ltr'>m</span> 
     </span>
     <span class='ocr_line' id='line_1_7' title="bbox 39 468 1391 516; baseline 0.004 -11"><span class='ocrx_word' id='word_1_64' title='bbox 39 468 42 511; x_wconf 59' lang='grc' dir='ltr'>ᾖ</span> <span class='ocrx_word' id='word_1_65' title='bbox 61 475 198 507; x_wconf 84' lang='lat' dir='ltr'>alienato</span> <span class='ocrx_word' id='word_1_66' title='bbox 221 484 294 514; x_wconf 57' lang='grc' dir='ltr'>(ει-ξπ</span> <span class='ocrx_word' id='word_1_67' title='bbox 319 476 551 515; x_wconf 82' lang='lat' dir='ltr'>Vespasianum</span> <span class='ocrx_word' id='word_1_68' title='bbox 576 476 684 506; x_wconf 86' lang='lat' dir='ltr'>animo</span> <span class='ocrx_word' id='word_1_69' title='bbox 712 476 830 513; x_wconf 85' lang='lat' dir='ltr'>suissc;</span> <span class='ocrx_word' id='word_1_70' title='bbox 858 478 891 507; x_wconf 90' lang='lat' dir='ltr'>et</span> <span class='ocrx_word' id='word_1_71' title='bbox 915 476 1048 516; x_wconf 87' lang='lat' dir='ltr'>quidam</span> <span class='ocrx_word' id='word_1_72' title='bbox 1075 486 1091 507; x_wconf 89' lang='lat' dir='ltr'>c</span> <span class='ocrx_word' id='word_1_73' title='bbox 1108 477 1287 509; x_wconf 54' lang='lat' dir='ltr'>Nitelliunis</span> <span class='ocrx_word' id='word_1_74' title='bbox 1307 480 1391 512; x_wconf 72' lang='lat' dir='ltr'>Urbe</span> 
     </span>
     <span class='ocr_line' id='line_1_8' title="bbox 38 514 1389 567; baseline 0.004 -15"><span class='ocrx_word' id='word_1_75' title='bbox 38 545 42 561; x_wconf 74' lang='grc'><em>,</em></span> <span class='ocrx_word' id='word_1_76' title='bbox 39 514 189 561; x_wconf 81' lang='lat' dir='ltr'>profugi</span> <span class='ocrx_word' id='word_1_77' title='bbox 209 522 418 554; x_wconf 82' lang='lat' dir='ltr'>ostentabant</span> <span class='ocrx_word' id='word_1_78' title='bbox 440 523 546 554; x_wconf 90' lang='lat' dir='ltr'>Pisoni</span> <span class='ocrx_word' id='word_1_79' title='bbox 571 525 736 554; x_wconf 66' lang='lat' dir='ltr'>nutantes</span> <span class='ocrx_word' id='word_1_80' title='bbox 761 523 918 561; x_wconf 73' lang='lat' dir='ltr'>Gallias,</span> <span class='ocrx_word' id='word_1_81' title='bbox 945 525 1114 562; x_wconf 68' lang='lat' dir='ltr'>paiacam</span> <span class='ocrx_word' id='word_1_82' title='bbox 1144 525 1389 567; x_wconf 71' lang='lat' dir='ltr'>Gmmcmz’am,</span> 
     </span>
     <span class='ocr_line' id='line_1_9' title="bbox 38 553 1389 610; baseline 0.005 -11.082"><span class='ocrx_word' id='word_1_83' title='bbox 38 563 221 607; x_wconf 61' lang='lat' dir='ltr'>&#39;pericula</span> <span class='ocrx_word' id='word_1_84' title='bbox 236 571 343 609; x_wconf 76' lang='lat' dir='ltr'>ipsius</span> <span class='ocrx_word' id='word_1_85' title='bbox 359 571 392 600; x_wconf 73' lang='lat' dir='ltr'>et</span> <span class='ocrx_word' id='word_1_86' title='bbox 411 578 494 609; x_wconf 78' lang='lat' dir='ltr'>pace</span> <span class='ocrx_word' id='word_1_87' title='bbox 515 571 675 609; x_wconf 74' lang='lat' dir='ltr'>suspecta</span> <span class='ocrx_word' id='word_1_88' title='bbox 696 572 804 601; x_wconf 68' lang='lat' dir='ltr'>tectius</span> <span class='ocrx_word' id='word_1_89' title='bbox 823 570 963 601; x_wconf 73' lang='lat' dir='ltr'>bellam.</span> <span class='ocrx_word' id='word_1_90' title='bbox 981 570 1064 601; x_wconf 86' lang='lat' dir='ltr'>inter</span> <span class='ocrx_word' id='word_1_91' title='bbox 1078 580 1108 610; x_wconf 90' lang='lat' dir='ltr'>q</span> <span class='ocrx_word' id='word_1_92' title='bbox 1103 580 1152 601; x_wconf 82' lang='lat' dir='ltr'>ia</span> <span class='ocrx_word' id='word_1_93' title='bbox 1167 571 1320 603; x_wconf 73' lang='lat' dir='ltr'>Cliudius</span> <span class='ocrx_word' id='word_1_94' title='bbox 1339 553 1389 605; x_wconf 54' lang='lat'>8231</span> 
     </span>
     <span class='ocr_line' id='line_1_10' title="bbox 32 597 1389 659; baseline 0.006 -16.018"><span class='ocrx_word' id='word_1_95' title='bbox 32 597 43 651; x_wconf 60' lang='lat' dir='ltr'>‚i</span> <span class='ocrx_word' id='word_1_96' title='bbox 62 615 158 655; x_wconf 86' lang='lat' dir='ltr'>gitta,</span> <span class='ocrx_word' id='word_1_97' title='bbox 183 616 355 656; x_wconf 77' lang='lat' dir='ltr'>praefectus</span> <span class='ocrx_word' id='word_1_98' title='bbox 377 616 436 648; x_wconf 85' lang='lat' dir='ltr'>alae</span> <span class='ocrx_word' id='word_1_99' title='bbox 459 616 598 648; x_wconf 70' lang='lat' dir='ltr'>Petrina:</span> <span class='ocrx_word' id='word_1_100' title='bbox 613 641 621 656; x_wconf 92' lang='lat'>,</span> <span class='ocrx_word' id='word_1_101' title='bbox 645 626 799 657; x_wconf 85' lang='lat' dir='ltr'>prospera</span> <span class='ocrx_word' id='word_1_102' title='bbox 823 617 905 647; x_wconf 56' lang='lat' dir='ltr'>nati</span> <span class='ocrx_word' id='word_1_103' title='bbox 901 617 1026 655; x_wconf 61' lang='lat' dir='ltr'>tgatione</span> <span class='ocrx_word' id='word_1_104' title='bbox 1052 627 1088 657; x_wconf 91' lang='lat' dir='ltr'>pr</span> <span class='ocrx_word' id='word_1_105' title='bbox 1091 619 1208 649; x_wconf 66' lang='grc' dir='ltr'>ωθιιίῑ</span> <span class='ocrx_word' id='word_1_106' title='bbox 1228 621 1389 659; x_wconf 81' lang='lat' dir='ltr'>Papirium</span> 
     </span>
     <span class='ocr_line' id='line_1_11' title="bbox 61 663 1390 704; baseline 0.005 -11"><span class='ocrx_word' id='word_1_107' title='bbox 61 663 283 695; x_wconf 80' lang='lat' dir='ltr'>centurionem</span> <span class='ocrx_word' id='word_1_108' title='bbox 302 672 319 694; x_wconf 90' lang='lat' dir='ltr'>a</span> <span class='ocrx_word' id='word_1_109' title='bbox 337 664 487 695; x_wconf 87' lang='lat' dir='ltr'>Muciano</span> <span class='ocrx_word' id='word_1_110' title='bbox 509 664 667 703; x_wconf 88' lang='lat' dir='ltr'>missum,</span> <span class='ocrx_word' id='word_1_111' title='bbox 685 673 852 696; x_wconf 56' lang='lat' dir='ltr'>asseveras</span> <span class='ocrx_word' id='word_1_112' title='bbox 857 664 946 704; x_wconf 73' lang='lat' dir='ltr'>itqm</span> <span class='ocrx_word' id='word_1_113' title='bbox 969 677 984 691; x_wconf 87' lang='lat'>«</span> <span class='ocrx_word' id='word_1_114' title='bbox 1000 665 1152 695; x_wconf 76' lang='lat' dir='ltr'>inaudita</span> <span class='ocrx_word' id='word_1_115' title='bbox 1177 666 1390 700; x_wconf 71' lang='lat' dir='ltr'>inni-ticiendi</span> 
     </span>
     <span class='ocr_line' id='line_1_12' title="bbox 63 709 1392 753; baseline 0.005 -13"><span class='ocrx_word' id='word_1_116' title='bbox 63 720 79 735; x_wconf 71' lang='grc' dir='ltr'><strong>α</strong></span> <span class='ocrx_word' id='word_1_117' title='bbox 97 709 223 742; x_wconf 89' lang='lat' dir='ltr'>Pisonis</span> <span class='ocrx_word' id='word_1_118' title='bbox 240 711 422 743; x_wconf 88' lang='lat' dir='ltr'>centurioni</span> <span class='ocrx_word' id='word_1_119' title='bbox 444 711 540 750; x_wconf 85' lang='lat' dir='ltr'>data;</span> <span class='ocrx_word' id='word_1_120' title='bbox 566 711 721 742; x_wconf 87' lang='lat' dir='ltr'>cecidisse</span> <span class='ocrx_word' id='word_1_121' title='bbox 736 711 936 743; x_wconf 74' lang='lat' dir='ltr'>Galerianum</span> <span class='ocrx_word' id='word_1_122' title='bbox 960 711 1186 742; x_wconf 85' lang='lat' dir='ltr'>consobrinum</span> <span class='ocrx_word' id='word_1_123' title='bbox 1210 714 1277 752; x_wconf 72' lang='lat' dir='ltr'>(jus</span> <span class='ocrx_word' id='word_1_124' title='bbox 1295 724 1392 753; x_wconf 75' lang='lat' dir='ltr'>gene.-</span> 
     </span>
     <span class='ocr_line' id='line_1_13' title="bbox 64 757 1389 800; baseline 0.006 -14"><span class='ocrx_word' id='word_1_125' title='bbox 64 767 81 783; x_wconf 69' lang='grc' dir='ltr'>α</span> <span class='ocrx_word' id='word_1_126' title='bbox 97 758 270 797; x_wconf 85' lang='lat' dir='ltr'>rumque&#39;.</span> <span class='ocrx_word' id='word_1_127' title='bbox 292 767 393 789; x_wconf 89' lang='lat' dir='ltr'>unam</span> <span class='ocrx_word' id='word_1_128' title='bbox 407 758 441 790; x_wconf 90' lang='lat' dir='ltr'>in</span> <span class='ocrx_word' id='word_1_129' title='bbox 458 758 596 789; x_wconf 84' lang='lat' dir='ltr'>audacia</span> <span class='ocrx_word' id='word_1_130' title='bbox 614 766 703 798; x_wconf 88' lang='lat' dir='ltr'>spem</span> <span class='ocrx_word' id='word_1_131' title='bbox 723 758 858 797; x_wconf 85' lang='lat' dir='ltr'>salutis,</span> <span class='ocrx_word' id='word_1_132' title='bbox 876 757 932 789; x_wconf 86' lang='lat' dir='ltr'>sed</span> <span class='ocrx_word' id='word_1_133' title='bbox 950 758 1014 789; x_wconf 91' lang='lat' dir='ltr'>duo</span> <span class='ocrx_word' id='word_1_134' title='bbox 1031 759 1146 790; x_wconf 79' lang='lat' dir='ltr'>itinera</span> <span class='ocrx_word' id='word_1_135' title='bbox 1162 760 1312 800; x_wconf 72' lang='lat' dir='ltr'>audenti,</span> <span class='ocrx_word' id='word_1_136' title='bbox 1333 772 1389 794; x_wconf 87' lang='lat' dir='ltr'>seu</span> 
     </span>
     <span class='ocr_line' id='line_1_14' title="bbox 65 804 1392 845; baseline 0.004 -10"><span class='ocrx_word' id='word_1_137' title='bbox 65 814 81 829; x_wconf 70' lang='grc' dir='ltr'><strong>α</strong></span> <span class='ocrx_word' id='word_1_138' title='bbox 99 804 209 836; x_wconf 87' lang='lat' dir='ltr'>mallet</span> <span class='ocrx_word' id='word_1_139' title='bbox 221 805 330 836; x_wconf 86' lang='lat' dir='ltr'>statim</span> <span class='ocrx_word' id='word_1_140' title='bbox 348 814 437 836; x_wconf 85' lang='lat' dir='ltr'>arma</span> <span class='ocrx_word' id='word_1_141' title='bbox 450 829 458 845; x_wconf 83' lang='lat'>‚</span> <span class='ocrx_word' id='word_1_142' title='bbox 475 814 530 835; x_wconf 77' lang='lat' dir='ltr'>seu</span> <span class='ocrx_word' id='word_1_143' title='bbox 548 806 648 845; x_wconf 71' lang='lat' dir='ltr'>petita</span> <span class='ocrx_word' id='word_1_144' title='bbox 665 805 803 835; x_wconf 77' lang='lat' dir='ltr'>navibus</span> <span class='ocrx_word' id='word_1_145' title='bbox 818 805 917 836; x_wconf 88' lang='lat' dir='ltr'>Gallia</span> <span class='ocrx_word' id='word_1_146' title='bbox 934 805 1049 837; x_wconf 85' lang='lat' dir='ltr'>ducem</span> <span class='ocrx_word' id='word_1_147' title='bbox 1066 815 1099 837; x_wconf 92' lang='lat' dir='ltr'>se</span> <span class='ocrx_word' id='word_1_148' title='bbox 1113 807 1290 839; x_wconf 66' lang='lat' dir='ltr'>vitellianis</span> <span class='ocrx_word' id='word_1_149' title='bbox 1304 818 1392 841; x_wconf 80' lang='lat' dir='ltr'>exer-</span> 
     </span>
     <span class='ocr_line' id='line_1_15' title="bbox 63 850 1391 891; baseline 0.006 -10"><span class='ocrx_word' id='word_1_150' title='bbox 63 862 79 877; x_wconf 74' lang='lat' dir='ltr'>u</span> <span class='ocrx_word' id='word_1_151' title='bbox 96 850 215 882; x_wconf 90' lang='lat' dir='ltr'>citibus</span> <span class='ocrx_word' id='word_1_152' title='bbox 232 852 457 883; x_wconf 85' lang='lat' dir='ltr'>ostenderet.»</span> <span class='ocrx_word' id='word_1_153' title='bbox 474 852 552 883; x_wconf 72' lang='lat' dir='ltr'>nillil</span> <span class='ocrx_word' id='word_1_154' title='bbox 567 852 606 883; x_wconf 86' lang='lat' dir='ltr'>ad</span> <span class='ocrx_word' id='word_1_155' title='bbox 623 861 660 883; x_wconf 87' lang='lat' dir='ltr'>ea</span> <span class='ocrx_word' id='word_1_156' title='bbox 675 854 764 883; x_wconf 87' lang='lat' dir='ltr'>moto</span> <span class='ocrx_word' id='word_1_157' title='bbox 778 853 903 891; x_wconf 85' lang='lat' dir='ltr'>Pisone,</span> <span class='ocrx_word' id='word_1_158' title='bbox 920 852 1066 883; x_wconf 89' lang='lat' dir='ltr'>centurio</span> <span class='ocrx_word' id='word_1_159' title='bbox 1081 862 1098 883; x_wconf 87' lang='lat' dir='ltr'>a</span> <span class='ocrx_word' id='word_1_160' title='bbox 1112 855 1259 885; x_wconf 68' lang='lat' dir='ltr'>Muciano</span> <span class='ocrx_word' id='word_1_161' title='bbox 1274 857 1391 890; x_wconf 83' lang='lat' dir='ltr'>missus</span> 
     </span>
     <span class='ocr_line' id='line_1_16' title="bbox 60 898 1390 944; baseline 0.005 -16"><span class='ocrx_word' id='word_1_162' title='bbox 60 898 97 928; x_wconf 89' lang='lat' dir='ltr'>ut</span> <span class='ocrx_word' id='word_1_163' title='bbox 114 901 243 937; x_wconf 89' lang='lat' dir='ltr'>portum</span> <span class='ocrx_word' id='word_1_164' title='bbox 268 900 470 939; x_wconf 78' lang='lat' dir='ltr'>Carthaginis</span> <span class='ocrx_word' id='word_1_165' title='bbox 491 900 622 939; x_wconf 82' lang='lat' dir='ltr'>attigit,</span> <span class='ocrx_word' id='word_1_166' title='bbox 640 909 755 938; x_wconf 77' lang='lat' dir='ltr'>magna</span> <span class='ocrx_word' id='word_1_167' title='bbox 773 908 850 930; x_wconf 69' lang='lat' dir='ltr'>voce</span> <span class='ocrx_word' id='word_1_168' title='bbox 872 900 945 930; x_wconf 61' lang='lat' dir='ltr'>lacta</span> <span class='ocrx_word' id='word_1_169' title='bbox 963 900 1068 930; x_wconf 84' lang='lat' dir='ltr'>Pisoni</span> <span class='ocrx_word' id='word_1_170' title='bbox 1090 902 1198 932; x_wconf 72' lang='lat' dir='ltr'>omniu</span> <span class='ocrx_word' id='word_1_171' title='bbox 1224 906 1390 944; x_wconf 75' lang='lat' dir='ltr'>tamquam</span> 
     </span>
     <span class='ocr_line' id='line_1_17' title="bbox 60 944 1390 986; baseline 0.007 -12"><span class='ocrx_word' id='word_1_172' title='bbox 60 944 200 985; x_wconf 83' lang='lat' dir='ltr'>principi</span> <span class='ocrx_word' id='word_1_173' title='bbox 221 946 449 986; x_wconf 70' lang='lat' dir='ltr'>continuat—0²,</span> <span class='ocrx_word' id='word_1_174' title='bbox 467 946 580 977; x_wconf 84' lang='lat' dir='ltr'>obvios</span> <span class='ocrx_word' id='word_1_175' title='bbox 597 950 628 977; x_wconf 85' lang='lat' dir='ltr'>et</span> <span class='ocrx_word' id='word_1_176' title='bbox 643 946 761 977; x_wconf 81' lang='lat' dir='ltr'>subitae</span> <span class='ocrx_word' id='word_1_177' title='bbox 780 946 824 977; x_wconf 80' lang='lat' dir='ltr'>rei</span> <span class='ocrx_word' id='word_1_178' title='bbox 840 947 995 977; x_wconf 75' lang='lat' dir='ltr'>miraculo</span> <span class='ocrx_word' id='word_1_179' title='bbox 1017 948 1192 986; x_wconf 73' lang='lat' dir='ltr'>attonitos,</span> <span class='ocrx_word' id='word_1_180' title='bbox 1216 952 1249 979; x_wconf 85' lang='lat' dir='ltr'>ut</span> <span class='ocrx_word' id='word_1_181' title='bbox 1278 952 1390 983; x_wconf 63' lang='lat' dir='ltr'>callem</span> 
     </span>
     <span class='ocr_line' id='line_1_18' title="bbox 59 993 1393 1034; baseline 0.007 -13"><span class='ocrx_word' id='word_1_182' title='bbox 59 993 256 1032; x_wconf 88' lang='lat' dir='ltr'>astreperent</span> <span class='ocrx_word' id='word_1_183' title='bbox 270 1018 278 1033; x_wconf 87' lang='lat'>‚</span> <span class='ocrx_word' id='word_1_184' title='bbox 297 994 430 1026; x_wconf 86' lang='lat' dir='ltr'>hortari.</span> <span class='ocrx_word' id='word_1_185' title='bbox 452 994 569 1034; x_wconf 72' lang='lat' dir='ltr'>vulgus</span> <span class='ocrx_word' id='word_1_186' title='bbox 591 994 757 1024; x_wconf 82' lang='lat' dir='ltr'>credulum</span> <span class='ocrx_word' id='word_1_187' title='bbox 783 1003 875 1024; x_wconf 85' lang='lat' dir='ltr'>ruere</span> <span class='ocrx_word' id='word_1_188' title='bbox 896 994 927 1024; x_wconf 80' lang='lat' dir='ltr'>in</span> <span class='ocrx_word' id='word_1_189' title='bbox 950 995 1054 1024; x_wconf 75' lang='lat' dir='ltr'>torum</span> <span class='ocrx_word' id='word_1_190' title='bbox 1070 1018 1078 1030; x_wconf 86' lang='lat'>,</span> <span class='ocrx_word' id='word_1_191' title='bbox 1095 999 1319 1034; x_wconf 55' lang='lat' dir='ltr'>praes-rufiani</span> <span class='ocrx_word' id='word_1_192' title='bbox 1338 1002 1393 1030; x_wconf 80' lang='lat' dir='ltr'>J’i-</span> 
     </span>
     <span class='ocr_line' id='line_1_19' title="bbox 59 1041 1393 1083; baseline 0.005 -13"><span class='ocrx_word' id='word_1_193' title='bbox 59 1042 151 1071; x_wconf 76' lang='lat' dir='ltr'>sonis</span> <span class='ocrx_word' id='word_1_194' title='bbox 177 1049 361 1080; x_wconf 72' lang='lat' dir='ltr'>exposcere.</span> <span class='ocrx_word' id='word_1_195' title='bbox 389 1041 506 1079; x_wconf 62' lang='lat' dir='ltr'>gaudio</span> <span class='ocrx_word' id='word_1_196' title='bbox 533 1041 795 1080; x_wconf 75' lang='lat' dir='ltr'>clamoribusque</span> <span class='ocrx_word' id='word_1_197' title='bbox 819 1042 935 1071; x_wconf 79' lang='lat' dir='ltr'>cuneta</span> <span class='ocrx_word' id='word_1_198' title='bbox 961 1041 1160 1080; x_wconf 86' lang='lat' dir='ltr'>miscebant,</span> <span class='ocrx_word' id='word_1_199' title='bbox 1192 1043 1393 1083; x_wconf 75' lang='lat' dir='ltr'>indiligentia</span> 
     </span>
     <span class='ocr_line' id='line_1_20' title="bbox 60 1087 1390 1129; baseline 0.006 -12"><span class='ocrx_word' id='word_1_200' title='bbox 60 1087 128 1117; x_wconf 71' lang='lat' dir='ltr'>veri</span> <span class='ocrx_word' id='word_1_201' title='bbox 144 1087 155 1105; x_wconf 78' lang='lat'>³</span> <span class='ocrx_word' id='word_1_202' title='bbox 173 1089 205 1118; x_wconf 86' lang='lat' dir='ltr'>et</span> <span class='ocrx_word' id='word_1_203' title='bbox 219 1088 371 1119; x_wconf 85' lang='lat' dir='ltr'>adulandi</span> <span class='ocrx_word' id='word_1_204' title='bbox 393 1089 537 1119; x_wconf 82' lang='lat' dir='ltr'>libidine.</span> <span class='ocrx_word' id='word_1_205' title='bbox 554 1089 629 1119; x_wconf 84' lang='lat' dir='ltr'>Piso</span> <span class='ocrx_word' id='word_1_206' title='bbox 643 1112 650 1126; x_wconf 95' lang='lat'>‚</span> <span class='ocrx_word' id='word_1_207' title='bbox 669 1088 790 1118; x_wconf 87' lang='lat' dir='ltr'>indicio</span> <span class='ocrx_word' id='word_1_208' title='bbox 807 1089 937 1127; x_wconf 71' lang='lat' dir='ltr'>Sagittae</span> <span class='ocrx_word' id='word_1_209' title='bbox 954 1088 1002 1118; x_wconf 75' lang='lat' dir='ltr'>vel</span> <span class='ocrx_word' id='word_1_210' title='bbox 1018 1088 1113 1119; x_wconf 85' lang='lat' dir='ltr'>insitu</span> <span class='ocrx_word' id='word_1_211' title='bbox 1134 1090 1308 1129; x_wconf 81' lang='lat' dir='ltr'>modestia,</span> <span class='ocrx_word' id='word_1_212' title='bbox 1326 1101 1390 1125; x_wconf 85' lang='lat' dir='ltr'>non</span> 
     </span>
     <span class='ocr_line' id='line_1_21' title="bbox 59 1134 1392 1180; baseline 0.005 -16"><span class='ocrx_word' id='word_1_213' title='bbox 59 1134 92 1164; x_wconf 89' lang='lat' dir='ltr'>in</span> <span class='ocrx_word' id='word_1_214' title='bbox 108 1134 272 1174; x_wconf 88' lang='lat' dir='ltr'>publicum</span> <span class='ocrx_word' id='word_1_215' title='bbox 289 1144 437 1174; x_wconf 82' lang='lat' dir='ltr'>egressus</span> <span class='ocrx_word' id='word_1_216' title='bbox 454 1138 504 1167; x_wconf 86' lang='lat' dir='ltr'>est</span> <span class='ocrx_word' id='word_1_217' title='bbox 521 1144 627 1174; x_wconf 86' lang='lat' dir='ltr'>neque</span> <span class='ocrx_word' id='word_1_218' title='bbox 645 1144 679 1165; x_wconf 89' lang='lat' dir='ltr'>se</span> <span class='ocrx_word' id='word_1_219' title='bbox 693 1135 813 1166; x_wconf 79' lang='lat' dir='ltr'>studiis</span> <span class='ocrx_word' id='word_1_220' title='bbox 828 1135 917 1171; x_wconf 60' lang='lat' dir='ltr'>vulgi</span> <span class='ocrx_word' id='word_1_221' title='bbox 933 1135 1088 1175; x_wconf 78' lang='lat' dir='ltr'>permisit.</span> <span class='ocrx_word' id='word_1_222' title='bbox 1105 1138 1392 1180; x_wconf 69' lang='lat' dir='ltr'>centurionemque</span> 
     </span>
     <span class='ocr_line' id='line_1_22' title="bbox 58 1182 1392 1227; baseline 0.005 -16"><span class='ocrx_word' id='word_1_223' title='bbox 58 1183 311 1222; x_wconf 84' lang='lat' dir='ltr'>percunctatus,</span> <span class='ocrx_word' id='word_1_224' title='bbox 337 1185 509 1223; x_wconf 77' lang='lat' dir='ltr'>postquam</span> <span class='ocrx_word' id='word_1_225' title='bbox 536 1185 720 1223; x_wconf 58' lang='lat' dir='ltr'>quaesitum</span> <span class='ocrx_word' id='word_1_226' title='bbox 750 1182 813 1212; x_wconf 75' lang='lat' dir='ltr'>sibi</span> <span class='ocrx_word' id='word_1_227' title='bbox 841 1184 967 1213; x_wconf 75' lang='lat' dir='ltr'>crimen</span> <span class='ocrx_word' id='word_1_228' title='bbox 993 1183 1186 1224; x_wconf 73' lang='lat' dir='ltr'>ccedemque</span> <span class='ocrx_word' id='word_1_229' title='bbox 1213 1187 1392 1227; x_wconf 86' lang='lat' dir='ltr'>comperit,</span> 
     </span>
     <span class='ocr_line' id='line_1_23' title="bbox 59 1228 1391 1272; baseline 0.004 -13"><span class='ocrx_word' id='word_1_230' title='bbox 59 1228 295 1260; x_wconf 72' lang='lat' dir='ltr'>animadverti</span> <span class='ocrx_word' id='word_1_231' title='bbox 313 1231 349 1261; x_wconf 76' lang='lat' dir='ltr'>in</span> <span class='ocrx_word' id='word_1_232' title='bbox 365 1239 444 1261; x_wconf 72' lang='lat' dir='ltr'>eum</span> <span class='ocrx_word' id='word_1_233' title='bbox 456 1230 574 1269; x_wconf 77' lang='lat' dir='ltr'>Jussit‚</span> <span class='ocrx_word' id='word_1_234' title='bbox 593 1229 680 1260; x_wconf 89' lang='lat' dir='ltr'>liaud</span> <span class='ocrx_word' id='word_1_235' title='bbox 698 1228 830 1269; x_wconf 77' lang='lat' dir='ltr'>perinde</span> <span class='ocrx_word' id='word_1_236' title='bbox 853 1238 909 1268; x_wconf 88' lang='lat' dir='ltr'>spe</span> <span class='ocrx_word' id='word_1_237' title='bbox 932 1229 1009 1260; x_wconf 81' lang='lat' dir='ltr'>vitae</span> <span class='ocrx_word' id='word_1_238' title='bbox 1028 1239 1126 1270; x_wconf 88' lang='lat' dir='ltr'>quam</span> <span class='ocrx_word' id='word_1_239' title='bbox 1146 1230 1193 1262; x_wconf 89' lang='lat' dir='ltr'>ira</span> <span class='ocrx_word' id='word_1_240' title='bbox 1210 1231 1244 1263; x_wconf 90' lang='lat' dir='ltr'>in</span> <span class='ocrx_word' id='word_1_241' title='bbox 1262 1241 1391 1272; x_wconf 88' lang='lat' dir='ltr'>percus-</span> 
     </span>
     <span class='ocr_line' id='line_1_24' title="bbox 59 1275 1391 1318; baseline 0.005 -13"><span class='ocrx_word' id='word_1_242' title='bbox 59 1283 166 1306; x_wconf 85' lang='lat' dir='ltr'>sorem</span> <span class='ocrx_word' id='word_1_243' title='bbox 180 1300 189 1315; x_wconf 94' lang='lat'>,</span> <span class='ocrx_word' id='word_1_244' title='bbox 213 1276 301 1316; x_wconf 88' lang='lat' dir='ltr'>quod</span> <span class='ocrx_word' id='word_1_245' title='bbox 325 1277 410 1308; x_wconf 89' lang='lat' dir='ltr'>idem</span> <span class='ocrx_word' id='word_1_246' title='bbox 428 1286 466 1308; x_wconf 70' lang='lat' dir='ltr'>exr</span> <span class='ocrx_word' id='word_1_247' title='bbox 486 1276 754 1308; x_wconf 78' lang='lat' dir='ltr'>interfectoribus</span> <span class='ocrx_word' id='word_1_248' title='bbox 775 1275 877 1307; x_wconf 75' lang='lat' dir='ltr'>clodii</span> <span class='ocrx_word' id='word_1_249' title='bbox 899 1276 1000 1306; x_wconf 85' lang='lat' dir='ltr'>Macri</span> <span class='ocrx_word' id='word_1_250' title='bbox 1012 1276 1021 1293; x_wconf 72' lang='lat'>⁴</span> <span class='ocrx_word' id='word_1_251' title='bbox 1040 1280 1190 1308; x_wconf 85' lang='lat' dir='ltr'>cruentas</span> <span class='ocrx_word' id='word_1_252' title='bbox 1207 1278 1303 1318; x_wconf 79' lang='lat' dir='ltr'>legati</span> <span class='ocrx_word' id='word_1_253' title='bbox 1319 1289 1391 1312; x_wconf 90' lang='lat' dir='ltr'>san-</span> 
     </span>
     <span class='ocr_line' id='line_1_25' title="bbox 58 1321 1390 1364; baseline 0.005 -13"><span class='ocrx_word' id='word_1_254' title='bbox 58 1321 155 1360; x_wconf 83' lang='lat' dir='ltr'>guine</span> <span class='ocrx_word' id='word_1_255' title='bbox 168 1331 283 1354; x_wconf 89' lang='lat' dir='ltr'>manus</span> <span class='ocrx_word' id='word_1_256' title='bbox 297 1324 337 1355; x_wconf 88' lang='lat' dir='ltr'>ad</span> <span class='ocrx_word' id='word_1_257' title='bbox 350 1325 472 1356; x_wconf 83' lang='lat' dir='ltr'>caedem</span> <span class='ocrx_word' id='word_1_258' title='bbox 488 1324 686 1364; x_wconf 86' lang='lat' dir='ltr'>proconsulis</span> <span class='ocrx_word' id='word_1_259' title='bbox 704 1323 879 1354; x_wconf 82' lang='lat' dir='ltr'>retulisset.</span> <span class='ocrx_word' id='word_1_260' title='bbox 897 1323 992 1354; x_wconf 81' lang='lat' dir='ltr'>anxio</span> <span class='ocrx_word' id='word_1_261' title='bbox 1006 1323 1122 1355; x_wconf 86' lang='lat' dir='ltr'>deinde</span> <span class='ocrx_word' id='word_1_262' title='bbox 1136 1324 1243 1356; x_wconf 88' lang='lat' dir='ltr'>edicto</span> <span class='ocrx_word' id='word_1_263' title='bbox 1258 1327 1390 1358; x_wconf 84' lang='lat' dir='ltr'>Cartba-</span> 
     </span>
     <span class='ocr_line' id='line_1_26' title="bbox 58 1368 1393 1412; baseline 0.006 -14"><span class='ocrx_word' id='word_1_264' title='bbox 58 1368 257 1406; x_wconf 82' lang='lat' dir='ltr'>giniensibus</span> <span class='ocrx_word' id='word_1_265' title='bbox 275 1371 459 1412; x_wconf 89' lang='lat' dir='ltr'>increpitis,</span> <span class='ocrx_word' id='word_1_266' title='bbox 478 1380 518 1402; x_wconf 89' lang='lat' dir='ltr'>ne</span> <span class='ocrx_word' id='word_1_267' title='bbox 535 1372 630 1402; x_wconf 85' lang='lat' dir='ltr'>solita</span> <span class='ocrx_word' id='word_1_268' title='bbox 654 1370 784 1410; x_wconf 82' lang='lat' dir='ltr'>quidem</span> <span class='ocrx_word' id='word_1_269' title='bbox 811 1370 922 1402; x_wconf 78' lang='lat' dir='ltr'>munia</span> <span class='ocrx_word' id='word_1_270' title='bbox 943 1371 1143 1411; x_wconf 84' lang='lat' dir='ltr'>usurpabat,</span> <span class='ocrx_word' id='word_1_271' title='bbox 1161 1372 1289 1404; x_wconf 86' lang='lat' dir='ltr'>clausus</span> <span class='ocrx_word' id='word_1_272' title='bbox 1305 1373 1393 1406; x_wconf 82' lang='lat' dir='ltr'>intra</span> 
     </span>
     <span class='ocr_line' id='line_1_27' title="bbox 57 1415 1017 1457; baseline 0.002 -11"><span class='ocrx_word' id='word_1_273' title='bbox 57 1415 191 1447; x_wconf 88' lang='lat' dir='ltr'>domum</span> <span class='ocrx_word' id='word_1_274' title='bbox 203 1441 212 1456; x_wconf 90' lang='lat'>‚</span> <span class='ocrx_word' id='word_1_275' title='bbox 228 1426 268 1449; x_wconf 89' lang='lat' dir='ltr'>ne</span> <span class='ocrx_word' id='word_1_276' title='bbox 282 1427 345 1457; x_wconf 90' lang='lat' dir='ltr'>qua</span> <span class='ocrx_word' id='word_1_277' title='bbox 361 1422 469 1450; x_wconf 90' lang='lat' dir='ltr'>motus</span> <span class='ocrx_word' id='word_1_278' title='bbox 484 1419 560 1450; x_wconf 71' lang='lat' dir='ltr'>nori</span> <span class='ocrx_word' id='word_1_279' title='bbox 579 1427 677 1449; x_wconf 82' lang='lat' dir='ltr'>causa</span> <span class='ocrx_word' id='word_1_280' title='bbox 695 1418 744 1449; x_wconf 73' lang='lat' dir='ltr'>vel</span> <span class='ocrx_word' id='word_1_281' title='bbox 763 1419 845 1450; x_wconf 87' lang='lat' dir='ltr'>t&#39;orte</span> <span class='ocrx_word' id='word_1_282' title='bbox 860 1421 1017 1449; x_wconf 87' lang='lat' dir='ltr'>oreretur.</span> 
     </span>
    </p>

    <p class='ocr_par' dir='ltr' id='par_1_3' title="bbox 49 1464 1394 2304">
     <span class='ocr_line' id='line_1_28' title="bbox 99 1464 1392 1508; baseline 0.004 -14"><span class='ocrx_word' id='word_1_283' title='bbox 99 1467 132 1494; x_wconf 95' lang='lat' dir='ltr'>L.</span> <span class='ocrx_word' id='word_1_284' title='bbox 157 1464 217 1495; x_wconf 87' lang='lat' dir='ltr'>Sed</span> <span class='ocrx_word' id='word_1_285' title='bbox 241 1465 294 1497; x_wconf 91' lang='lat' dir='ltr'>ubi</span> <span class='ocrx_word' id='word_1_286' title='bbox 313 1470 405 1498; x_wconf 86' lang='lat' dir='ltr'>Festo</span> <span class='ocrx_word' id='word_1_287' title='bbox 423 1466 642 1498; x_wconf 76' lang='lat' dir='ltr'>consternatio</span> <span class='ocrx_word' id='word_1_288' title='bbox 661 1466 747 1505; x_wconf 53' lang='lat' dir='ltr'>tulgi</span> <span class='ocrx_word' id='word_1_289' title='bbox 760 1489 768 1504; x_wconf 91' lang='lat'>‚</span> <span class='ocrx_word' id='word_1_290' title='bbox 788 1466 987 1498; x_wconf 80' lang='lat' dir='ltr'>centurionis</span> <span class='ocrx_word' id='word_1_291' title='bbox 1006 1466 1224 1506; x_wconf 86' lang='lat' dir='ltr'>supplicium,</span> <span class='ocrx_word' id='word_1_292' title='bbox 1248 1477 1392 1508; x_wconf 86' lang='lat' dir='ltr'>veraque</span> 
     </span>
     <span class='ocr_line' id='line_1_29' title="bbox 56 1509 1388 1553; baseline 0.007 -14"><span class='ocrx_word' id='word_1_293' title='bbox 56 1509 89 1540; x_wconf 85' lang='lat' dir='ltr'>et</span> <span class='ocrx_word' id='word_1_294' title='bbox 109 1510 188 1541; x_wconf 78' lang='lat' dir='ltr'>falsa</span> <span class='ocrx_word' id='word_1_295' title='bbox 208 1520 300 1544; x_wconf 87' lang='lat' dir='ltr'>more</span> <span class='ocrx_word' id='word_1_296' title='bbox 318 1513 413 1545; x_wconf 79' lang='lat' dir='ltr'>famae</span> <span class='ocrx_word' id='word_1_297' title='bbox 427 1514 460 1545; x_wconf 92' lang='lat' dir='ltr'>in</span> <span class='ocrx_word' id='word_1_298' title='bbox 477 1513 582 1552; x_wconf 84' lang='lat' dir='ltr'>majus</span> <span class='ocrx_word' id='word_1_299' title='bbox 600 1513 790 1552; x_wconf 80' lang='lat' dir='ltr'>innotuere,</span> <span class='ocrx_word' id='word_1_300' title='bbox 809 1514 934 1553; x_wconf 84' lang='lat' dir='ltr'>equites</span> <span class='ocrx_word' id='word_1_301' title='bbox 950 1513 980 1543; x_wconf 93' lang='lat' dir='ltr'>in</span> <span class='ocrx_word' id='word_1_302' title='bbox 1000 1522 1114 1544; x_wconf 82' lang='lat' dir='ltr'>necem</span> <span class='ocrx_word' id='word_1_303' title='bbox 1132 1513 1257 1545; x_wconf 84' lang='lat' dir='ltr'>Pisonis</span> <span class='ocrx_word' id='word_1_304' title='bbox 1275 1515 1388 1548; x_wconf 87' lang='lat' dir='ltr'>mittit.</span> 
     </span>
     <span class='ocr_line' id='line_1_30' title="bbox 55 1555 1390 1600; baseline 0.007 -15"><span class='ocrx_word' id='word_1_305' title='bbox 55 1555 101 1586; x_wconf 91' lang='lat' dir='ltr'>illi</span> <span class='ocrx_word' id='word_1_306' title='bbox 114 1558 231 1598; x_wconf 86' lang='lat' dir='ltr'>raptim</span> <span class='ocrx_word' id='word_1_307' title='bbox 249 1561 353 1600; x_wconf 87' lang='lat' dir='ltr'>vecti,</span> <span class='ocrx_word' id='word_1_308' title='bbox 369 1561 511 1592; x_wconf 88' lang='lat' dir='ltr'>obscuro</span> <span class='ocrx_word' id='word_1_309' title='bbox 526 1561 635 1591; x_wconf 87' lang='lat' dir='ltr'>adliuc</span> <span class='ocrx_word' id='word_1_310' title='bbox 652 1563 768 1600; x_wconf 83' lang='lat' dir='ltr'>coeptae</span> <span class='ocrx_word' id='word_1_311' title='bbox 784 1561 865 1591; x_wconf 85' lang='lat' dir='ltr'>lucis</span> <span class='ocrx_word' id='word_1_312' title='bbox 877 1585 885 1599; x_wconf 90' lang='lat'>‚</span> <span class='ocrx_word' id='word_1_313' title='bbox 903 1561 1038 1591; x_wconf 88' lang='lat' dir='ltr'>domum</span> <span class='ocrx_word' id='word_1_314' title='bbox 1054 1561 1255 1600; x_wconf 75' lang='lat' dir='ltr'>proconsulis</span> <span class='ocrx_word' id='word_1_315' title='bbox 1273 1562 1390 1595; x_wconf 89' lang='lat' dir='ltr'>irrum-</span> 
     </span>
     <span class='ocr_line' id='line_1_31' title="bbox 54 1604 1388 1648; baseline 0.005 -15"><span class='ocrx_word' id='word_1_316' title='bbox 54 1606 137 1642; x_wconf 89' lang='lat' dir='ltr'>punt</span> <span class='ocrx_word' id='word_1_317' title='bbox 154 1604 314 1638; x_wconf 86' lang='lat' dir='ltr'>destrictis</span> <span class='ocrx_word' id='word_1_318' title='bbox 332 1608 446 1647; x_wconf 81' lang='lat' dir='ltr'>gladiis</span> <span class='ocrx_word' id='word_1_319' title='bbox 459 1633 468 1648; x_wconf 93' lang='lat'>,</span> <span class='ocrx_word' id='word_1_320' title='bbox 487 1610 519 1639; x_wconf 91' lang='lat' dir='ltr'>et</span> <span class='ocrx_word' id='word_1_321' title='bbox 538 1617 655 1647; x_wconf 81' lang='lat' dir='ltr'>magna</span> <span class='ocrx_word' id='word_1_322' title='bbox 671 1617 745 1647; x_wconf 79' lang='lat' dir='ltr'>pars</span> <span class='ocrx_word' id='word_1_323' title='bbox 761 1608 886 1639; x_wconf 83' lang='lat' dir='ltr'>Pisonis</span> <span class='ocrx_word' id='word_1_324' title='bbox 904 1607 1005 1645; x_wconf 66' lang='lat' dir='ltr'>ignari</span> <span class='ocrx_word' id='word_1_325' title='bbox 1020 1608 1043 1646; x_wconf 81' lang='lat'>¹,</span> <span class='ocrx_word' id='word_1_326' title='bbox 1059 1608 1147 1646; x_wconf 88' lang='lat' dir='ltr'>quod</span> <span class='ocrx_word' id='word_1_327' title='bbox 1165 1612 1278 1639; x_wconf 77' lang='lat' dir='ltr'>Pwnos</span> <span class='ocrx_word' id='word_1_328' title='bbox 1298 1609 1388 1640; x_wconf 77' lang='lat' dir='ltr'>auxi-</span> 
     </span>
     <span class='ocr_line' id='line_1_32' title="bbox 54 1649 1389 1695; baseline 0.006 -15"><span class='ocrx_word' id='word_1_329' title='bbox 54 1649 150 1683; x_wconf 84' lang='lat' dir='ltr'>liares</span> <span class='ocrx_word' id='word_1_330' title='bbox 166 1656 359 1695; x_wconf 85' lang='lat' dir='ltr'>Maurosque</span> <span class='ocrx_word' id='word_1_331' title='bbox 376 1655 409 1686; x_wconf 91' lang='lat' dir='ltr'>in</span> <span class='ocrx_word' id='word_1_332' title='bbox 425 1665 497 1686; x_wconf 89' lang='lat' dir='ltr'>eam</span> <span class='ocrx_word' id='word_1_333' title='bbox 517 1655 640 1686; x_wconf 81' lang='lat' dir='ltr'>caedem</span> <span class='ocrx_word' id='word_1_334' title='bbox 662 1655 836 1694; x_wconf 73' lang='lat' dir='ltr'>delegerat.</span> <span class='ocrx_word' id='word_1_335' title='bbox 860 1655 945 1686; x_wconf 86' lang='lat' dir='ltr'>liaud</span> <span class='ocrx_word' id='word_1_336' title='bbox 960 1654 1071 1695; x_wconf 82' lang='lat' dir='ltr'>procul</span> <span class='ocrx_word' id='word_1_337' title='bbox 1087 1654 1236 1686; x_wconf 86' lang='lat' dir='ltr'>cubiculo</span> <span class='ocrx_word' id='word_1_338' title='bbox 1253 1656 1389 1688; x_wconf 87' lang='lat' dir='ltr'>obvium</span> 
     </span>
     <span class='ocr_line' id='line_1_33' title="bbox 56 1695 1389 1743; baseline 0.007 -17"><span class='ocrx_word' id='word_1_339' title='bbox 56 1695 141 1728; x_wconf 86' lang='lat' dir='ltr'>forte</span> <span class='ocrx_word' id='word_1_340' title='bbox 159 1707 290 1732; x_wconf 90' lang='lat' dir='ltr'>servum</span> <span class='ocrx_word' id='word_1_341' title='bbox 305 1725 313 1739; x_wconf 86' lang='lat'>,</span> <span class='ocrx_word' id='word_1_342' title='bbox 332 1704 493 1742; x_wconf 74' lang='lat' dir='ltr'>quisnam</span> <span class='ocrx_word' id='word_1_343' title='bbox 509 1705 542 1734; x_wconf 80' lang='lat' dir='ltr'>et</span> <span class='ocrx_word' id='word_1_344' title='bbox 558 1702 617 1734; x_wconf 70' lang='lat' dir='ltr'>uhi</span> <span class='ocrx_word' id='word_1_345' title='bbox 634 1703 720 1733; x_wconf 80' lang='lat' dir='ltr'>esset</span> <span class='ocrx_word' id='word_1_346' title='bbox 737 1704 843 1734; x_wconf 69' lang='lat' dir='ltr'>Piso?</span> <span class='ocrx_word' id='word_1_347' title='bbox 861 1703 1113 1741; x_wconf 72' lang='lat' dir='ltr'>interrogavere.</span> <span class='ocrx_word' id='word_1_348' title='bbox 1131 1711 1246 1732; x_wconf 68' lang='lat' dir='ltr'>servus</span> <span class='ocrx_word' id='word_1_349' title='bbox 1261 1704 1389 1743; x_wconf 79' lang='lat' dir='ltr'>egregio</span> 
     </span>
     <span class='ocr_line' id='line_1_34' title="bbox 57 1745 1388 1790; baseline 0.007 -16"><span class='ocrx_word' id='word_1_350' title='bbox 57 1745 227 1777; x_wconf 88' lang='lat' dir='ltr'>mendacio</span> <span class='ocrx_word' id='word_1_351' title='bbox 243 1756 277 1778; x_wconf 77' lang='lat' dir='ltr'>se</span> <span class='ocrx_word' id='word_1_352' title='bbox 293 1751 452 1780; x_wconf 76' lang='lat' dir='ltr'>Pisonem</span> <span class='ocrx_word' id='word_1_353' title='bbox 475 1758 546 1781; x_wconf 78' lang='lat' dir='ltr'>esse</span> <span class='ocrx_word' id='word_1_354' title='bbox 561 1749 748 1790; x_wconf 77' lang='lat' dir='ltr'>respondit3</span> <span class='ocrx_word' id='word_1_355' title='bbox 768 1758 805 1780; x_wconf 91' lang='lat' dir='ltr'>ac</span> <span class='ocrx_word' id='word_1_356' title='bbox 829 1750 938 1781; x_wconf 89' lang='lat' dir='ltr'>statim</span> <span class='ocrx_word' id='word_1_357' title='bbox 956 1750 1181 1780; x_wconf 87' lang='lat' dir='ltr'>obtruncatur.</span> <span class='ocrx_word' id='word_1_358' title='bbox 1208 1759 1265 1781; x_wconf 88' lang='lat' dir='ltr'>nec</span> <span class='ocrx_word' id='word_1_359' title='bbox 1285 1752 1388 1783; x_wconf 86' lang='lat' dir='ltr'>multo</span> 
     </span>
     <span class='ocr_line' id='line_1_35' title="bbox 56 1793 1389 1837; baseline 0.005 -15"><span class='ocrx_word' id='word_1_360' title='bbox 56 1793 130 1831; x_wconf 88' lang='lat' dir='ltr'>post</span> <span class='ocrx_word' id='word_1_361' title='bbox 146 1793 219 1824; x_wconf 89' lang='lat' dir='ltr'>Piso</span> <span class='ocrx_word' id='word_1_362' title='bbox 236 1794 430 1827; x_wconf 81' lang='lat' dir='ltr'>interficitur</span> <span class='ocrx_word' id='word_1_363' title='bbox 446 1805 453 1826; x_wconf 95' lang='lat'>:</span> <span class='ocrx_word' id='word_1_364' title='bbox 470 1804 611 1836; x_wconf 88' lang='lat' dir='ltr'>namque</span> <span class='ocrx_word' id='word_1_365' title='bbox 627 1796 739 1827; x_wconf 88' lang='lat' dir='ltr'>aderat</span> <span class='ocrx_word' id='word_1_366' title='bbox 755 1796 813 1836; x_wconf 86' lang='lat' dir='ltr'>qui</span> <span class='ocrx_word' id='word_1_367' title='bbox 832 1800 981 1827; x_wconf 90' lang='lat' dir='ltr'>nosceret</span> <span class='ocrx_word' id='word_1_368' title='bbox 997 1820 1005 1835; x_wconf 91' lang='lat'>,</span> <span class='ocrx_word' id='word_1_369' title='bbox 1024 1796 1142 1827; x_wconf 86' lang='lat' dir='ltr'>Bebius</span> <span class='ocrx_word' id='word_1_370' title='bbox 1163 1800 1265 1827; x_wconf 67' lang='lat' dir='ltr'>Massa</span> <span class='ocrx_word' id='word_1_371' title='bbox 1285 1806 1301 1828; x_wconf 86' lang='lat' dir='ltr'>e</span> <span class='ocrx_word' id='word_1_372' title='bbox 1317 1806 1389 1837; x_wconf 92' lang='lat' dir='ltr'>pro·</span> 
     </span>
     <span class='ocr_line' id='line_1_36' title="bbox 53 1840 1386 1883; baseline 0.005 -14"><span class='ocrx_word' id='word_1_373' title='bbox 53 1840 261 1872; x_wconf 82' lang='lat' dir='ltr'>curatoribus</span> <span class='ocrx_word' id='word_1_374' title='bbox 274 1842 407 1881; x_wconf 82' lang='lat' dir='ltr'>Africae,</span> <span class='ocrx_word' id='word_1_375' title='bbox 425 1843 493 1880; x_wconf 85' lang='lat' dir='ltr'>jam</span> <span class='ocrx_word' id='word_1_376' title='bbox 509 1845 589 1874; x_wconf 85' lang='lat' dir='ltr'>tunc</span> <span class='ocrx_word' id='word_1_377' title='bbox 604 1843 730 1883; x_wconf 84' lang='lat' dir='ltr'>optimo</span> <span class='ocrx_word' id='word_1_378' title='bbox 747 1842 865 1882; x_wconf 90' lang='lat' dir='ltr'>cuique</span> <span class='ocrx_word' id='word_1_379' title='bbox 887 1843 1045 1874; x_wconf 85' lang='lat' dir='ltr'>exitiosus</span> <span class='ocrx_word' id='word_1_380' title='bbox 1058 1867 1067 1882; x_wconf 95' lang='lat'>,</span> <span class='ocrx_word' id='word_1_381' title='bbox 1086 1845 1118 1874; x_wconf 87' lang='lat' dir='ltr'>et</span> <span class='ocrx_word' id='word_1_382' title='bbox 1137 1843 1168 1873; x_wconf 91' lang='lat' dir='ltr'>in</span> <span class='ocrx_word' id='word_1_383' title='bbox 1185 1852 1299 1874; x_wconf 76' lang='lat' dir='ltr'>causas</span> <span class='ocrx_word' id='word_1_384' title='bbox 1320 1853 1386 1875; x_wconf 90' lang='lat' dir='ltr'>ma·</span> 
     </span>
     <span class='ocr_line' id='line_1_37' title="bbox 54 1886 1387 1930; baseline 0.004 -13"><span class='ocrx_word' id='word_1_385' title='bbox 54 1886 182 1925; x_wconf 90' lang='lat' dir='ltr'>lorum,</span> <span class='ocrx_word' id='word_1_386' title='bbox 208 1897 281 1928; x_wconf 85' lang='lat' dir='ltr'>quae</span> <span class='ocrx_word' id='word_1_387' title='bbox 305 1898 381 1921; x_wconf 89' lang='lat' dir='ltr'>mox</span> <span class='ocrx_word' id='word_1_388' title='bbox 398 1889 409 1907; x_wconf 92' lang='lat'><em>²</em></span> <span class='ocrx_word' id='word_1_389' title='bbox 431 1890 592 1929; x_wconf 87' lang='lat' dir='ltr'>tulimus,</span> <span class='ocrx_word' id='word_1_390' title='bbox 618 1890 737 1930; x_wconf 83' lang='lat' dir='ltr'>saepius</span> <span class='ocrx_word' id='word_1_391' title='bbox 759 1890 935 1921; x_wconf 87' lang='lat' dir='ltr'>rediturus.</span> <span class='ocrx_word' id='word_1_392' title='bbox 969 1890 1081 1920; x_wconf 86' lang='lat' dir='ltr'>Festus</span> <span class='ocrx_word' id='word_1_393' title='bbox 1106 1889 1301 1928; x_wconf 81' lang='lat' dir='ltr'>Adrumeto,</span> <span class='ocrx_word' id='word_1_394' title='bbox 1331 1890 1387 1922; x_wconf 86' lang='lat' dir='ltr'>ubi</span> 
     </span>
     <span class='ocr_line' id='line_1_38' title="bbox 52 1935 1386 1977; baseline 0.004 -13"><span class='ocrx_word' id='word_1_395' title='bbox 52 1935 317 1973; x_wconf 85' lang='lat' dir='ltr'>speculabundus</span> <span class='ocrx_word' id='word_1_396' title='bbox 331 1937 541 1976; x_wconf 85' lang='lat' dir='ltr'>substiterat,</span> <span class='ocrx_word' id='word_1_397' title='bbox 559 1936 599 1968; x_wconf 88' lang='lat' dir='ltr'>ad</span> <span class='ocrx_word' id='word_1_398' title='bbox 617 1937 777 1977; x_wconf 80' lang='lat' dir='ltr'>legionem</span> <span class='ocrx_word' id='word_1_399' title='bbox 791 1936 959 1968; x_wconf 88' lang='lat' dir='ltr'>contendit</span> <span class='ocrx_word' id='word_1_400' title='bbox 973 1960 982 1975; x_wconf 94' lang='lat'><em>‚</em></span> <span class='ocrx_word' id='word_1_401' title='bbox 995 1937 1249 1976; x_wconf 77' lang='lat' dir='ltr'>praefectumque</span> <span class='ocrx_word' id='word_1_402' title='bbox 1265 1941 1386 1969; x_wconf 84' lang='lat' dir='ltr'>castro-</span> 
     </span>
     <span class='ocr_line' id='line_1_39' title="bbox 52 1983 1394 2024; baseline 0.003 -12"><span class='ocrx_word' id='word_1_403' title='bbox 52 1990 127 2012; x_wconf 88' lang='lat' dir='ltr'>rum</span> <span class='ocrx_word' id='word_1_404' title='bbox 147 1983 333 2014; x_wconf 88' lang='lat' dir='ltr'>Cetronium</span> <span class='ocrx_word' id='word_1_405' title='bbox 353 1984 507 2015; x_wconf 83' lang='lat' dir='ltr'>Pisanum</span> <span class='ocrx_word' id='word_1_406' title='bbox 524 1984 640 2015; x_wconf 88' lang='lat' dir='ltr'>vinciri</span> <span class='ocrx_word' id='word_1_407' title='bbox 655 1984 774 2023; x_wconf 88' lang='lat' dir='ltr'>jussit,</span> <span class='ocrx_word' id='word_1_408' title='bbox 799 1983 949 2024; x_wconf 87' lang='lat' dir='ltr'>proprias</span> <span class='ocrx_word' id='word_1_409' title='bbox 966 1983 1007 2014; x_wconf 92' lang='lat' dir='ltr'>ob</span> <span class='ocrx_word' id='word_1_410' title='bbox 1027 1984 1207 2015; x_wconf 85' lang='lat' dir='ltr'>simultates</span> <span class='ocrx_word' id='word_1_411' title='bbox 1227 1993 1234 2014; x_wconf 87' lang='lat'>:</span> <span class='ocrx_word' id='word_1_412' title='bbox 1254 1984 1310 2015; x_wconf 89' lang='lat' dir='ltr'>sed</span> <span class='ocrx_word' id='word_1_413' title='bbox 1330 1987 1394 2023; x_wconf 47' lang='lat'>1122</span> 
     </span>
     <span class='ocr_line' id='line_1_40' title="bbox 51 2030 1386 2071; baseline 0.005 -13"><span class='ocrx_word' id='word_1_414' title='bbox 51 2031 142 2061; x_wconf 78' lang='lat' dir='ltr'>som‘s</span> <span class='ocrx_word' id='word_1_415' title='bbox 158 2030 348 2062; x_wconf 77' lang='lat' dir='ltr'>satellilem</span> <span class='ocrx_word' id='word_1_416' title='bbox 362 2031 517 2071; x_wconf 78' lang='lat' dir='ltr'>vocabat,</span> <span class='ocrx_word' id='word_1_417' title='bbox 532 2031 716 2071; x_wconf 88' lang='lat' dir='ltr'>militesque</span> <span class='ocrx_word' id='word_1_418' title='bbox 733 2033 764 2063; x_wconf 86' lang='lat' dir='ltr'>et</span> <span class='ocrx_word' id='word_1_419' title='bbox 779 2031 984 2062; x_wconf 86' lang='lat' dir='ltr'>centuriones</span> <span class='ocrx_word' id='word_1_420' title='bbox 998 2030 1154 2070; x_wconf 78' lang='lat' dir='ltr'>quosdam</span> <span class='ocrx_word' id='word_1_421' title='bbox 1171 2031 1289 2071; x_wconf 81' lang='lat' dir='ltr'>puniit,</span> <span class='ocrx_word' id='word_1_422' title='bbox 1305 2033 1386 2065; x_wconf 86' lang='lat' dir='ltr'>alios</span> 
     </span>
     <span class='ocr_line' id='line_1_41' title="bbox 51 2077 1384 2118; baseline 0.002 -11"><span class='ocrx_word' id='word_1_423' title='bbox 51 2077 194 2118; x_wconf 82' lang='lat' dir='ltr'>praemiis</span> <span class='ocrx_word' id='word_1_424' title='bbox 210 2078 330 2116; x_wconf 84' lang='lat' dir='ltr'>affecit,</span> <span class='ocrx_word' id='word_1_425' title='bbox 346 2081 497 2109; x_wconf 91' lang='lat' dir='ltr'>neutrum</span> <span class='ocrx_word' id='word_1_426' title='bbox 515 2087 555 2110; x_wconf 82' lang='lat' dir='ltr'>ex</span> <span class='ocrx_word' id='word_1_427' title='bbox 573 2079 700 2117; x_wconf 78' lang='lat' dir='ltr'>merito,</span> <span class='ocrx_word' id='word_1_428' title='bbox 715 2079 769 2110; x_wconf 88' lang='lat' dir='ltr'>sed</span> <span class='ocrx_word' id='word_1_429' title='bbox 786 2080 822 2109; x_wconf 85' lang='lat' dir='ltr'>ut</span> <span class='ocrx_word' id='word_1_430' title='bbox 838 2078 1033 2118; x_wconf 89' lang='lat' dir='ltr'>oppressisse</span> <span class='ocrx_word' id='word_1_431' title='bbox 1047 2077 1168 2109; x_wconf 88' lang='lat' dir='ltr'>bellum</span> <span class='ocrx_word' id='word_1_432' title='bbox 1184 2078 1384 2110; x_wconf 80' lang='lat' dir='ltr'>crederetur.</span> 
     </span>
     <span class='ocr_line' id='line_1_42' title="bbox 52 2124 1384 2166; baseline 0.002 -11"><span class='ocrx_word' id='word_1_433' title='bbox 52 2128 128 2155; x_wconf 87' lang='lat' dir='ltr'>Mox</span> <span class='ocrx_word' id='word_1_434' title='bbox 140 2124 314 2156; x_wconf 79' lang='lat' dir='ltr'>OEensium</span> <span class='ocrx_word' id='word_1_435' title='bbox 328 2127 636 2166; x_wconf 82' lang='lat' dir='ltr'>Leptitanorumque</span> <span class='ocrx_word' id='word_1_436' title='bbox 653 2125 831 2156; x_wconf 87' lang='lat' dir='ltr'>discordias</span> <span class='ocrx_word' id='word_1_437' title='bbox 848 2125 1025 2165; x_wconf 90' lang='lat' dir='ltr'>componit,</span> <span class='ocrx_word' id='word_1_438' title='bbox 1043 2134 1128 2165; x_wconf 61' lang='lat' dir='ltr'>quw,</span> <span class='ocrx_word' id='word_1_439' title='bbox 1144 2127 1239 2165; x_wconf 85' lang='lat' dir='ltr'>raptu</span> <span class='ocrx_word' id='word_1_440' title='bbox 1256 2126 1384 2165; x_wconf 74' lang='lat' dir='ltr'>frugum</span> 
     </span>
     <span class='ocr_line' id='line_1_43' title="bbox 49 2172 1386 2213; baseline 0.001 -11"><span class='ocrx_word' id='word_1_441' title='bbox 49 2172 248 2211; x_wconf 86' lang='lat' dir='ltr'>etpecorum</span> <span class='ocrx_word' id='word_1_442' title='bbox 271 2172 357 2203; x_wconf 86' lang='lat' dir='ltr'>inter</span> <span class='ocrx_word' id='word_1_443' title='bbox 373 2176 514 2213; x_wconf 82' lang='lat' dir='ltr'>agrestes</span> <span class='ocrx_word' id='word_1_444' title='bbox 527 2197 535 2212; x_wconf 95' lang='lat'>,</span> <span class='ocrx_word' id='word_1_445' title='bbox 551 2173 689 2204; x_wconf 87' lang='lat' dir='ltr'>modicis</span> <span class='ocrx_word' id='word_1_446' title='bbox 707 2172 895 2213; x_wconf 87' lang='lat' dir='ltr'>principiis,</span> <span class='ocrx_word' id='word_1_447' title='bbox 910 2172 977 2212; x_wconf 75' lang='lat' dir='ltr'>J&#39;am</span> <span class='ocrx_word' id='word_1_448' title='bbox 1000 2182 1056 2212; x_wconf 90' lang='lat' dir='ltr'>per</span> <span class='ocrx_word' id='word_1_449' title='bbox 1074 2182 1163 2203; x_wconf 90' lang='lat' dir='ltr'>arma</span> <span class='ocrx_word' id='word_1_450' title='bbox 1183 2175 1282 2212; x_wconf 84' lang='lat' dir='ltr'>atque</span> <span class='ocrx_word' id='word_1_451' title='bbox 1300 2173 1386 2204; x_wconf 81' lang='lat' dir='ltr'>acies</span> 
     </span>
     <span class='ocr_line' id='line_1_44' title="bbox 49 2218 1390 2265; baseline 0.002 -17"><span class='ocrx_word' id='word_1_452' title='bbox 49 2218 293 2250; x_wconf 80' lang='lat' dir='ltr'>exercebantur.</span> <span class='ocrx_word' id='word_1_453' title='bbox 309 2228 384 2250; x_wconf 89' lang='lat' dir='ltr'>nam</span> <span class='ocrx_word' id='word_1_454' title='bbox 399 2221 540 2260; x_wconf 88' lang='lat' dir='ltr'>populus</span> <span class='ocrx_word' id='word_1_455' title='bbox 557 2220 691 2251; x_wconf 86' lang='lat' dir='ltr'>OEensis</span> <span class='ocrx_word' id='word_1_456' title='bbox 707 2220 916 2251; x_wconf 85' lang='lat' dir='ltr'>multitudine</span> <span class='ocrx_word' id='word_1_457' title='bbox 930 2219 1063 2250; x_wconf 84' lang='lat' dir='ltr'>inferior</span> <span class='ocrx_word' id='word_1_458' title='bbox 1075 2221 1287 2265; x_wconf 81' lang='lat' dir='ltr'>Garamantas</span> <span class='ocrx_word' id='word_1_459' title='bbox 1300 2220 1390 2251; x_wconf 68' lang='lat' dir='ltr'>exci-⁴</span> 
     </span>
     <span class='ocr_line' id='line_1_45' title="bbox 50 2265 1384 2304; baseline 0.003 -10"><span class='ocrx_word' id='word_1_460' title='bbox 50 2267 164 2304; x_wconf 87' lang='lat' dir='ltr'>verat,</span> <span class='ocrx_word' id='word_1_461' title='bbox 182 2268 312 2304; x_wconf 86' lang='lat' dir='ltr'>gentem</span> <span class='ocrx_word' id='word_1_462' title='bbox 330 2266 525 2299; x_wconf 88' lang='lat' dir='ltr'>indomitam</span> <span class='ocrx_word' id='word_1_463' title='bbox 550 2269 584 2299; x_wconf 92' lang='lat' dir='ltr'>et</span> <span class='ocrx_word' id='word_1_464' title='bbox 606 2267 691 2298; x_wconf 90' lang='lat' dir='ltr'>inter</span> <span class='ocrx_word' id='word_1_465' title='bbox 707 2267 833 2299; x_wconf 88' lang='lat' dir='ltr'>accolas</span> <span class='ocrx_word' id='word_1_466' title='bbox 856 2267 1036 2298; x_wconf 85' lang='lat' dir='ltr'>latrociniis</span> <span class='ocrx_word' id='word_1_467' title='bbox 1058 2266 1231 2298; x_wconf 82' lang='lat' dir='ltr'>secundam</span> <span class='ocrx_word' id='word_1_468' title='bbox 1246 2265 1270 2297; x_wconf 76' lang='lat'>³.</span> <span class='ocrx_word' id='word_1_469' title='bbox 1294 2266 1384 2298; x_wconf 87' lang='lat' dir='ltr'>unde</span> 
     </span>
    </p>
   </div>
   <div class='ocr_carea' id='block_1_3' title="bbox 49 2340 1383 2441">
    <p class='ocr_par' dir='ltr' id='par_1_4' title="bbox 49 2340 1383 2441">
     <span class='ocr_line' id='line_1_46' title="bbox 79 2340 1383 2399; baseline 0.002 -36"><span class='ocrx_word' id='word_1_470' title='bbox 79 2340 168 2399; x_wconf 62' lang='grc' dir='ltr'>ΧιΙΙΧ.</span> <span class='ocrx_word' id='word_1_471' title='bbox 182 2345 202 2364; x_wconf 78' lang='lat' dir='ltr'>i.</span> <span class='ocrx_word' id='word_1_472' title='bbox 216 2341 255 2364; x_wconf 81' lang='lat' dir='ltr'>Dc</span> <span class='ocrx_word' id='word_1_473' title='bbox 267 2346 298 2365; x_wconf 84' lang='lat' dir='ltr'>ea</span> <span class='ocrx_word' id='word_1_474' title='bbox 315 2342 388 2366; x_wconf 85' lang='lat' dir='ltr'>caede</span> <span class='ocrx_word' id='word_1_475' title='bbox 402 2348 484 2372; x_wconf 81' lang='lat' dir='ltr'>supra</span> <span class='ocrx_word' id='word_1_476' title='bbox 497 2348 521 2367; x_wconf 91' lang='lat' dir='ltr'>c.</span> <span class='ocrx_word' id='word_1_477' title='bbox 537 2348 627 2367; x_wconf 78' lang='lat' dir='ltr'>u.—2.</span> <span class='ocrx_word' id='word_1_478' title='bbox 646 2343 779 2367; x_wconf 83' lang='lat' dir='ltr'>Continuo</span> <span class='ocrx_word' id='word_1_479' title='bbox 797 2342 1014 2367; x_wconf 63' lang='lat' dir='ltr'>acclamare-5.</span> <span class='ocrx_word' id='word_1_480' title='bbox 1026 2343 1069 2366; x_wconf 88' lang='lat' dir='ltr'>Sc.</span> <span class='ocrx_word' id='word_1_481' title='bbox 1084 2341 1331 2371; x_wconf 56' lang='lat' dir='ltr'>cognoscendi-4.</span> <span class='ocrx_word' id='word_1_482' title='bbox 1342 2341 1383 2365; x_wconf 85' lang='lat' dir='ltr'>De</span> 
     </span>
     <span class='ocr_line' id='line_1_47' title="bbox 71 2380 178 2398; baseline -0.009 0"><span class='ocrx_word' id='word_1_483' title='bbox 71 2380 105 2398; x_wconf 90' lang='lat' dir='ltr'>uo</span> <span class='ocrx_word' id='word_1_484' title='bbox 157 2380 178 2398; x_wconf 84' lang='lat'>⁷.</span> 
     </span>
     <span class='ocr_line' id='line_1_48' title="bbox 49 2380 1379 2441; baseline -0.002 -6"><span class='ocrx_word' id='word_1_485' title='bbox 49 2380 68 2404; x_wconf 73' lang='lat' dir='ltr'>q</span> <span class='ocrx_word' id='word_1_486' title='bbox 81 2411 108 2435; x_wconf 80' lang='lat'>1..</span> <span class='ocrx_word' id='word_1_487' title='bbox 120 2392 268 2434; x_wconf 60' lang='lat' dir='ltr'>t.⁸l²isonem</span> <span class='ocrx_word' id='word_1_488' title='bbox 280 2411 508 2441; x_wconf 55' lang='lat' dir='ltr'>,ignorantes-2.</span> <span class='ocrx_word' id='word_1_489' title='bbox 522 2413 576 2439; x_wconf 89' lang='lat' dir='ltr'>suh</span> <span class='ocrx_word' id='word_1_490' title='bbox 597 2414 814 2438; x_wconf 62' lang='lat' dir='ltr'>Domitiano-³.</span> <span class='ocrx_word' id='word_1_491' title='bbox 833 2413 898 2437; x_wconf 89' lang='lat' dir='ltr'>Late</span> <span class='ocrx_word' id='word_1_492' title='bbox 911 2413 1086 2437; x_wconf 81' lang='lat' dir='ltr'>exercentem</span> <span class='ocrx_word' id='word_1_493' title='bbox 1099 2412 1206 2437; x_wconf 82' lang='lat' dir='ltr'>assidua</span> <span class='ocrx_word' id='word_1_494' title='bbox 1218 2409 1379 2436; x_wconf 81' lang='lat' dir='ltr'>latrocinia.</span> 
     </span>
    </p>
   </div>
  </div>
 </body>
</html>
