1539 2668
139 210 198 239 452
593 209 628 236 C.
651 206 835 236 CORNELII
857 207 990 237 TActTl

136 283 243 316 minus
262 290 348 322 saepe
363 280 403 313 ad
423 280 570 312 convivia
589 280 769 322 procedunt
796 281 923 312 armati.
947 280 1033 312 diem
1056 282 1248 321 noctemque
1267 280 1458 317 continuare

137 331 277 372 potando
292 329 371 360 nulli
385 329 552 369 probrum.
568 328 690 360 crebrae
703 353 712 368 ‚
726 330 763 359 nt
776 328 860 359 inter
872 329 1054 360 vinolentos
1067 329 1090 368 ¹,
1108 328 1186 359 rixae
1199 336 1270 359 raro
1287 328 1455 370 conviciis,

137 380 257 419 saepius
267 378 354 409 caede
364 380 397 407 et
409 375 600 407 vulneribus
614 376 847 415 transiguntur.
863 375 921 407 sed
934 376 973 407 de
985 375 1230 407 reconciliandis
1243 375 1381 407 invicem
1394 375 1457 408 ini·

138 427 271 458 micitiis
285 428 318 458 et
337 424 512 466 jungendis
536 423 749 454 affinitatibus
764 425 796 454 et
812 422 1002 454 asciscendis
1016 422 1215 463 principibus
1225 446 1234 462 ,
1255 423 1296 455 de
1311 432 1390 463 pace
1404 423 1458 456 de·

134 475 232 515 nique
249 483 286 504 ac
303 474 386 505 bello
400 498 407 513 ‚
424 473 614 513 plerumque
630 471 663 501 in
678 469 840 501 conviviis
856 470 1059 510 consultant,
1076 473 1227 511 tanquam
1251 470 1339 502 nullo
1354 470 1459 511 magis

136 524 282 562 tempore
306 524 360 552 aut
385 521 425 551 ad
446 518 628 560 simplices²
655 517 868 557 cogitationes
891 519 999 558 pateat
1022 519 1148 549 animus
1163 542 1171 557 ‚
1191 518 1248 549 aut
1271 518 1311 549 ad
1328 525 1460 558 magnas

137 570 319 600 incalescat.
345 577 421 608 gens
447 576 511 598 non
534 567 641 598 astuta
668 574 727 596 nec
752 564 868 595 callida
894 565 998 605 aperit
1023 565 1129 596 adhuc
1160 565 1285 596 secreta
1319 564 1459 605 pectoris

135 617 264 648 licentia
278 616 341 655 j0ci
354 615 364 632 ³
382 627 390 647 2
411 624 486 654 ergo
506 614 631 645 detecta
651 614 681 643 et
699 612 786 643 nuda
804 611 950 643 omnium
971 620 1063 643 mens
1086 613 1215 652 postera
1234 612 1287 643 die
1302 613 1456 644 retracta·

136 664 235 703 tur⁴;
262 665 294 694 et
315 663 405 694 salva
429 663 601 702 utriusque
623 660 779 700 temporis
803 659 886 690 ratio
908 661 958 690 est
983 669 991 690 ε
1013 659 1210 699 deliberant,
1237 658 1318 690 dum
1339 658 1460 699 fingere

136 711 307 749 nesciunt3
327 710 555 748 constituunt,
574 709 651 739 dum
671 716 777 738 errare
798 715 861 737 nou
883 707 1027 746 possunt.

177 762 285 790 XXIII.
307 757 402 788 Potui
416 757 533 788 liumor
546 764 585 787 ex
600 755 721 786 hordeo
735 755 791 785 aut
807 754 971 784 frumento
986 753 1019 784 in
1033 752 1197 794 quandam
1214 752 1459 784 similitudinem

135 805 203 836 vini
229 807 402 844 corruptus
424 805 457 843 ¹;
484 803 622 844 proximi
649 802 727 842 ripae
753 804 786 833 et
809 801 923 832 vinum
950 802 1146 832 mercantur.
1170 799 1240 832 Cibi
1263 799 1424 840 simplices
1449 807 1459 828 ε

135 853 274 892 agrestia
290 861 397 893 poma,
413 860 525 894 recens
541 851 606 882 sera
619 851 675 881 aut
689 850 736 880 lac
749 850 936 879 concretum
949 847 972 879 ².
989 848 1058 879 sine
1069 849 1241 888 apparatu,
1257 847 1327 878 sine
1339 845 1462 878 blandi·

137 900 254 932 mentis
271 900 436 940 expellunt
454 899 593 937 samem3
614 897 772 929 adversus
791 896 878 927 sitim
902 905 966 926 non
989 895 1102 927 eadem
1118 895 1345 936 temperantia.
1368 894 1395 925 si
1409 894 1461 925 in·

136 948 271 980 dulseris
287 947 434 978 ebrietati
456 945 658 985 suggerendo
676 945 836 984 quantum
861 943 1115 983 concupiscunt,
1134 943 1221 974 haud
1244 942 1352 973 minus
1369 940 1461 973 facile

136 995 223 1026 vitiis
239 1004 335 1035 quam
353 995 453 1025 armis
473 994 653 1024 vincentur.

177 1046 283 1081 XX¹,V.
305 1046 412 1074 Genus
426 1041 685 1081 spectaculorum
703 1047 806 1070 unum
820 1041 918 1078 atque
934 1038 966 1068 in
984 1038 1071 1069 omni
1089 1039 1175 1069 coetu
1193 1036 1292 1067 idem.
1311 1036 1391 1067 nudi
1407 1036 1458 1076 ju-

135 1100 254 1129 venes,
279 1090 399 1130 quibus
418 1088 448 1119 id
473 1088 634 1119 ludicrum
656 1090 721 1125 est,
741 1087 825 1117 inter
848 1086 969 1123 gladios
992 1094 1026 1116 se
1047 1086 1144 1124 atque
1164 1084 1297 1115 infestas
1321 1084 1461 1114 frameas

134 1138 218 1170 saltu
237 1138 372 1177 jaciunt.
392 1136 581 1166 exercitatio
599 1137 700 1165 artem
725 1133 870 1174 paravit,
892 1141 942 1163 ars
965 1131 1115 1162 decorem
1130 1155 1138 1170 ,
1161 1140 1227 1161 non
1247 1130 1281 1161 in
1299 1131 1461 1170 quaestum

134 1185 243 1216 tamen
265 1186 322 1214 aut
345 1182 525 1214 mercedem
552 1191 560 1210 ε
587 1182 738 1221 quamvis
759 1180 892 1211 audacis
916 1179 1057 1210 lasciviae
1079 1179 1219 1218 pretium
1241 1178 1288 1209 est
1312 1177 1462 1218 voluptas

133 1231 364 1273 spectantium.
389 1230 499 1261 Aleam
512 1253 520 1268 ,
538 1229 623 1269 quod
643 1229 759 1259 mirere
772 1252 780 1267 ,
797 1227 895 1258 sobrii
911 1228 997 1258 iuter
1013 1227 1097 1257 seria
1115 1227 1287 1264 exercent,
1307 1227 1397 1256 tanta
1413 1224 1460 1256 lu-

139 1289 200 1311 crn
214 1279 247 1310 di
264 1277 461 1319 perdendive
476 1276 676 1315 temeritate,
697 1278 746 1313 ut,
771 1283 873 1315 quum
888 1274 998 1305 omnia
1026 1274 1234 1313 defecerunt,
1255 1273 1405 1304 extremo
1421 1279 1460 1303 ac

133 1326 312 1360 novissimo
326 1325 414 1364 jactu
427 1324 467 1356 de
481 1324 630 1355 libertate
643 1332 680 1354 ac
693 1323 733 1354 ‹le
746 1331 880 1362 corpore
896 1321 1105 1353 contendant.
1121 1321 1228 1352 victus
1244 1319 1461 1352 voluntariam

133 1374 327 1406 servitutem
347 1373 416 1404 adit
435 1382 443 1404 :
462 1371 610 1412 quamvis
623 1371 787 1410 juvenior,
807 1369 955 1410 quamvis
972 1368 1145 1408 robustior,
1166 1367 1288 1407 alligari
1308 1375 1342 1398 se
1358 1375 1395 1398 ac
1411 1368 1462 1399 ve·

133 1422 203 1454 nire
215 1422 347 1462 patitur.
364 1428 401 1451 ea
420 1420 469 1450 est
483 1420 515 1449 in
537 1427 570 1450 re
584 1427 684 1458 prava
700 1417 877 1458 pervicacia
894 1426 901 1447 :
918 1416 977 1457 ipsi
985 1416 1094 1456 fidem
1108 1418 1238 1447 vocant.
1255 1423 1367 1446 servos
1383 1423 1458 1445 con·

135 1469 267 1502 ditionis
289 1468 386 1507 hujus
410 1475 466 1507 per
489 1465 686 1497 commercia
709 1465 866 1504 tradunt,
890 1466 926 1495 ut
951 1472 985 1495 se
1012 1472 1143 1504 quoque
1168 1462 1293 1503 pudore
1315 1461 1462 1493 victoriae

134 1517 317 1550 exsolvant.

177 1568 269 1596 XXV.
292 1562 412 1594 Ceteris
434 1561 540 1592 servis
568 1569 634 1591 non
662 1560 693 1591 iu
720 1561 869 1590 nostrum
889 1566 1013 1589 morem
1039 1557 1208 1598 descriptis
1229 1566 1287 1597 per
1306 1555 1460 1587 familiam

135 1611 342 1645 ministeriis¹
369 1611 531 1648 utuntur3
552 1617 643 1639 suam
665 1608 801 1647 quisque
814 1606 924 1637 sedem
938 1630 947 1645 ‚
962 1614 1039 1636 suos
1056 1607 1188 1645 penates
1201 1605 1292 1644 regit.
1309 1602 1461 1634 frumenti

134 1661 268 1693 modum
284 1657 438 1690 dominus
452 1659 507 1687 aut
519 1656 645 1696 pecoris
659 1658 715 1684 aut
732 1655 831 1685 vestis
846 1655 880 1684 ut
896 1653 1012 1684 colono
1027 1652 1185 1691 injungit,
1205 1653 1238 1682 et
1255 1660 1368 1682 servus
1388 1651 1460 1681 liac-

133 1712 228 1742 tenus
245 1706 349 1746 paret.
364 1706 472 1735 cetera
493 1702 630 1733 domus²
650 1701 753 1732 officia
770 1710 854 1731 uxor
870 1710 906 1731 ac
923 1701 1017 1731 liberi
1035 1702 1267 1739 exsequuntur.
1291 1698 1462 1729 verberare

133 1762 264 1788 servum
279 1761 317 1783 ac
330 1750 471 1782 vinculis
484 1752 517 1780 et
530 1758 626 1789 opere
639 1757 787 1779 coercere
800 1748 811 1765 ³
827 1757 957 1786 rarum;
975 1747 1118 1777 occidere
1135 1747 1260 1785 solent,
1281 1754 1345 1776 non
1368 1743 1462 1776 disci-

134 1802 220 1842 plina
235 1802 267 1831 et
283 1798 472 1836 severitate,
491 1796 547 1828 sed
568 1796 691 1836 impetu
714 1799 746 1827 et
769 1795 836 1834 ira,
854 1796 890 1826 ut
910 1795 1077 1826 inimicum
1090 1818 1099 1832 ,
1121 1794 1184 1825 nisi
1204 1794 1290 1834 quod
1313 1793 1457 1832 impune.

131 1848 239 1880 liberti
256 1856 321 1878 non
335 1844 473 1876 multum
488 1852 585 1885 supra
598 1852 709 1874 servos
722 1844 799 1874 sunt
817 1851 825 1872 t
840 1851 913 1873 raro
926 1841 1055 1882 aliquod
1078 1845 1280 1873 momentum
1295 1840 1326 1871 in
1340 1839 1437 1870 domo
1449 1863 1459 1878 ,

134 1904 303 1936 nunquam
327 1894 359 1924 in
379 1893 511 1924 civitate
523 1916 532 1932 ‚
552 1891 700 1931 exceptis
716 1890 889 1921 dumtaxat
906 1889 945 1920 iis
958 1889 1107 1929 gentibus
1120 1898 1194 1929 quae
1208 1890 1395 1928 regnantur.
1413 1884 1461 1917 ibi

131 1944 218 1975 enim
231 1944 264 1974 et
278 1949 372 1981 super
385 1940 541 1979 ingenuos
554 1942 586 1970 et
597 1947 695 1979 super
707 1938 831 1969 nobiles
845 1937 1025 1969 ascendunt
1040 1944 1049 1966 τ
1064 1936 1150 1977 apud
1163 1937 1286 1969 ceteros
1298 1932 1457 1974 impares⁴

143 1989 276 2022 ibertini
293 1988 449 2020 libertatis
464 1988 691 2027 argumentum
705 1989 792 2018 suut.

160 2136 242 2161 xxti.
258 2141 277 2159 ι.
293 2135 397 2158 Dicitur
409 2134 491 2157 etiam
506 2133 539 2157 de
554 2133 714 2158 temulentia
729 2139 761 2158 ex
772 2133 825 2157 alio
837 2138 869 2156 ac
881 2132 936 2156 vini
948 2133 1015 2160 potu
1025 2131 1124 2155 orta.—
1132 2135 1154 2153 2.
1168 2130 1231 2158 Quae
1242 2129 1305 2152 sine
1324 2128 1387 2152 fuco
1407 2130 1461 2154 sint

132 2175 160 2198 et
172 2171 342 2196 simulatione
359 2171 405 2193 aut
423 2169 646 2193 dissimulatione.
662 2170 726 2192 Vide
744 2168 903 2198 sequentia:
918 2167 1013 2196 aperit
1026 2167 1082 2190 etc.
1093 2176 1123 2182 —
1133 2171 1154 2188 5.
1170 2163 1347 2193 Respiciendo
1360 2163 1394 2187 ad
1408 2165 1460 2188 Ro-

132 2214 227 2233 manos
241 2207 363 2235 aliosque
376 2205 490 2235 populos
504 2206 607 2232 cultos.
624 2205 669 2235 qui
683 2205 725 2229 vel
739 2205 766 2228 in
778 2203 913 2228 convivali
926 2203 1062 2226 hilaritate
1076 2200 1255 2224 dissimulant.
1267 2212 1295 2216 —
1305 2205 1327 2223 ιι.
1338 2200 1458 2224 Similem

132 2249 234 2267 morem
252 2243 392 2266 Persarum
407 2242 500 2264 narrat
513 2241 667 2264 Herodotus
677 2260 684 2269 ,
697 2242 715 2269 l,
731 2246 781 2264 ¹55.

161 2279 259 2302 XXlll.
275 2283 295 2300 i.
313 2276 464 2305 corrumpi
482 2276 608 2299 dicuntur
620 2282 735 2305 quorum
750 2277 844 2300 natura
863 2276 993 2303 mutatur,
1009 2273 1040 2296 ut
1052 2271 1134 2296 vestis
1147 2272 1225 2294 ostro
1239 2271 1395 2300 corrupta5
1415 2271 1459 2294 nie

130 2315 179 2341 est,
193 2312 382 2337 fermentando
397 2313 524 2335 mutatus.
534 2312 619 2341 Ripoe,
633 2312 686 2335 vid.
700 2313 757 2335 not.
769 2317 783 2335 2
796 2312 830 2335 ad
845 2317 868 2335 c.
883 2315 987 2335 ⁸7.—2.
1000 2308 1075 2333 Conf-
1086 2309 1224 2335 Caesarem‚
1239 2305 1282 2333 Vl,
1293 2310 1329 2328 22.

158 2349 240 2372 XXV.
256 2353 264 2371 ι
294 2349 375 2371 Erant
394 2347 519 2371 Romanis
532 2347 603 2370 servi
617 2348 764 2376 atrienses,
779 2347 907 2376 scoparii.
928 2346 1089 2371 vocatores,
1105 2347 1246 2370 cursoreS,
1267 2340 1457 2368 balneatores,

129 2383 278 2411 lecticarii,
297 2383 489 2410 obsonatores,
506 2383 633 2412 pistores,
658 2383 751 2412 coqui;
769 2383 983 2410 dispensatores.
1007 2381 1034 2403 et
1056 2378 1100 2402 alii
1122 2377 1235 2407 plurimi.
1248 2381 1307 2400 —2.
1332 2374 1457 2404 intellige

129 2418 241 2447 domini,
254 2424 308 2442 non
323 2419 401 2441 servi.
419 2419 526 2446 Cetera,
539 2425 597 2448 qua¹
607 2420 670 2442 sunt
684 2421 781 2447 pra-ter
795 2418 838 2442 illa
853 2424 866 2441 n
877 2423 956 2441 servo
972 2414 1125 2445 praestanda
1138 2433 1143 2442 ,
1158 2413 1240 2437 modo
1254 2412 1415 2436 memorata.
1426 2424 1454 2428 -

129 2456 150 2477 δ.
162 2454 238 2484 Quod
251 2454 497 2484 frequentissimum
513 2455 540 2477 et
552 2460 650 2477 saevum
666 2455 735 2483 apud
751 2456 943 2478 Romanos—⁴.
957 2451 1101 2476 interiores
1112 2449 1246 2479 ingenuis.
