1539 2668
502 133 538 161 Α.
561 133 598 160 U.
621 136 654 161 G.
680 132 751 161 822.
776 132 811 160 A.
835 132 869 161 C.
894 132 945 161 69.
1325 132 1382 161 295

68 209 128 249 cipi
144 209 326 239 firmissima
342 208 576 247 Transpadanae
593 206 727 245 regionis
742 207 916 246 municipia
932 206 1146 237 Mediolanum
1158 214 1195 236 ac
1213 206 1383 238 Novariam

67 259 98 289 et
112 255 296 296 Eporediam
313 264 349 286 ao
365 256 523 287 Vercellas
546 255 731 293 adjunxere.
759 254 792 284 id
809 254 942 285 Caecinae
955 262 1009 293 per
1023 253 1110 292 ipsos
1125 256 1337 292 compertum.
1352 255 1384 285 et

67 303 141 342 quia
155 302 303 343 praesidio
321 303 379 333 alae
397 303 491 333 unius
506 302 657 333 latissima
680 310 752 341 pars
771 301 870 332 Italize
884 299 1012 332 defendi
1026 299 1191 340 nequibat,
1212 301 1384 339 praemissis

67 349 239 387 Gallorum,
253 349 477 380 Lusitanorum
495 349 785 387 Britannorumque
799 347 985 379 cohortibus
997 350 1028 378 et
1041 350 1271 378 Germanorum
1285 348 1384 379 vexil-

68 396 106 428 lis
123 405 197 427 cum
211 397 260 427 ala
277 397 420 435 Petrina,
436 397 503 437 ipse
519 395 698 436 paullulum
717 396 902 433 cunctatus,
916 403 993 425 num
1007 394 1137 426 Raeticis
1149 394 1233 434 jugis
1251 394 1284 425 in
1298 395 1386 426 Nori-

67 453 142 475 cum
167 443 325 481 flecteret,
350 444 504 474 adversus
530 442 717 474 Petronium
745 441 866 483 [urbi]³
882 444 1142 482 procuratorem,
1169 441 1224 482 qui
1250 442 1385 474 concitis

66 491 193 521 auxiliis
223 493 253 521 el
285 491 471 530 interruptis
499 490 669 521 fluminum
689 489 841 529 pontibus
871 488 954 519 fidus
977 489 1095 519 Othoni
1122 488 1309 529 putabatur,
1329 492 1386 522 sed

66 538 174 576 metu,
199 546 238 569 ne
251 537 413 569 amitteret
432 538 611 578 praemissas
626 536 693 576 jam
711 537 858 568 cohortes
871 536 1000 576 alasque
1013 560 1020 574 ,
1037 535 1132 566 simul
1148 537 1300 576 reputans
1314 538 1386 577 plus

64 583 172 623 gloriae
189 586 312 615 retenta
329 584 435 623 Italia,
457 586 489 616 et
506 585 690 624 ubicunque
708 586 866 615 certatum
886 583 967 614 foret
979 607 987 622 ,
1016 583 1149 614 Noricos
1164 583 1196 613 in
1218 585 1325 615 cetera
1338 586 1386 616 vi-

65 631 174 662 ctoriae
191 632 321 671 praemia
335 640 494 671 cessuros,
510 632 630 663 Peniuo
644 630 890 671 subsignanum‘
908 630 1043 661 militem
1061 629 1174 661 itinere
1191 632 1222 661 et
1238 639 1332 670 grave
1348 631 1388 663 le·

64 678 196 718 g'onum
218 687 330 718 agmen
354 678 495 709 hibernis
511 678 523 695 ³
542 678 650 709 adhuc
667 678 798 718 Alpibus
814 677 971 709 traduxit.

105 728 205 756 LXXI.
232 726 317 756 Otho
345 725 473 756 interim
497 728 610 757 contra
636 734 725 765 spem
750 727 894 756 omnium
914 733 978 755 non
1000 723 1123 754 deliciis
1145 732 1249 762 neque
1265 724 1389 757 desidia

63 769 252 811 torpescere.
279 772 386 804 dilatae
403 773 584 813 voluptates
597 797 605 813 ‚
623 772 824 804 dissimulata
842 772 970 802 luxuria
986 773 1018 802 et
1040 773 1155 801 cuncta
1175 770 1214 801 ad
1239 771 1388 804 decorem

63 817 190 858 imperii
206 819 392 859 composita,
407 829 509 859 eoque
532 821 602 860 plus
618 819 798 849 formidinis
815 818 991 849 asserebant
1010 817 1098 847 falsae
1113 817 1249 848 virtutes
1265 819 1297 849 et
1310 819 1389 851 vitia

62 864 216 895 reditura.
243 867 376 896 Marium
395 867 522 897 Celsum
547 866 710 897 consulem
725 865 926 905 designatum
949 873 1005 904 per
1022 863 1158 903 speciem
1185 864 1388 898 vinculorum

61 911 195 943 saevitiae
214 913 351 943 militum
370 913 570 944 subtractum
588 913 685 944 acciri
707 913 739 943 in
756 912 949 952 Capitolium
965 910 1066 950 jubet.
1083 910 1262 941 clementiae
1272 913 1388 945 titulus

61 964 79 989 e
96 957 166 989 viro
184 959 268 990 claro
283 962 314 991 rt
331 960 476 1000 partibus
495 960 598 991 inviso
617 959 798 1000 petebatur.
826 959 935 989 Celsus
952 959 1136 988 constanter
1155 959 1291 989 servatae
1316 968 1389 999 erga

62 1003 194 1036 Galbam
230 1006 303 1037 fidei
327 1008 449 1038 crimen
475 1007 641 1038 coufessus
667 1006 849 1046 exemplum
881 1005 964 1036 ultro
988 1004 1196 1044 imputavit¹⁴
1225 1013 1283 1035 nec
1306 1005 1389 1036 Otho

62 1053 154 1092 quasi
172 1053 361 1092 ignosceret,
376 1054 431 1085 sed
445 1063 485 1085 ne
500 1054 610 1085 hostes
625 1055 795 1092 metueret,
812 1052 1053 1083 co1iriliati011es
1070 1050 1258 1090 adhibens2,
1277 1053 1389 1083 statim

63 1099 146 1130 inter
164 1099 294 1130 intimos
308 1101 428 1131 amicos
447 1100 559 1132 habuit
578 1103 608 1131 et
632 1109 707 1131 mox
731 1099 815 1130 bello
831 1099 913 1130 inter
930 1099 1028 1129 (luces
1051 1098 1176 1136 delegit.
1205 1099 1388 1139 mansitque

61 1145 154 1176 celso
171 1147 259 1177 velut
276 1148 412 1178 fataliter
428 1147 526 1178 etiam
551 1157 610 1187 pro
630 1147 756 1178 Othone
772 1146 852 1176 fides
869 1146 994 1184 integra
1008 1147 1041 1175 et
1067 1145 1178 1175 infelix
1192 1144 1216 1176 ³.
1236 1146 1307 1176 laeta
1326 1145 1389 1186 pri-

61 1192 206 1224 moribus
220 1193 359 1224 civitatis
375 1194 535 1225 celebrata
555 1194 587 1225 iu
607 1194 722 1233 vulgus
737 1192 818 1224 Celsi
832 1193 920 1223 salus
934 1216 942 1231 ,
959 1200 998 1222 ne
1021 1190 1177 1222 militibus
1196 1192 1325 1231 quidem
1343 1193 1389 1224 in-

62 1240 150 1279 grata
168 1240 229 1271 fuit
242 1265 250 1279 ,
268 1241 400 1272 eundem
417 1242 569 1272 virtutem
584 1240 817 1271 admirantibus
829 1264 836 1278 ,
857 1239 909 1269 cui
930 1237 1157 1269 irascebantur.

104 1290 221 1317 LXXII.
247 1291 305 1318 Par
322 1288 396 1319 inde
419 1289 590 1319 exsultatio
608 1287 792 1328 disparibus
814 1286 921 1317 causis
942 1286 1112 1316 consecuta
1141 1285 1311 1325 impetrato
1336 1287 1386 1318 Ti-

60 1333 168 1374 gellini
192 1334 301 1365 exitio.
325 1335 504 1375 Sophonius
522 1335 697 1375 Tigellinus
721 1333 865 1364 obscuris
886 1331 1094 1372 parentibus,
1120 1331 1205 1363 foeda
1226 1333 1361 1372 pueritia
1376 1358 1385 1373 ,

60 1380 222 1421 impudica
239 1383 367 1412 senecta
381 1407 388 1420 ,
415 1382 638 1422 praefecturam
654 1381 788 1421 wigilum
803 1383 831 1411 et
853 1379 994 1420 praetorii
1014 1379 1020 1396 ¹
1051 1380 1083 1409 et
1100 1379 1161 1409 alia
1178 1379 1311 1419 praemia
1325 1381 1386 1411 vir-

61 1429 167 1459 tutum
181 1453 188 1466 ,
207 1428 282 1467 quia
296 1429 438 1460 velocius
457 1433 523 1460 erat
536 1453 544 1468 ,
568 1429 654 1460 vitiis
678 1429 823 1468 adeptus,
842 1427 1062 1458 crudelitatem
1082 1426 1298 1465 mox,deinde
1315 1436 1385 1458 ava-

61 1473 169 1504 ritiam
188 1479 220 1506 et
235 1476 340 1507 virilia
354 1477 472 1507 scelera
497 1476 641 1507 exercuit
655 1478 808 1515 corrupto
825 1474 863 1504 ad
881 1483 976 1505 omne
990 1474 1115 1505 facinus
1133 1478 1275 1512 Nerone,
1301 1483 1385 1514 quae-

60 1520 133 1551 dam
151 1521 261 1561 ignaro
289 1532 384 1553 ausus
410 1533 447 1554 ae
472 1525 637 1563 postremo
664 1523 806 1562 ejusdem
825 1521 968 1552 desertor
990 1531 1026 1552 ac
1042 1520 1198 1561 proditor.
1217 1521 1303 1552 unde
1322 1531 1385 1554 non

60 1567 159 1599 alium
174 1569 368 1608 pertinacius
391 1571 429 1601 ad
455 1580 580 1610 poenam
605 1570 787 1609 flagitavere
799 1594 807 1609 ,
829 1568 957 1599 diverso
973 1568 1092 1599 affectu
1105 1593 1112 1607 ,
1143 1567 1260 1607 quibus
1275 1568 1385 1600 odium

63 1616 198 1646 Neronis
224 1616 326 1647 iuerat
356 1621 384 1648 et
403 1618 521 1658 quibus
547 1617 755 1649 desiderium.
788 1616 880 1656 Apud
906 1616 1038 1646 Galbam
1053 1619 1101 1646 ‘T.
1134 1614 1219 1645 Vinii
1242 1615 1385 1654 potentia

60 1661 209 1693 defensus
226 1666 433 1703 przrtexeutis
459 1667 637 1697 servatam
668 1665 711 1696 ab
735 1673 771 1695 eo
789 1664 921 1704 filiam.
951 1666 981 1695 et
1006 1662 1093 1694 haud
1120 1661 1217 1693 dubie
1239 1670 1386 1693 servave-

60 1711 110 1739 rat
126 1718 188 1740 non
202 1711 390 1752 clementia,
414 1713 535 1753 quippe
562 1715 610 1744 tot
632 1713 814 1743 intersectis
826 1735 833 1749 ,
850 1711 904 1742 sed
921 1711 1077 1751 effugium
1094 1710 1126 1740 in
1142 1710 1299 1748 futurum,
1310 1710 1385 1750 quia

61 1756 218 1795 pessimus
242 1757 379 1798 quisque
403 1759 578 1790 diffidentia
605 1759 811 1798 praesentium
837 1758 1055 1789 mutationem
1080 1765 1203 1797 pavens
1227 1757 1384 1788 adversus

61 1802 224 1842 publicum
239 1804 348 1834 odium
367 1806 524 1845 privatam
538 1806 671 1845 gratiam
688 1806 858 1845 praeparat,
873 1804 956 1834 unde
970 1805 1057 1834 nulla
1071 1803 1266 1834 innocentiae
1277 1803 1383 1844 cui-21²,

62 1849 117 1880 sed
131 1851 216 1880 vices
233 1850 443 1890 impunitatis.
461 1857 502 1883 Eo
516 1852 669 1883 insensior
686 1852 822 1891 populus
835 1851 943 1880 addita
957 1851 994 1880 ad
1012 1853 1106 1880 vetus
1114 1849 1258 1887 Tigellini
1272 1849 1384 1880 odium

61 1897 181 1927 recenti
198 1901 233 1927 T.
250 1898 333 1928 Vinii
351 1898 470 1929 invidia
488 1909 494 1929 :
513 1907 704 1930 concurrere
730 1907 746 1929 e
765 1900 831 1928 tota
847 1897 932 1929 Urbe
955 1897 987 1927 in
1012 1895 1165 1936 palatium
1190 1904 1228 1926 ac
1249 1895 1335 1934 sora,
1352 1897 1384 1927 et

62 1941 115 1973 ubi
131 1942 269 1983 plurima
289 1945 375 1984 vulgi
401 1946 547 1985 licentia,
562 1945 595 1976 in
617 1946 737 1975 circum
755 1954 791 1975 ao
814 1944 940 1976 theatra
957 1943 1050 1974 effusi
1069 1941 1231 1973 seditiosis
1250 1942 1384 1974 vocibus

61 1988 264 2030 obstrepere,
290 1991 393 2023 donec
421 1993 592 2032 Tigellinus
617 1994 748 2032 accepto
765 1991 849 2031 apud
869 1991 1077 2021 Sinuessanas
1098 1997 1198 2029 aquas
1227 1997 1383 2028 supremae

62 2037 265 2069 necessitatis
290 2039 404 2070 nuntio
425 2039 509 2070 inter
524 2039 722 2070 concubinas
749 2042 779 2069 et
802 2039 909 2069 oscula
931 2038 962 2067 et
980 2036 1139 2068 deformes
1157 2043 1263 2066 moras
1286 2036 1382 2067 sectis

59 2085 218 2115 novacula
235 2085 381 2117 faucibus
402 2087 555 2120 infamem
571 2089 672 2118 vitam
697 2085 827 2116 foedavit
843 2085 940 2115 etiam
954 2084 1043 2115 exitu
1057 2091 1126 2115 sero
1147 2084 1180 2113 et
1200 2082 1380 2113 inhonesto.

66 2168 112 2187 —5.
127 2163 182 2186 imo
192 2163 356 2188 Norici—4.
374 2165 623 2194 legionarium—13.
643 2166 711 2189 Nive
723 2165 867 2189 contectis.

59 2223 61 2226 .
92 2198 182 2222 LXXI.
198 2203 219 2221 ι.
237 2199 437 2225 Demonstravit
460 2202 523 2226 fidei
547 2201 700 2231 exemplum
716 2201 748 2225 ab
767 2206 795 2224 se
810 2200 911 2224 editum
935 2201 1041 2229 gratum
1064 2205 1124 2223 esse
1150 2198 1250 2223 debere
1270 2195 1379 2221 Othoni.

63 2232 141 2256 Conf.
157 2233 320 2258 simillimum
339 2235 426 2260 locum
445 2243 527 2266 supra
543 2243 569 2262 c.
585 2244 622 2265 38,
637 2238 696 2261 not.
721 2241 797 2259 2.-2.
815 2236 875 2259 Non
901 2235 977 2265 quasi
1001 2235 1167 2264 ignosceret,
1188 2232 1261 2263 quod
1275 2231 1309 2256 ab
1325 2231 1383 2261 ejus

61 2268 173 2297 ingenio
189 2269 250 2292 erat
262 2269 388 2300 alienum,
402 2272 450 2296 sed
464 2279 498 2296 ne
513 2274 602 2297 esseut
620 2278 686 2301 quos
703 2272 839 2295 metueret
849 2271 950 2298 hostes,
961 2270 1113 2295 alienorum
1135 2270 1239 2293 animos
1250 2267 1301 2291 sibi
1315 2271 1382 2290 con-

63 2302 157 2326 ciliare
171 2303 345 2329 studens—³.
362 2307 393 2330 V.
407 2308 476 2332 intra
488 2308 519 2337 11,
530 2313 567 2332 eo.

95 2337 196 2361 LXXII.
218 2343 240 2361 i.
261 2339 320 2364 Vid.
346 2342 416 2366 dnn.
437 2343 505 2371 XIV,
517 2348 554 2372 si,
575 2344 602 2367 et
614 2348 673 2372 sqq.
697 2341 804 2371 passim.
820 2353 847 2358 -
859 2341 883 2364 ¹2.
897 2340 959 2364 Non
979 2340 1124 2370 reputatur
1136 2339 1270 2363 innocens
1282 2335 1379 2366 aliquis

62 2372 96 2396 sit
111 2377 144 2395 an
161 2378 273 2397 nocens.
