<?xml version="1.0" encoding="UTF-8"?>
<!DOCTYPE html PUBLIC "-//W3C//DTD XHTML 1.0 Transitional//EN"
    "http://www.w3.org/TR/xhtml1/DTD/xhtml1-transitional.dtd">
<html xmlns="http://www.w3.org/1999/xhtml" xml:lang="en" lang="en">
 <head>
  <title>
</title>
<meta http-equiv="Content-Type" content="text/html;charset=utf-8" />
  <meta name='ocr-system' content='tesseract 3.04.00' />
  <meta name='ocr-capabilities' content='ocr_page ocr_carea ocr_par ocr_line ocrx_word'/>
</head>
<body>
  <div class='ocr_page' id='page_1' title='image "./operaquaesupersu00taciuoft_0232.png"; bbox 0 0 1539 2668; ppageno 0'>
   <div class='ocr_carea' id='block_1_1' title="bbox 129 174 1074 205">
    <p class='ocr_par' dir='ltr' id='par_1_1' title="bbox 129 174 1074 205">
     <span class='ocr_line' id='line_1_1' title="bbox 129 174 1074 205; baseline 0.001 -2"><span class='ocrx_word' id='word_1_1' title='bbox 129 175 191 204; x_wconf 74' lang='lat'><strong>200</strong></span> <span class='ocrx_word' id='word_1_2' title='bbox 505 175 639 204; x_wconf 81' lang='lat' dir='ltr'><strong>TACITI</strong></span> <span class='ocrx_word' id='word_1_3' title='bbox 662 174 871 205; x_wconf 79' lang='lat' dir='ltr'><strong>ANNAthJM</strong></span> <span class='ocrx_word' id='word_1_4' title='bbox 892 176 965 204; x_wconf 86' lang='lat' dir='ltr'><strong>LIB.</strong></span> <span class='ocrx_word' id='word_1_5' title='bbox 990 175 1074 204; x_wconf 85' lang='lat' dir='ltr'>XIII.</span> 
     </span>
    </p>
   </div>
   <div class='ocr_carea' id='block_1_2' title="bbox 108 247 1455 2027">
    <p class='ocr_par' dir='ltr' id='par_1_2' title="bbox 126 247 1455 430">
     <span class='ocr_line' id='line_1_2' title="bbox 128 247 1455 290; baseline 0.006 -12"><span class='ocrx_word' id='word_1_6' title='bbox 128 250 165 278; x_wconf 88' lang='lat' dir='ltr'><strong>ut</strong></span> <span class='ocrx_word' id='word_1_7' title='bbox 179 251 215 279; x_wconf 90' lang='lat' dir='ltr'><strong>C.</strong></span> <span class='ocrx_word' id='word_1_8' title='bbox 233 247 373 289; x_wconf 83' lang='lat' dir='ltr'><strong>CassiuS,</strong></span> <span class='ocrx_word' id='word_1_9' title='bbox 391 248 432 281; x_wconf 86' lang='lat' dir='ltr'><strong>de</strong></span> <span class='ocrx_word' id='word_1_10' title='bbox 451 249 566 282; x_wconf 88' lang='lat' dir='ltr'><strong>ceteris</strong></span> <span class='ocrx_word' id='word_1_11' title='bbox 580 249 757 281; x_wconf 89' lang='lat' dir='ltr'><strong>honoribus</strong></span> <span class='ocrx_word' id='word_1_12' title='bbox 776 258 938 287; x_wconf 86' lang='lat' dir='ltr'><strong>assensus,</strong></span> <span class='ocrx_word' id='word_1_13' title='bbox 953 251 982 280; x_wconf 74' lang='lat' dir='ltr'><strong>si</strong></span> <span class='ocrx_word' id='word_1_14' title='bbox 995 257 1061 289; x_wconf 83' lang='lat' dir='ltr'><strong>pro</strong></span> <span class='ocrx_word' id='word_1_15' title='bbox 1078 248 1455 290; x_wconf 71' lang='lat' dir='ltr'><strong>beniqnitatesortunoe</strong></span> 
     </span>
     <span class='ocr_line' id='line_1_3' title="bbox 133 294 1454 340; baseline 0.005 -15"><span class='ocrx_word' id='word_1_16' title='bbox 133 294 200 325; x_wconf 73' lang='lat' dir='ltr'><strong>diis</strong></span> <span class='ocrx_word' id='word_1_17' title='bbox 217 297 334 335; x_wconf 74' lang='lat' dir='ltr'><strong>yrates</strong></span> <span class='ocrx_word' id='word_1_18' title='bbox 355 299 557 337; x_wconf 77' lang='lat' dir='ltr'><strong>aqerentur‚</strong></span> <span class='ocrx_word' id='word_1_19' title='bbox 582 305 623 328; x_wconf 78' lang='lat' dir='ltr'><strong>ne</strong></span> <span class='ocrx_word' id='word_1_20' title='bbox 638 298 749 328; x_wconf 79' lang='lat' dir='ltr'><strong>totum</strong></span> <span class='ocrx_word' id='word_1_21' title='bbox 762 296 900 337; x_wconf 72' lang='lat' dir='ltr'><strong>quidem</strong></span> <span class='ocrx_word' id='word_1_22' title='bbox 913 305 1047 328; x_wconf 82' lang='lat' dir='ltr'><strong>annum</strong></span> <span class='ocrx_word' id='word_1_23' title='bbox 1060 296 1369 335; x_wconf 66' lang='lat' dir='ltr'><strong>supplicationibus</strong></span> <span class='ocrx_word' id='word_1_24' title='bbox 1381 301 1454 340; x_wconf 82' lang='lat' dir='ltr'><strong>sus-</strong></span> 
     </span>
     <span class='ocr_line' id='line_1_4' title="bbox 127 339 1454 387; baseline 0.005 -15"><span class='ocrx_word' id='word_1_25' title='bbox 127 339 230 377; x_wconf 78' lang='lat' dir='ltr'><strong>ficere</strong></span> <span class='ocrx_word' id='word_1_26' title='bbox 248 342 417 382; x_wconf 82' lang='lat' dir='ltr'><strong>disseruit,</strong></span> <span class='ocrx_word' id='word_1_27' title='bbox 436 353 540 385; x_wconf 81' lang='lat' dir='ltr'><strong>eoque</strong></span> <span class='ocrx_word' id='word_1_28' title='bbox 567 346 723 384; x_wconf 76' lang='lat' dir='ltr'><em>oportere</em></span> <span class='ocrx_word' id='word_1_29' title='bbox 746 343 850 375; x_wconf 72' lang='lat' dir='ltr'><strong>dividi</strong></span> <span class='ocrx_word' id='word_1_30' title='bbox 865 352 980 375; x_wconf 81' lang='lat' dir='ltr'><strong>sacros</strong></span> <span class='ocrx_word' id='word_1_31' title='bbox 1000 346 1033 375; x_wconf 86' lang='lat' dir='ltr'><strong>et</strong></span> <span class='ocrx_word' id='word_1_32' title='bbox 1051 345 1237 383; x_wconf 74' lang='lat' dir='ltr'><strong>neqotz&#39;osos</strong></span> <span class='ocrx_word' id='word_1_33' title='bbox 1259 343 1348 381; x_wconf 70' lang='lat' dir='ltr'><strong>dies,</strong></span> <span class='ocrx_word' id='word_1_34' title='bbox 1376 348 1454 387; x_wconf 80' lang='lat' dir='ltr'><strong>quis</strong></span> 
     </span>
     <span class='ocr_line' id='line_1_5' title="bbox 126 388 952 430; baseline 0.002 -11"><span class='ocrx_word' id='word_1_35' title='bbox 126 388 248 420; x_wconf 73' lang='lat' dir='ltr'><strong>divina</strong></span> <span class='ocrx_word' id='word_1_36' title='bbox 265 390 417 422; x_wconf 76' lang='lat' dir='ltr'><strong>colerent</strong></span> <span class='ocrx_word' id='word_1_37' title='bbox 432 393 464 422; x_wconf 84' lang='lat' dir='ltr'><strong>et</strong></span> <span class='ocrx_word' id='word_1_38' title='bbox 481 391 639 422; x_wconf 77' lang='lat' dir='ltr'><strong>humana</strong></span> <span class='ocrx_word' id='word_1_39' title='bbox 655 399 722 422; x_wconf 82' lang='lat' dir='ltr'><strong>non</strong></span> <span class='ocrx_word' id='word_1_40' title='bbox 736 390 952 430; x_wconf 64' lang='lat' dir='ltr'><strong>impedirent.</strong></span> 
     </span>
    </p>

    <p class='ocr_par' dir='ltr' id='par_1_3' title="bbox 119 437 1455 1320">
     <span class='ocr_line' id='line_1_6' title="bbox 167 437 1452 481; baseline 0.005 -15"><span class='ocrx_word' id='word_1_41' title='bbox 167 439 259 467; x_wconf 88' lang='lat' dir='ltr'><strong>XLII.</strong></span> <span class='ocrx_word' id='word_1_42' title='bbox 285 438 388 469; x_wconf 89' lang='lat' dir='ltr'><strong>Variis</strong></span> <span class='ocrx_word' id='word_1_43' title='bbox 411 437 525 469; x_wconf 84' lang='lat' dir='ltr'><strong>deinde</strong></span> <span class='ocrx_word' id='word_1_44' title='bbox 551 438 678 469; x_wconf 81' lang='lat' dir='ltr'><strong>casibus</strong></span> <span class='ocrx_word' id='word_1_45' title='bbox 696 438 837 478; x_wconf 89' lang='lat' dir='ltr'><strong>jactatus</strong></span> <span class='ocrx_word' id='word_1_46' title='bbox 863 439 895 469; x_wconf 90' lang='lat' dir='ltr'><strong>et</strong></span> <span class='ocrx_word' id='word_1_47' title='bbox 911 437 1089 468; x_wconf 90' lang='lat' dir='ltr'><strong>multorum</strong></span> <span class='ocrx_word' id='word_1_48' title='bbox 1116 437 1191 468; x_wconf 91' lang='lat' dir='ltr'><strong>odia</strong></span> <span class='ocrx_word' id='word_1_49' title='bbox 1212 439 1347 470; x_wconf 89' lang='lat' dir='ltr'><strong>meritus</strong></span> <span class='ocrx_word' id='word_1_50' title='bbox 1363 449 1452 481; x_wconf 83' lang='lat' dir='ltr'><strong>reus,</strong></span> 
     </span>
     <span class='ocr_line' id='line_1_7' title="bbox 126 481 1455 526; baseline 0.004 -13"><span class='ocrx_word' id='word_1_51' title='bbox 126 481 213 514; x_wconf 90' lang='lat' dir='ltr'><strong>haud</strong></span> <span class='ocrx_word' id='word_1_52' title='bbox 231 486 338 515; x_wconf 86' lang='lat' dir='ltr'><strong>tamen</strong></span> <span class='ocrx_word' id='word_1_53' title='bbox 357 484 427 516; x_wconf 87' lang='lat' dir='ltr'><strong>sine</strong></span> <span class='ocrx_word' id='word_1_54' title='bbox 443 485 568 516; x_wconf 89' lang='lat' dir='ltr'><strong>invidia</strong></span> <span class='ocrx_word' id='word_1_55' title='bbox 587 489 737 524; x_wconf 86' lang='lat' dir='ltr'><strong>Senecae,</strong></span> <span class='ocrx_word' id='word_1_56' title='bbox 756 484 943 516; x_wconf 86' lang='lat' dir='ltr'><strong>damnatur.</strong></span> <span class='ocrx_word' id='word_1_57' title='bbox 971 484 999 516; x_wconf 90' lang='lat' dir='ltr'><strong>is</strong></span> <span class='ocrx_word' id='word_1_58' title='bbox 1024 484 1085 515; x_wconf 81' lang='lat' dir='ltr'><strong>snit</strong></span> <span class='ocrx_word' id='word_1_59' title='bbox 1102 488 1135 515; x_wconf 86' lang='lat' dir='ltr'><strong>P.</strong></span> <span class='ocrx_word' id='word_1_60' title='bbox 1150 485 1270 516; x_wconf 87' lang='lat' dir='ltr'><strong>Suilius</strong></span> <span class='ocrx_word' id='word_1_61' title='bbox 1289 485 1312 525; x_wconf 88' lang='lat'><strong>¹,</strong></span> <span class='ocrx_word' id='word_1_62' title='bbox 1326 486 1455 526; x_wconf 87' lang='lat' dir='ltr'><strong>imperi-</strong></span> 
     </span>
     <span class='ocr_line' id='line_1_8' title="bbox 125 528 1452 572; baseline 0.005 -14"><span class='ocrx_word' id='word_1_63' title='bbox 125 528 212 561; x_wconf 85' lang='lat' dir='ltr'>tante</span> <span class='ocrx_word' id='word_1_64' title='bbox 235 531 367 562; x_wconf 87' lang='lat' dir='ltr'><strong>Claudio</strong></span> <span class='ocrx_word' id='word_1_65' title='bbox 380 532 530 563; x_wconf 87' lang='lat' dir='ltr'><strong>terribilis</strong></span> <span class='ocrx_word' id='word_1_66' title='bbox 547 541 584 563; x_wconf 89' lang='lat' dir='ltr'><strong>ac</strong></span> <span class='ocrx_word' id='word_1_67' title='bbox 605 532 728 564; x_wconf 89' lang='lat' dir='ltr'><strong>venalis</strong></span> <span class='ocrx_word' id='word_1_68' title='bbox 740 556 748 570; x_wconf 93' lang='lat'>‚</span> <span class='ocrx_word' id='word_1_69' title='bbox 763 534 795 563; x_wconf 88' lang='lat' dir='ltr'><strong>et</strong></span> <span class='ocrx_word' id='word_1_70' title='bbox 809 532 989 564; x_wconf 85' lang='lat' dir='ltr'><strong>mutatione</strong></span> <span class='ocrx_word' id='word_1_71' title='bbox 1000 532 1185 571; x_wconf 86' lang='lat' dir='ltr'><strong>temporum</strong></span> <span class='ocrx_word' id='word_1_72' title='bbox 1211 541 1274 562; x_wconf 93' lang='lat' dir='ltr'><strong>non</strong></span> <span class='ocrx_word' id='word_1_73' title='bbox 1293 535 1452 572; x_wconf 87' lang='lat' dir='ltr'><strong>quantum</strong></span> 
     </span>
     <span class='ocr_line' id='line_1_9' title="bbox 122 574 1451 620; baseline 0.005 -15"><span class='ocrx_word' id='word_1_74' title='bbox 122 574 245 607; x_wconf 89' lang='lat' dir='ltr'><strong>inimici</strong></span> <span class='ocrx_word' id='word_1_75' title='bbox 263 580 418 618; x_wconf 83' lang='lat' dir='ltr'><strong>cuperent</strong></span> <span class='ocrx_word' id='word_1_76' title='bbox 433 579 609 618; x_wconf 87' lang='lat' dir='ltr'><strong>demissus,</strong></span> <span class='ocrx_word' id='word_1_77' title='bbox 633 579 755 619; x_wconf 92' lang='lat' dir='ltr'><strong>quique</strong></span> <span class='ocrx_word' id='word_1_78' title='bbox 775 588 809 611; x_wconf 92' lang='lat' dir='ltr'><strong>se</strong></span> <span class='ocrx_word' id='word_1_79' title='bbox 837 580 1006 610; x_wconf 81' lang='lat' dir='ltr'><strong>nocentem</strong></span> <span class='ocrx_word' id='word_1_80' title='bbox 1030 579 1129 609; x_wconf 73' lang='lat' dir='ltr'><strong>videri</strong></span> <span class='ocrx_word' id='word_1_81' title='bbox 1152 588 1249 618; x_wconf 88' lang='lat' dir='ltr'><strong>quam</strong></span> <span class='ocrx_word' id='word_1_82' title='bbox 1274 580 1451 620; x_wconf 77' lang='lat' dir='ltr'><strong>supplicem</strong></span> 
     </span>
     <span class='ocr_line' id='line_1_10' title="bbox 122 622 1451 667; baseline 0.005 -15"><span class='ocrx_word' id='word_1_83' title='bbox 122 622 241 654; x_wconf 88' lang='lat' dir='ltr'><strong>mallet.</strong></span> <span class='ocrx_word' id='word_1_84' title='bbox 261 634 329 663; x_wconf 75' lang='lat' dir='ltr'><strong>ejus</strong></span> <span class='ocrx_word' id='word_1_85' title='bbox 357 625 558 665; x_wconf 89' lang='lat' dir='ltr'><strong>opprimendi</strong></span> <span class='ocrx_word' id='word_1_86' title='bbox 583 626 685 666; x_wconf 82' lang='lat' dir='ltr'><strong>gratia</strong></span> <span class='ocrx_word' id='word_1_87' title='bbox 718 626 889 667; x_wconf 87' lang='lat' dir='ltr'><strong>repetitum</strong></span> <span class='ocrx_word' id='word_1_88' title='bbox 920 625 1110 656; x_wconf 78' lang='lat' dir='ltr'><strong>credebatur</strong></span> <span class='ocrx_word' id='word_1_89' title='bbox 1133 627 1451 659; x_wconf 76' lang='lat' dir='ltr'><strong>senatusconsultum</strong></span> 
     </span>
     <span class='ocr_line' id='line_1_11' title="bbox 122 672 1452 713; baseline 0.005 -13"><span class='ocrx_word' id='word_1_90' title='bbox 122 677 282 710; x_wconf 72' lang='lat' dir='ltr'><strong>poenaque</strong></span> <span class='ocrx_word' id='word_1_91' title='bbox 311 672 429 704; x_wconf 83' lang='lat' dir='ltr'><strong>Cinciae</strong></span> <span class='ocrx_word' id='word_1_92' title='bbox 458 674 533 713; x_wconf 85' lang='lat' dir='ltr'><strong>legis</strong></span> <span class='ocrx_word' id='word_1_93' title='bbox 561 674 718 704; x_wconf 87' lang='lat' dir='ltr'><strong>adversus</strong></span> <span class='ocrx_word' id='word_1_94' title='bbox 737 682 792 705; x_wconf 85' lang='lat' dir='ltr'><strong>eos</strong></span> <span class='ocrx_word' id='word_1_95' title='bbox 812 673 867 713; x_wconf 87' lang='lat' dir='ltr'><strong>qui</strong></span> <span class='ocrx_word' id='word_1_96' title='bbox 890 673 992 713; x_wconf 87' lang='lat' dir='ltr'><strong>pretio</strong></span> <span class='ocrx_word' id='word_1_97' title='bbox 1018 681 1130 703; x_wconf 80' lang='lat' dir='ltr'><strong>causas</strong></span> <span class='ocrx_word' id='word_1_98' title='bbox 1155 673 1334 704; x_wconf 76' lang='lat' dir='ltr'><strong>oravissent</strong></span> <span class='ocrx_word' id='word_1_99' title='bbox 1349 673 1373 704; x_wconf 87' lang='lat'><strong>².</strong></span> <span class='ocrx_word' id='word_1_100' title='bbox 1393 683 1452 707; x_wconf 91' lang='lat' dir='ltr'><strong>nec</strong></span> 
     </span>
     <span class='ocr_line' id='line_1_12' title="bbox 122 717 1453 761; baseline 0.005 -14"><span class='ocrx_word' id='word_1_101' title='bbox 122 717 240 749; x_wconf 89' lang='lat' dir='ltr'><strong>Suilius</strong></span> <span class='ocrx_word' id='word_1_102' title='bbox 257 722 382 758; x_wconf 83' lang='lat' dir='ltr'><strong>quaestu</strong></span> <span class='ocrx_word' id='word_1_103' title='bbox 402 721 459 751; x_wconf 86' lang='lat' dir='ltr'><strong>aut.</strong></span> <span class='ocrx_word' id='word_1_104' title='bbox 475 720 725 761; x_wconf 70' lang='lat' dir='ltr'><strong>exprobratione</strong></span> <span class='ocrx_word' id='word_1_105' title='bbox 742 720 942 758; x_wconf 84' lang='lat' dir='ltr'><strong>abstinebat,</strong></span> <span class='ocrx_word' id='word_1_106' title='bbox 969 720 1083 759; x_wconf 84' lang='lat' dir='ltr'><strong>practer</strong></span> <span class='ocrx_word' id='word_1_107' title='bbox 1109 719 1257 750; x_wconf 78' lang='lat' dir='ltr'><strong>ferociam</strong></span> <span class='ocrx_word' id='word_1_108' title='bbox 1284 721 1384 752; x_wconf 89' lang='lat' dir='ltr'><strong>animi</strong></span> <span class='ocrx_word' id='word_1_109' title='bbox 1398 730 1453 753; x_wconf 75' lang='lat' dir='ltr'><strong>ex-</strong></span> 
     </span>
     <span class='ocr_line' id='line_1_13' title="bbox 121 765 1451 808; baseline 0.004 -13"><span class='ocrx_word' id='word_1_110' title='bbox 121 765 223 795; x_wconf 69' lang='lat' dir='ltr'><strong>trema</strong></span> <span class='ocrx_word' id='word_1_111' title='bbox 237 768 363 797; x_wconf 74' lang='lat' dir='ltr'><strong>senecta</strong></span> <span class='ocrx_word' id='word_1_112' title='bbox 388 768 465 798; x_wconf 90' lang='lat' dir='ltr'><strong>liber</strong></span> <span class='ocrx_word' id='word_1_113' title='bbox 476 767 488 785; x_wconf 78' lang='lat'><strong>³</strong></span> <span class='ocrx_word' id='word_1_114' title='bbox 505 771 537 799; x_wconf 89' lang='lat' dir='ltr'><strong>et</strong></span> <span class='ocrx_word' id='word_1_115' title='bbox 553 770 707 799; x_wconf 86' lang='lat' dir='ltr'><strong>Senecam</strong></span> <span class='ocrx_word' id='word_1_116' title='bbox 722 768 891 808; x_wconf 85' lang='lat' dir='ltr'><strong>increpans</strong></span> <span class='ocrx_word' id='word_1_117' title='bbox 908 780 922 794; x_wconf 87' lang='lat'>«</span> <span class='ocrx_word' id='word_1_118' title='bbox 935 766 1095 797; x_wconf 81' lang='lat' dir='ltr'><strong>insensum</strong></span> <span class='ocrx_word' id='word_1_119' title='bbox 1109 767 1223 797; x_wconf 85' lang='lat' dir='ltr'><strong>amicis</strong></span> <span class='ocrx_word' id='word_1_120' title='bbox 1238 767 1376 807; x_wconf 81' lang='lat' dir='ltr'><strong>Claudii,</strong></span> <span class='ocrx_word' id='word_1_121' title='bbox 1390 768 1451 800; x_wconf 89' lang='lat' dir='ltr'><strong>sub</strong></span> 
     </span>
     <span class='ocr_line' id='line_1_14' title="bbox 124 812 1452 856; baseline 0.005 -14"><span class='ocrx_word' id='word_1_122' title='bbox 124 821 140 836; x_wconf 70' lang='grc' dir='ltr'><strong><em>π</em></strong></span> <span class='ocrx_word' id='word_1_123' title='bbox 157 812 451 852; x_wconf 86' lang='lat' dir='ltr'><strong>quojustissimum</strong></span> <span class='ocrx_word' id='word_1_124' title='bbox 467 816 616 847; x_wconf 81' lang='lat' dir='ltr'><strong>exsilium</strong></span> <span class='ocrx_word' id='word_1_125' title='bbox 634 816 819 856; x_wconf 83' lang='lat' dir='ltr'><strong>pertulisset</strong></span> <span class='ocrx_word' id='word_1_126' title='bbox 834 815 859 846; x_wconf 80' lang='lat'><strong>⁴.</strong></span> <span class='ocrx_word' id='word_1_127' title='bbox 878 814 973 846; x_wconf 86' lang='lat' dir='ltr'><strong>simul</strong></span> <span class='ocrx_word' id='word_1_128' title='bbox 999 814 1114 845; x_wconf 84' lang='lat' dir='ltr'><strong>studiis</strong></span> <span class='ocrx_word' id='word_1_129' title='bbox 1134 814 1290 845; x_wconf 76' lang='lat' dir='ltr'><strong>inertibus</strong></span> <span class='ocrx_word' id='word_1_130' title='bbox 1310 817 1342 847; x_wconf 87' lang='lat' dir='ltr'><strong>et</strong></span> <span class='ocrx_word' id='word_1_131' title='bbox 1361 815 1452 855; x_wconf 85' lang='lat' dir='ltr'><strong>juve·</strong></span> 
     </span>
     <span class='ocr_line' id='line_1_15' title="bbox 123 860 1451 902; baseline 0.004 -14"><span class='ocrx_word' id='word_1_132' title='bbox 123 870 139 885; x_wconf 84' lang='grc'><strong>«</strong></span> <span class='ocrx_word' id='word_1_133' title='bbox 157 867 235 889; x_wconf 91' lang='lat' dir='ltr'><strong>num</strong></span> <span class='ocrx_word' id='word_1_134' title='bbox 253 860 423 900; x_wconf 82' lang='lat' dir='ltr'><strong>imperitiae</strong></span> <span class='ocrx_word' id='word_1_135' title='bbox 436 864 564 893; x_wconf 88' lang='lat' dir='ltr'><strong>suetum</strong></span> <span class='ocrx_word' id='word_1_136' title='bbox 578 863 680 894; x_wconf 87' lang='lat' dir='ltr'><strong>livere</strong></span> <span class='ocrx_word' id='word_1_137' title='bbox 693 863 704 880; x_wconf 72' lang='lat'>⁵</span> <span class='ocrx_word' id='word_1_138' title='bbox 723 863 782 900; x_wconf 81' lang='lat' dir='ltr'><strong>nis,</strong></span> <span class='ocrx_word' id='word_1_139' title='bbox 798 862 854 902; x_wconf 94' lang='lat' dir='ltr'><strong>qui</strong></span> <span class='ocrx_word' id='word_1_140' title='bbox 870 861 1010 892; x_wconf 77' lang='lat' dir='ltr'><strong>vividam</strong></span> <span class='ocrx_word' id='word_1_141' title='bbox 1022 864 1052 892; x_wconf 84' lang='lat' dir='ltr'><strong>ct</strong></span> <span class='ocrx_word' id='word_1_142' title='bbox 1068 861 1284 901; x_wconf 81' lang='lat' dir='ltr'><strong>incorruptam</strong></span> <span class='ocrx_word' id='word_1_143' title='bbox 1300 862 1451 902; x_wconf 82' lang='lat' dir='ltr'><strong>eloquen-</strong></span> 
     </span>
     <span class='ocr_line' id='line_1_16' title="bbox 123 905 1450 949; baseline 0.005 -14"><span class='ocrx_word' id='word_1_144' title='bbox 123 916 139 932; x_wconf 86' lang='lat'>«</span> <span class='ocrx_word' id='word_1_145' title='bbox 155 905 235 936; x_wconf 86' lang='lat' dir='ltr'><strong>tiam</strong></span> <span class='ocrx_word' id='word_1_146' title='bbox 252 907 381 939; x_wconf 84' lang='lat' dir='ltr'><strong>tuendis</strong></span> <span class='ocrx_word' id='word_1_147' title='bbox 395 909 522 941; x_wconf 90' lang='lat' dir='ltr'><strong>civibus</strong></span> <span class='ocrx_word' id='word_1_148' title='bbox 538 911 732 941; x_wconf 81' lang='lat' dir='ltr'><strong>exercerent.</strong></span> <span class='ocrx_word' id='word_1_149' title='bbox 752 919 786 940; x_wconf 89' lang='lat' dir='ltr'><strong>se</strong></span> <span class='ocrx_word' id='word_1_150' title='bbox 800 910 995 949; x_wconf 69' lang='lat' dir='ltr'><strong>quaestorem</strong></span> <span class='ocrx_word' id='word_1_151' title='bbox 1012 908 1188 939; x_wconf 71' lang='lat' dir='ltr'><strong>Germanici</strong></span> <span class='ocrx_word' id='word_1_152' title='bbox 1202 932 1210 945; x_wconf 91' lang='lat'><strong>,</strong></span> <span class='ocrx_word' id='word_1_153' title='bbox 1227 909 1316 939; x_wconf 91' lang='lat' dir='ltr'><strong>illum</strong></span> <span class='ocrx_word' id='word_1_154' title='bbox 1333 909 1450 941; x_wconf 85' lang='lat' dir='ltr'><strong>domus</strong></span> 
     </span>
     <span class='ocr_line' id='line_1_17' title="bbox 123 953 1450 997; baseline 0.004 -14"><span class='ocrx_word' id='word_1_155' title='bbox 123 963 139 977; x_wconf 67' lang='grc' dir='ltr'><strong>π</strong></span> <span class='ocrx_word' id='word_1_156' title='bbox 155 953 224 992; x_wconf 86' lang='lat' dir='ltr'><strong>ejus</strong></span> <span class='ocrx_word' id='word_1_157' title='bbox 249 954 429 987; x_wconf 85' lang='lat' dir='ltr'><strong>adulterum</strong></span> <span class='ocrx_word' id='word_1_158' title='bbox 460 956 592 988; x_wconf 59' lang='lat' dir='ltr'><strong>ruissess.</strong></span> <span class='ocrx_word' id='word_1_159' title='bbox 612 965 651 987; x_wconf 92' lang='lat' dir='ltr'><strong>an</strong></span> <span class='ocrx_word' id='word_1_160' title='bbox 669 956 798 996; x_wconf 84' lang='lat' dir='ltr'><strong>gravius</strong></span> <span class='ocrx_word' id='word_1_161' title='bbox 815 956 1040 987; x_wconf 70' lang='lat' dir='ltr'><strong>mstimamlum</strong></span> <span class='ocrx_word' id='word_1_162' title='bbox 1055 958 1168 995; x_wconf 88' lang='lat' dir='ltr'><strong>sponte</strong></span> <span class='ocrx_word' id='word_1_163' title='bbox 1185 955 1352 993; x_wconf 68' lang='lat' dir='ltr'><strong>litigatoris</strong></span> <span class='ocrx_word' id='word_1_164' title='bbox 1372 966 1450 997; x_wconf 82' lang='lat' dir='ltr'><strong>proe-</strong></span> 
     </span>
     <span class='ocr_line' id='line_1_18' title="bbox 123 1000 1450 1044; baseline 0.005 -15"><span class='ocrx_word' id='word_1_165' title='bbox 123 1011 138 1026; x_wconf 70' lang='grc' dir='ltr'><strong><em>κ</em></strong></span> <span class='ocrx_word' id='word_1_166' title='bbox 156 1000 258 1031; x_wconf 89' lang='lat' dir='ltr'><strong>mium</strong></span> <span class='ocrx_word' id='word_1_167' title='bbox 280 1001 424 1034; x_wconf 82' lang='lat' dir='ltr'><strong>honestae</strong></span> <span class='ocrx_word' id='word_1_168' title='bbox 441 1012 546 1044; x_wconf 85' lang='lat' dir='ltr'><strong>operae</strong></span> <span class='ocrx_word' id='word_1_169' title='bbox 568 1004 717 1043; x_wconf 84' lang='lat' dir='ltr'><strong>assequi,</strong></span> <span class='ocrx_word' id='word_1_170' title='bbox 745 1012 841 1043; x_wconf 86' lang='lat' dir='ltr'><strong>quam</strong></span> <span class='ocrx_word' id='word_1_171' title='bbox 867 1011 1073 1042; x_wconf 70' lang='lat' dir='ltr'><strong>corrumpere</strong></span> <span class='ocrx_word' id='word_1_172' title='bbox 1103 1002 1262 1042; x_wconf 72' lang='lat' dir='ltr'><strong>principes</strong></span> <span class='ocrx_word' id='word_1_173' title='bbox 1290 1002 1450 1036; x_wconf 76' lang='lat' dir='ltr'><strong>seminas?</strong></span> 
     </span>
     <span class='ocr_line' id='line_1_19' title="bbox 122 1048 1448 1090; baseline 0.005 -14"><span class='ocrx_word' id='word_1_174' title='bbox 122 1057 138 1077; x_wconf 72' lang='grc' dir='ltr'><strong>«ι,</strong></span> <span class='ocrx_word' id='word_1_175' title='bbox 156 1055 220 1085; x_wconf 89' lang='lat' dir='ltr'><strong>qua</strong></span> <span class='ocrx_word' id='word_1_176' title='bbox 256 1048 434 1090; x_wconf 83' lang='lat' dir='ltr'><strong>sapientia,</strong></span> <span class='ocrx_word' id='word_1_177' title='bbox 467 1051 585 1090; x_wconf 90' lang='lat' dir='ltr'><strong>quibus</strong></span> <span class='ocrx_word' id='word_1_178' title='bbox 609 1051 873 1090; x_wconf 73' lang='lat' dir='ltr'><strong>pbilosophorum</strong></span> <span class='ocrx_word' id='word_1_179' title='bbox 901 1050 1070 1090; x_wconf 75' lang='lat' dir='ltr'><strong>praeceptis</strong></span> <span class='ocrx_word' id='word_1_180' title='bbox 1094 1049 1176 1080; x_wconf 73' lang='lat' dir='ltr'><strong>intra</strong></span> <span class='ocrx_word' id='word_1_181' title='bbox 1200 1049 1448 1089; x_wconf 80' lang='lat' dir='ltr'><strong>quadriennium</strong></span> 
     </span>
     <span class='ocr_line' id='line_1_20' title="bbox 121 1096 1451 1137; baseline 0.005 -15"><span class='ocrx_word' id='word_1_182' title='bbox 121 1106 137 1121; x_wconf 77' lang='grc' dir='ltr'>α</span> <span class='ocrx_word' id='word_1_183' title='bbox 156 1102 251 1133; x_wconf 80' lang='lat' dir='ltr'><strong>regiae</strong></span> <span class='ocrx_word' id='word_1_184' title='bbox 267 1096 419 1128; x_wconf 77' lang='lat' dir='ltr'><strong>amicitiae</strong></span> <span class='ocrx_word' id='word_1_185' title='bbox 434 1100 483 1128; x_wconf 89' lang='lat' dir='ltr'><strong>ter</strong></span> <span class='ocrx_word' id='word_1_186' title='bbox 498 1098 612 1129; x_wconf 85' lang='lat' dir='ltr'><strong>millies</strong></span> <span class='ocrx_word' id='word_1_187' title='bbox 635 1097 821 1128; x_wconf 82' lang='lat' dir='ltr'><strong>sestertium</strong></span> <span class='ocrx_word' id='word_1_188' title='bbox 836 1096 844 1113; x_wconf 75' lang='lat'>7</span> <span class='ocrx_word' id='word_1_189' title='bbox 864 1096 1066 1137; x_wconf 71' lang='lat' dir='ltr'><strong>paravisset?</strong></span> <span class='ocrx_word' id='word_1_190' title='bbox 1086 1098 1196 1127; x_wconf 61' lang='lat' dir='ltr'><strong>Roma*</strong></span> <span class='ocrx_word' id='word_1_191' title='bbox 1211 1099 1402 1128; x_wconf 71' lang='lat' dir='ltr'><strong>testamenta</strong></span> <span class='ocrx_word' id='word_1_192' title='bbox 1418 1101 1451 1129; x_wconf 86' lang='lat' dir='ltr'><strong>et.</strong></span> 
     </span>
     <span class='ocr_line' id='line_1_21' title="bbox 121 1140 1450 1184; baseline 0.005 -14"><span class='ocrx_word' id='word_1_193' title='bbox 121 1152 136 1166; x_wconf 80' lang='grc' dir='ltr'><strong>ιι</strong></span> <span class='ocrx_word' id='word_1_194' title='bbox 158 1140 254 1171; x_wconf 91' lang='lat' dir='ltr'><strong>orbos</strong></span> <span class='ocrx_word' id='word_1_195' title='bbox 270 1142 359 1173; x_wconf 87' lang='lat' dir='ltr'><strong>velut</strong></span> <span class='ocrx_word' id='word_1_196' title='bbox 375 1144 524 1183; x_wconf 79' lang='lat' dir='ltr'><strong>indagine</strong></span> <span class='ocrx_word' id='word_1_197' title='bbox 537 1144 606 1183; x_wconf 85' lang='lat' dir='ltr'><strong>ejus</strong></span> <span class='ocrx_word' id='word_1_198' title='bbox 620 1144 689 1184; x_wconf 87' lang='lat' dir='ltr'><strong>capi</strong></span> <span class='ocrx_word' id='word_1_199' title='bbox 706 1144 732 1182; x_wconf 73' lang='lat'><strong>³,</strong></span> <span class='ocrx_word' id='word_1_200' title='bbox 755 1143 880 1174; x_wconf 81' lang='lat' dir='ltr'><strong>Italiam</strong></span> <span class='ocrx_word' id='word_1_201' title='bbox 898 1144 927 1174; x_wconf 90' lang='lat' dir='ltr'><strong>et</strong></span> <span class='ocrx_word' id='word_1_202' title='bbox 947 1143 1129 1183; x_wconf 78' lang='lat' dir='ltr'><strong>provincias</strong></span> <span class='ocrx_word' id='word_1_203' title='bbox 1153 1143 1309 1174; x_wconf 82' lang='lat' dir='ltr'><strong>immenso</strong></span> <span class='ocrx_word' id='word_1_204' title='bbox 1329 1144 1450 1176; x_wconf 71' lang='lat' dir='ltr'><strong>[tenore</strong></span> 
     </span>
     <span class='ocr_line' id='line_1_22' title="bbox 119 1185 1448 1231; baseline 0.005 -15"><span class='ocrx_word' id='word_1_205' title='bbox 119 1196 134 1213; x_wconf 62' lang='lat' dir='ltr'><strong>a</strong></span> <span class='ocrx_word' id='word_1_206' title='bbox 153 1185 274 1218; x_wconf 82' lang='lat' dir='ltr'><strong>hauriri</strong></span> <span class='ocrx_word' id='word_1_207' title='bbox 287 1190 312 1219; x_wconf 45' lang='grc' dir='ltr'><strong>θ’.</strong></span> <span class='ocrx_word' id='word_1_208' title='bbox 328 1193 361 1220; x_wconf 91' lang='lat' dir='ltr'><strong>at</strong></span> <span class='ocrx_word' id='word_1_209' title='bbox 377 1190 438 1221; x_wconf 87' lang='lat' dir='ltr'><strong>sibi</strong></span> <span class='ocrx_word' id='word_1_210' title='bbox 456 1191 562 1221; x_wconf 87' lang='lat' dir='ltr'><strong>labore</strong></span> <span class='ocrx_word' id='word_1_211' title='bbox 577 1191 748 1231; x_wconf 79' lang='lat' dir='ltr'><strong>quaesitam</strong></span> <span class='ocrx_word' id='word_1_212' title='bbox 764 1192 795 1221; x_wconf 88' lang='lat' dir='ltr'><strong>et</strong></span> <span class='ocrx_word' id='word_1_213' title='bbox 815 1190 975 1221; x_wconf 88' lang='lat' dir='ltr'><strong>modicam</strong></span> <span class='ocrx_word' id='word_1_214' title='bbox 994 1189 1160 1230; x_wconf 85' lang='lat' dir='ltr'><strong>pecuniam</strong></span> <span class='ocrx_word' id='word_1_215' title='bbox 1172 1199 1239 1221; x_wconf 77' lang='lat' dir='ltr'><strong>esse</strong></span> <span class='ocrx_word' id='word_1_216' title='bbox 1256 1200 1262 1220; x_wconf 93' lang='lat'>:</span> <span class='ocrx_word' id='word_1_217' title='bbox 1277 1190 1448 1231; x_wconf 85' lang='lat' dir='ltr'><strong>crimen¹⁰,</strong></span> 
     </span>
     <span class='ocr_line' id='line_1_23' title="bbox 120 1234 1448 1278; baseline 0.006 -16"><span class='ocrx_word' id='word_1_218' title='bbox 120 1243 135 1257; x_wconf 86' lang='lat'>«</span> <span class='ocrx_word' id='word_1_219' title='bbox 153 1234 330 1272; x_wconf 80' lang='lat' dir='ltr'><strong>periculum</strong></span> <span class='ocrx_word' id='word_1_220' title='bbox 344 1260 352 1275; x_wconf 90' lang='lat'><strong>,</strong></span> <span class='ocrx_word' id='word_1_221' title='bbox 374 1238 482 1268; x_wconf 80' lang='lat' dir='ltr'><strong>onmia</strong></span> <span class='ocrx_word' id='word_1_222' title='bbox 502 1238 609 1278; x_wconf 86' lang='lat' dir='ltr'><strong>potius</strong></span> <span class='ocrx_word' id='word_1_223' title='bbox 624 1238 837 1269; x_wconf 82' lang='lat' dir='ltr'><strong>toleraturum</strong></span> <span class='ocrx_word' id='word_1_224' title='bbox 852 1246 948 1277; x_wconf 83' lang='lat' dir='ltr'><strong>quani</strong></span> <span class='ocrx_word' id='word_1_225' title='bbox 966 1239 1108 1269; x_wconf 80' lang='lat' dir='ltr'><strong>veterem</strong></span> <span class='ocrx_word' id='word_1_226' title='bbox 1126 1246 1163 1268; x_wconf 85' lang='lat' dir='ltr'><strong>ac</strong></span> <span class='ocrx_word' id='word_1_227' title='bbox 1179 1237 1265 1269; x_wconf 79' lang='lat' dir='ltr'><strong>domi</strong></span> <span class='ocrx_word' id='word_1_228' title='bbox 1285 1239 1307 1254; x_wconf 81' lang='lat'><strong>&#39;¹¹</strong></span> <span class='ocrx_word' id='word_1_229' title='bbox 1325 1241 1448 1278; x_wconf 82' lang='lat' dir='ltr'><strong>partam</strong></span> 
     </span>
     <span class='ocr_line' id='line_1_24' title="bbox 120 1280 943 1320; baseline 0.006 -10"><span class='ocrx_word' id='word_1_230' title='bbox 120 1292 135 1306; x_wconf 77' lang='grc' dir='ltr'>α</span> <span class='ocrx_word' id='word_1_231' title='bbox 153 1280 370 1320; x_wconf 75' lang='lat' dir='ltr'><strong>dignationem</strong></span> <span class='ocrx_word' id='word_1_232' title='bbox 389 1285 506 1315; x_wconf 79' lang='lat' dir='ltr'><strong>subitae</strong></span> <span class='ocrx_word' id='word_1_233' title='bbox 520 1285 666 1316; x_wconf 78' lang='lat' dir='ltr'><strong>felicitati</strong></span> <span class='ocrx_word' id='word_1_234' title='bbox 681 1285 910 1316; x_wconf 83' lang='lat' dir='ltr'><strong>summitteret.</strong></span> <span class='ocrx_word' id='word_1_235' title='bbox 928 1298 943 1311; x_wconf 87' lang='lat'>»</span> 
     </span>
    </p>

    <p class='ocr_par' dir='ltr' id='par_1_4' title="bbox 108 1331 1450 2027">
     <span class='ocr_line' id='line_1_25' title="bbox 159 1331 1450 1372; baseline 0.005 -14"><span class='ocrx_word' id='word_1_236' title='bbox 159 1332 267 1359; x_wconf 83' lang='lat' dir='ltr'><strong>XLIII.</strong></span> <span class='ocrx_word' id='word_1_237' title='bbox 292 1334 356 1361; x_wconf 78' lang='lat' dir='ltr'><strong>Nec</strong></span> <span class='ocrx_word' id='word_1_238' title='bbox 375 1331 507 1363; x_wconf 85' lang='lat' dir='ltr'><strong>deerant</strong></span> <span class='ocrx_word' id='word_1_239' title='bbox 521 1333 576 1372; x_wconf 88' lang='lat' dir='ltr'><strong>qui</strong></span> <span class='ocrx_word' id='word_1_240' title='bbox 595 1332 664 1364; x_wconf 80' lang='lat' dir='ltr'><strong>baec</strong></span> <span class='ocrx_word' id='word_1_241' title='bbox 678 1332 794 1363; x_wconf 79' lang='lat' dir='ltr'><strong>iisdem</strong></span> <span class='ocrx_word' id='word_1_242' title='bbox 810 1332 914 1363; x_wconf 77' lang='lat' dir='ltr'><strong>verbis</strong></span> <span class='ocrx_word' id='word_1_243' title='bbox 933 1332 988 1362; x_wconf 86' lang='lat' dir='ltr'><strong>aut</strong></span> <span class='ocrx_word' id='word_1_244' title='bbox 1007 1340 1098 1362; x_wconf 81' lang='lat' dir='ltr'><strong>versa</strong></span> <span class='ocrx_word' id='word_1_245' title='bbox 1117 1332 1148 1362; x_wconf 94' lang='lat' dir='ltr'><strong>in</strong></span> <span class='ocrx_word' id='word_1_246' title='bbox 1167 1332 1307 1363; x_wconf 77' lang='lat' dir='ltr'><strong>deterius</strong></span> <span class='ocrx_word' id='word_1_247' title='bbox 1320 1336 1450 1365; x_wconf 79' lang='lat' dir='ltr'><strong>Senecae</strong></span> 
     </span>
     <span class='ocr_line' id='line_1_26' title="bbox 119 1373 1448 1419; baseline 0.007 -17"><span class='ocrx_word' id='word_1_248' title='bbox 119 1373 291 1406; x_wconf 72' lang='lat' dir='ltr'><strong>deferrent.</strong></span> <span class='ocrx_word' id='word_1_249' title='bbox 318 1379 499 1418; x_wconf 81' lang='lat' dir='ltr'><strong>repertique</strong></span> <span class='ocrx_word' id='word_1_250' title='bbox 519 1382 722 1411; x_wconf 82' lang='lat' dir='ltr'><strong>accusatores</strong></span> <span class='ocrx_word' id='word_1_251' title='bbox 739 1379 892 1419; x_wconf 69' lang='lat' dir='ltr'><strong>direptos</strong></span> <span class='ocrx_word' id='word_1_252' title='bbox 905 1381 1008 1410; x_wconf 74' lang='lat' dir='ltr'><strong>socios</strong></span> <span class='ocrx_word' id='word_1_253' title='bbox 1021 1403 1028 1416; x_wconf 94' lang='lat'><strong>‚</strong></span> <span class='ocrx_word' id='word_1_254' title='bbox 1047 1387 1153 1418; x_wconf 78' lang='lat' dir='ltr'><strong>quum</strong></span> <span class='ocrx_word' id='word_1_255' title='bbox 1169 1380 1296 1410; x_wconf 66' lang='lat' dir='ltr'><strong>Suilms</strong></span> <span class='ocrx_word' id='word_1_256' title='bbox 1312 1382 1448 1419; x_wconf 66' lang='lat' dir='ltr'><strong>provin-</strong></span> 
     </span>
     <span class='ocr_line' id='line_1_27' title="bbox 117 1423 1446 1466; baseline 0.005 -15"><span class='ocrx_word' id='word_1_257' title='bbox 117 1423 205 1452; x_wconf 76' lang='lat' dir='ltr'><strong>ciam</strong></span> <span class='ocrx_word' id='word_1_258' title='bbox 221 1424 333 1453; x_wconf 73' lang='lat' dir='ltr'><strong>Asiam</strong></span> <span class='ocrx_word' id='word_1_259' title='bbox 351 1427 501 1465; x_wconf 66' lang='lat' dir='ltr'><strong>reqeret,</strong></span> <span class='ocrx_word' id='word_1_260' title='bbox 529 1435 570 1457; x_wconf 81' lang='lat' dir='ltr'><strong>ac</strong></span> <span class='ocrx_word' id='word_1_261' title='bbox 589 1427 745 1466; x_wconf 60' lang='lat' dir='ltr'><strong>publicat&gt;</strong></span> <span class='ocrx_word' id='word_1_262' title='bbox 769 1428 926 1465; x_wconf 74' lang='lat' dir='ltr'><strong>pecumoe</strong></span> <span class='ocrx_word' id='word_1_263' title='bbox 949 1425 1151 1466; x_wconf 75' lang='lat' dir='ltr'><strong>peculatum</strong></span> <span class='ocrx_word' id='word_1_264' title='bbox 1169 1426 1321 1457; x_wconf 79' lang='lat' dir='ltr'><strong>detulere.</strong></span> <span class='ocrx_word' id='word_1_265' title='bbox 1349 1435 1446 1466; x_wconf 70' lang='lat' dir='ltr'><strong>mox,</strong></span> 
     </span>
     <span class='ocr_line' id='line_1_28' title="bbox 117 1468 1450 1513; baseline 0.006 -16"><span class='ocrx_word' id='word_1_266' title='bbox 117 1468 448 1508; x_wconf 87' lang='lat' dir='ltr'><strong>quiainquisitionem</strong></span> <span class='ocrx_word' id='word_1_267' title='bbox 465 1481 604 1503; x_wconf 87' lang='lat' dir='ltr'><strong>annuam</strong></span> <span class='ocrx_word' id='word_1_268' title='bbox 621 1474 882 1513; x_wconf 81' lang='lat' dir='ltr'><strong>impetraverant,</strong></span> <span class='ocrx_word' id='word_1_269' title='bbox 899 1473 1029 1504; x_wconf 80' lang='lat' dir='ltr'><strong>brevius</strong></span> <span class='ocrx_word' id='word_1_270' title='bbox 1044 1473 1148 1503; x_wconf 82' lang='lat' dir='ltr'><strong>visum</strong></span> <span class='ocrx_word' id='word_1_271' title='bbox 1166 1472 1350 1504; x_wconf 76' lang='lat' dir='ltr'><strong>suburbana</strong></span> <span class='ocrx_word' id='word_1_272' title='bbox 1368 1473 1372 1490; x_wconf 89' lang='lat'>¹</span> <span class='ocrx_word' id='word_1_273' title='bbox 1388 1474 1450 1505; x_wconf 85' lang='lat' dir='ltr'><strong>cri-</strong></span> 
     </span>
     <span class='ocr_line' id='line_1_29' title="bbox 116 1514 1446 1560; baseline 0.006 -16"><span class='ocrx_word' id='word_1_274' title='bbox 116 1514 204 1546; x_wconf 90' lang='lat' dir='ltr'><strong>mina</strong></span> <span class='ocrx_word' id='word_1_275' title='bbox 220 1516 335 1556; x_wconf 82' lang='lat' dir='ltr'><strong>incipi,</strong></span> <span class='ocrx_word' id='word_1_276' title='bbox 365 1528 503 1558; x_wconf 88' lang='lat' dir='ltr'><strong>quorum</strong></span> <span class='ocrx_word' id='word_1_277' title='bbox 529 1520 616 1550; x_wconf 91' lang='lat' dir='ltr'><strong>obvii</strong></span> <span class='ocrx_word' id='word_1_278' title='bbox 636 1521 733 1551; x_wconf 86' lang='lat' dir='ltr'><strong>testes</strong></span> <span class='ocrx_word' id='word_1_279' title='bbox 763 1522 864 1551; x_wconf 88' lang='lat' dir='ltr'><strong>erant.</strong></span> <span class='ocrx_word' id='word_1_280' title='bbox 882 1520 902 1550; x_wconf 90' lang='lat' dir='ltr'><strong>ii</strong></span> <span class='ocrx_word' id='word_1_281' title='bbox 928 1519 1137 1551; x_wconf 81' lang='lat' dir='ltr'><strong>«acerbitate</strong></span> <span class='ocrx_word' id='word_1_282' title='bbox 1164 1520 1378 1551; x_wconf 82' lang='lat' dir='ltr'><strong>accusationis</strong></span> <span class='ocrx_word' id='word_1_283' title='bbox 1406 1525 1446 1560; x_wconf 89' lang='lat' dir='ltr'><strong>Q.</strong></span> 
     </span>
     <span class='ocr_line' id='line_1_30' title="bbox 118 1564 1447 1605; baseline 0.006 -14"><span class='ocrx_word' id='word_1_284' title='bbox 118 1572 134 1588; x_wconf 71' lang='grc' dir='ltr'><strong>ιι</strong></span> <span class='ocrx_word' id='word_1_285' title='bbox 152 1564 364 1602; x_wconf 88' lang='lat' dir='ltr'><strong>Pomponium</strong></span> <span class='ocrx_word' id='word_1_286' title='bbox 389 1565 429 1596; x_wconf 90' lang='lat' dir='ltr'><strong>ad</strong></span> <span class='ocrx_word' id='word_1_287' title='bbox 458 1567 685 1598; x_wconf 83' lang='lat' dir='ltr'><strong>necessitatem</strong></span> <span class='ocrx_word' id='word_1_288' title='bbox 714 1567 789 1598; x_wconf 87' lang='lat' dir='ltr'><strong>belli</strong></span> <span class='ocrx_word' id='word_1_289' title='bbox 813 1567 916 1598; x_wconf 89' lang='lat' dir='ltr'><strong>civilis</strong></span> <span class='ocrx_word' id='word_1_290' title='bbox 931 1566 942 1584; x_wconf 85' lang='lat'><strong>²</strong></span> <span class='ocrx_word' id='word_1_291' title='bbox 970 1567 1157 1604; x_wconf 80' lang='lat' dir='ltr'><strong>detrusum,</strong></span> <span class='ocrx_word' id='word_1_292' title='bbox 1188 1566 1323 1605; x_wconf 68' lang='lat' dir='ltr'><strong>Julian»,</strong></span> <span class='ocrx_word' id='word_1_293' title='bbox 1352 1567 1447 1599; x_wconf 89' lang='lat' dir='ltr'><strong>Drusi</strong></span> 
     </span>
     <span class='ocr_line' id='line_1_31' title="bbox 117 1608 1447 1653; baseline 0.006 -15"><span class='ocrx_word' id='word_1_294' title='bbox 117 1619 134 1634; x_wconf 87' lang='lat'>«</span> <span class='ocrx_word' id='word_1_295' title='bbox 151 1608 250 1640; x_wconf 76' lang='lat' dir='ltr'><strong>tiliam</strong></span> <span class='ocrx_word' id='word_1_296' title='bbox 270 1610 296 1648; x_wconf 71' lang='lat'><strong>³,</strong></span> <span class='ocrx_word' id='word_1_297' title='bbox 317 1611 533 1652; x_wconf 86' lang='lat' dir='ltr'><strong>Sabinamque</strong></span> <span class='ocrx_word' id='word_1_298' title='bbox 550 1617 723 1653; x_wconf 77' lang='lat' dir='ltr'><strong>Poppaeam</strong></span> <span class='ocrx_word' id='word_1_299' title='bbox 737 1613 777 1644; x_wconf 88' lang='lat' dir='ltr'><strong>ad</strong></span> <span class='ocrx_word' id='word_1_300' title='bbox 799 1615 936 1644; x_wconf 85' lang='lat' dir='ltr'><strong>mortem</strong></span> <span class='ocrx_word' id='word_1_301' title='bbox 961 1614 1048 1643; x_wconf 82' lang='lat' dir='ltr'><strong>actas</strong></span> <span class='ocrx_word' id='word_1_302' title='bbox 1061 1636 1069 1651; x_wconf 88' lang='lat'><strong>,</strong></span> <span class='ocrx_word' id='word_1_303' title='bbox 1091 1614 1122 1643; x_wconf 87' lang='lat' dir='ltr'><strong>et</strong></span> <span class='ocrx_word' id='word_1_304' title='bbox 1147 1613 1310 1644; x_wconf 89' lang='lat' dir='ltr'><strong>Valerium</strong></span> <span class='ocrx_word' id='word_1_305' title='bbox 1330 1614 1447 1646; x_wconf 85' lang='lat' dir='ltr'><strong>Asiati-</strong></span> 
     </span>
     <span class='ocr_line' id='line_1_32' title="bbox 118 1657 1445 1700; baseline 0.005 -15"><span class='ocrx_word' id='word_1_306' title='bbox 118 1666 134 1681; x_wconf 79' lang='lat'><em>«</em></span> <span class='ocrx_word' id='word_1_307' title='bbox 150 1663 224 1686; x_wconf 85' lang='lat' dir='ltr'><strong>cum</strong></span> <span class='ocrx_word' id='word_1_308' title='bbox 241 1657 268 1694; x_wconf 75' lang='lat'><strong>⁴,</strong></span> <span class='ocrx_word' id='word_1_309' title='bbox 292 1658 425 1689; x_wconf 90' lang='lat' dir='ltr'><strong>Lusium</strong></span> <span class='ocrx_word' id='word_1_310' title='bbox 458 1662 687 1699; x_wconf 85' lang='lat' dir='ltr'><strong>Saturninum,</strong></span> <span class='ocrx_word' id='word_1_311' title='bbox 717 1660 903 1691; x_wconf 87' lang='lat' dir='ltr'><strong>Cornelium</strong></span> <span class='ocrx_word' id='word_1_312' title='bbox 935 1663 1060 1699; x_wconf 88' lang='lat' dir='ltr'><strong>Lupum</strong></span> <span class='ocrx_word' id='word_1_313' title='bbox 1087 1659 1329 1691; x_wconf 82' lang='lat' dir='ltr'><strong>circumventos</strong></span> <span class='ocrx_word' id='word_1_314' title='bbox 1344 1672 1352 1699; x_wconf 91' lang='lat'>;</span> <span class='ocrx_word' id='word_1_315' title='bbox 1377 1662 1445 1700; x_wconf 89' lang='lat' dir='ltr'><strong>jam</strong></span> 
     </span>
     <span class='ocr_line' id='line_1_33' title="bbox 117 1703 1443 1746; baseline 0.003 -14"><span class='ocrx_word' id='word_1_316' title='bbox 117 1712 133 1726; x_wconf 71' lang='grc' dir='ltr'><strong><em>κ</em></strong></span> <span class='ocrx_word' id='word_1_317' title='bbox 150 1703 295 1741; x_wconf 85' lang='lat' dir='ltr'><strong>equitum</strong></span> <span class='ocrx_word' id='word_1_318' title='bbox 310 1709 529 1737; x_wconf 85' lang='lat' dir='ltr'><strong>Romanorum</strong></span> <span class='ocrx_word' id='word_1_319' title='bbox 546 1707 672 1746; x_wconf 82' lang='lat' dir='ltr'><strong>agmina</strong></span> <span class='ocrx_word' id='word_1_320' title='bbox 696 1707 847 1737; x_wconf 86' lang='lat' dir='ltr'><strong>damnata</strong></span> <span class='ocrx_word' id='word_1_321' title='bbox 864 1707 874 1724; x_wconf 77' lang='lat'><strong>⁵</strong></span> <span class='ocrx_word' id='word_1_322' title='bbox 891 1715 1085 1745; x_wconf 87' lang='lat' dir='ltr'><strong>omnemque</strong></span> <span class='ocrx_word' id='word_1_323' title='bbox 1105 1706 1228 1736; x_wconf 81' lang='lat' dir='ltr'><strong>Claudii</strong></span> <span class='ocrx_word' id='word_1_324' title='bbox 1251 1707 1411 1738; x_wconf 61' lang='lat' dir='ltr'><strong>saevitiam</strong></span> <span class='ocrx_word' id='word_1_325' title='bbox 1426 1721 1443 1736; x_wconf 85' lang='lat'>»</span> 
     </span>
     <span class='ocr_line' id='line_1_34' title="bbox 115 1749 1446 1794; baseline 0.003 -14"><span class='ocrx_word' id='word_1_326' title='bbox 115 1749 214 1780; x_wconf 90' lang='lat' dir='ltr'><strong>Suilio</strong></span> <span class='ocrx_word' id='word_1_327' title='bbox 228 1750 442 1790; x_wconf 85' lang='lat' dir='ltr'><strong>objectabant.</strong></span> <span class='ocrx_word' id='word_1_328' title='bbox 463 1754 514 1784; x_wconf 88' lang='lat' dir='ltr'><strong>ille</strong></span> <span class='ocrx_word' id='word_1_329' title='bbox 529 1753 620 1785; x_wconf 60' lang='lat' dir='ltr'><strong>nihil</strong></span> <span class='ocrx_word' id='word_1_330' title='bbox 635 1762 678 1784; x_wconf 66' lang='lat' dir='ltr'><strong>cat</strong></span> <span class='ocrx_word' id='word_1_331' title='bbox 693 1753 745 1784; x_wconf 70' lang='lat' dir='ltr'><strong>leis</strong></span> <span class='ocrx_word' id='word_1_332' title='bbox 758 1756 877 1793; x_wconf 79' lang='lat' dir='ltr'><strong>sponte</strong></span> <span class='ocrx_word' id='word_1_333' title='bbox 902 1754 1100 1792; x_wconf 74' lang='lat' dir='ltr'><strong>susceptum</strong></span> <span class='ocrx_word' id='word_1_334' title='bbox 1111 1777 1118 1791; x_wconf 96' lang='lat'><strong>,</strong></span> <span class='ocrx_word' id='word_1_335' title='bbox 1137 1753 1196 1783; x_wconf 76' lang='lat' dir='ltr'><strong>secl</strong></span> <span class='ocrx_word' id='word_1_336' title='bbox 1213 1755 1368 1793; x_wconf 71' lang='lat' dir='ltr'><strong>Principz&#39;</strong></span> <span class='ocrx_word' id='word_1_337' title='bbox 1382 1763 1446 1794; x_wconf 83' lang='lat' dir='ltr'><strong>pa-</strong></span> 
     </span>
     <span class='ocr_line' id='line_1_35' title="bbox 115 1797 1445 1840; baseline 0.005 -15"><span class='ocrx_word' id='word_1_338' title='bbox 115 1797 225 1827; x_wconf 72' lang='lat' dir='ltr'><strong>ruisse</strong></span> <span class='ocrx_word' id='word_1_339' title='bbox 242 1797 469 1839; x_wconf 54' lang='lat' dir='ltr'><strong>desendebaff,</strong></span> <span class='ocrx_word' id='word_1_340' title='bbox 496 1800 599 1831; x_wconf 88' lang='lat' dir='ltr'><strong>donec</strong></span> <span class='ocrx_word' id='word_1_341' title='bbox 621 1809 692 1831; x_wconf 82' lang='lat' dir='ltr'><strong>eam</strong></span> <span class='ocrx_word' id='word_1_342' title='bbox 714 1801 895 1831; x_wconf 85' lang='lat' dir='ltr'><strong>orationem</strong></span> <span class='ocrx_word' id='word_1_343' title='bbox 915 1803 1019 1831; x_wconf 86' lang='lat' dir='ltr'><strong>Caesar</strong></span> <span class='ocrx_word' id='word_1_344' title='bbox 1037 1799 1202 1836; x_wconf 87' lang='lat' dir='ltr'><strong>cohibuit,</strong></span> <span class='ocrx_word' id='word_1_345' title='bbox 1231 1803 1445 1840; x_wconf 75' lang='lat' dir='ltr'><strong>compertum</strong></span> 
     </span>
     <span class='ocr_line' id='line_1_36' title="bbox 114 1841 1447 1886; baseline 0.006 -15"><span class='ocrx_word' id='word_1_346' title='bbox 114 1841 179 1872; x_wconf 67' lang='lat' dir='ltr'><strong>sthi</strong></span> <span class='ocrx_word' id='word_1_347' title='bbox 194 1844 333 1876; x_wconf 78' lang='lat' dir='ltr'><strong>referens</strong></span> <span class='ocrx_word' id='word_1_348' title='bbox 350 1855 393 1877; x_wconf 74' lang='lat' dir='ltr'><strong>ex</strong></span> <span class='ocrx_word' id='word_1_349' title='bbox 409 1849 667 1878; x_wconf 69' lang='lat' dir='ltr'><strong>commentariis</strong></span> <span class='ocrx_word' id='word_1_350' title='bbox 685 1849 804 1886; x_wconf 76' lang='lat' dir='ltr'><strong>patris</strong></span> <span class='ocrx_word' id='word_1_351' title='bbox 827 1848 899 1886; x_wconf 76' lang='lat' dir='ltr'><strong>sut,</strong></span> <span class='ocrx_word' id='word_1_352' title='bbox 923 1847 1064 1877; x_wconf 78' lang='lat' dir='ltr'><strong>nullam</strong></span> <span class='ocrx_word' id='word_1_353' title='bbox 1088 1847 1296 1886; x_wconf 75' lang='lat' dir='ltr'><strong>cujusquam</strong></span> <span class='ocrx_word' id='word_1_354' title='bbox 1311 1855 1447 1879; x_wconf 81' lang='lat' dir='ltr'><strong>accusa-</strong></span> 
     </span>
     <span class='ocr_line' id='line_1_37' title="bbox 114 1890 1444 1933; baseline 0.005 -14"><span class='ocrx_word' id='word_1_355' title='bbox 114 1890 239 1921; x_wconf 73' lang='lat' dir='ltr'><strong>tionem</strong></span> <span class='ocrx_word' id='word_1_356' title='bbox 251 1892 294 1922; x_wconf 79' lang='lat' dir='ltr'><strong>ab</strong></span> <span class='ocrx_word' id='word_1_357' title='bbox 309 1901 345 1923; x_wconf 82' lang='lat' dir='ltr'><strong>eo</strong></span> <span class='ocrx_word' id='word_1_358' title='bbox 356 1896 523 1925; x_wconf 76' lang='lat' dir='ltr'><strong>coactam.</strong></span> <span class='ocrx_word' id='word_1_359' title='bbox 553 1897 621 1925; x_wconf 89' lang='lat' dir='ltr'><strong>tum</strong></span> <span class='ocrx_word' id='word_1_360' title='bbox 629 1895 732 1933; x_wconf 74' lang='lat' dir='ltr'><strong>jzcssa</strong></span> <span class='ocrx_word' id='word_1_361' title='bbox 745 1894 945 1925; x_wconf 73' lang='lat' dir='ltr'><strong>Messalinoe</strong></span> <span class='ocrx_word' id='word_1_362' title='bbox 963 1893 1123 1933; x_wconf 85' lang='lat' dir='ltr'><strong>praetendi</strong></span> <span class='ocrx_word' id='word_1_363' title='bbox 1150 1895 1181 1924; x_wconf 86' lang='lat' dir='ltr'><strong>et</strong></span> <span class='ocrx_word' id='word_1_364' title='bbox 1204 1893 1310 1925; x_wconf 86' lang='lat' dir='ltr'><strong>labare</strong></span> <span class='ocrx_word' id='word_1_365' title='bbox 1324 1893 1444 1926; x_wconf 86' lang='lat' dir='ltr'><strong>defen-</strong></span> 
     </span>
     <span class='ocr_line' id='line_1_38' title="bbox 114 1935 1445 1981; baseline 0.006 -16"><span class='ocrx_word' id='word_1_366' title='bbox 114 1935 182 1966; x_wconf 88' lang='lat' dir='ltr'><strong>sio:</strong></span> <span class='ocrx_word' id='word_1_367' title='bbox 200 1946 263 1969; x_wconf 75' lang='lat' dir='ltr'><strong>cur</strong></span> <span class='ocrx_word' id='word_1_368' title='bbox 276 1941 367 1970; x_wconf 74' lang='lat' dir='ltr'><strong>emm</strong></span> <span class='ocrx_word' id='word_1_369' title='bbox 378 1943 546 1972; x_wconf 72' lang='lat' dir='ltr'><strong>neminem</strong></span> <span class='ocrx_word' id='word_1_370' title='bbox 559 1942 670 1972; x_wconf 78' lang='lat' dir='ltr'><strong>allum</strong></span> <span class='ocrx_word' id='word_1_371' title='bbox 681 1941 864 1975; x_wconf 81' lang='lat' dir='ltr'><strong>delectum,</strong></span> <span class='ocrx_word' id='word_1_372' title='bbox 878 1941 937 1981; x_wconf 80' lang='lat' dir='ltr'><strong>qm&#39;</strong></span> <span class='ocrx_word' id='word_1_373' title='bbox 953 1941 1121 1978; x_wconf 55' lang='lat' dir='ltr'><strong>saevienti,</strong></span> <span class='ocrx_word' id='word_1_374' title='bbox 1133 1941 1316 1980; x_wconf 51' lang='lat' dir='ltr'><strong>{inpudicos</strong></span> <span class='ocrx_word' id='word_1_375' title='bbox 1333 1950 1445 1973; x_wconf 76' lang='lat' dir='ltr'><strong>vocem</strong></span> 
     </span>
     <span class='ocr_line' id='line_1_39' title="bbox 108 1984 1444 2027; baseline 0.004 -13"><span class='ocrx_word' id='word_1_376' title='bbox 108 1984 283 2022; x_wconf 66' lang='lat' dir='ltr'><strong>praeberet</strong></span> <span class='ocrx_word' id='word_1_377' title='bbox 298 1990 316 2017; x_wconf 63' lang='lat' dir='ltr'><strong>.ss</strong></span> <span class='ocrx_word' id='word_1_378' title='bbox 331 1988 529 2027; x_wconf 70' lang='lat' dir='ltr'><strong>puniendos</strong></span> <span class='ocrx_word' id='word_1_379' title='bbox 544 1997 666 2020; x_wconf 76' lang='lat' dir='ltr'><strong>rerum</strong></span> <span class='ocrx_word' id='word_1_380' title='bbox 676 1989 850 2019; x_wconf 62' lang='lat' dir='ltr'><strong>atrocium</strong></span> <span class='ocrx_word' id='word_1_381' title='bbox 863 1988 1038 2018; x_wconf 69' lang='lat' dir='ltr'><strong>ministros</strong></span> <span class='ocrx_word' id='word_1_382' title='bbox 1048 2011 1058 2026; x_wconf 91' lang='lat'><strong>,</strong></span> <span class='ocrx_word' id='word_1_383' title='bbox 1073 1987 1132 2018; x_wconf 73' lang='lat' dir='ltr'><strong>um·</strong></span> <span class='ocrx_word' id='word_1_384' title='bbox 1144 1989 1262 2027; x_wconf 73' lang='lat' dir='ltr'><strong>pretia</strong></span> <span class='ocrx_word' id='word_1_385' title='bbox 1275 1988 1444 2020; x_wconf 80' lang='lat' dir='ltr'><strong>scelerum</strong></span> 
     </span>
    </p>
   </div>
   <div class='ocr_carea' id='block_1_3' title="bbox 112 2079 1442 2459">
    <p class='ocr_par' dir='ltr' id='par_1_5' title="bbox 112 2079 1442 2357">
     <span class='ocr_line' id='line_1_40' title="bbox 142 2079 1442 2110; baseline 0.003 -9"><span class='ocrx_word' id='word_1_386' title='bbox 142 2079 221 2102; x_wconf 80' lang='lat' dir='ltr'><strong>XLII.</strong></span> <span class='ocrx_word' id='word_1_387' title='bbox 243 2085 260 2103; x_wconf 88' lang='grc' dir='ltr'><strong>ι.</strong></span> <span class='ocrx_word' id='word_1_388' title='bbox 277 2081 304 2102; x_wconf 88' lang='lat' dir='ltr'><strong>V.</strong></span> <span class='ocrx_word' id='word_1_389' title='bbox 322 2081 367 2110; x_wconf 84' lang='lat' dir='ltr'><strong>IV,</strong></span> <span class='ocrx_word' id='word_1_390' title='bbox 387 2087 426 2106; x_wconf 72' lang='lat' dir='ltr'><strong>m.</strong></span> <span class='ocrx_word' id='word_1_391' title='bbox 442 2095 470 2099; x_wconf 87' lang='lat'><strong>—-</strong></span> <span class='ocrx_word' id='word_1_392' title='bbox 493 2087 515 2106; x_wconf 83' lang='lat'><strong>2.</strong></span> <span class='ocrx_word' id='word_1_393' title='bbox 537 2083 567 2105; x_wconf 86' lang='lat' dir='ltr'><strong>V.</strong></span> <span class='ocrx_word' id='word_1_394' title='bbox 581 2082 633 2109; x_wconf 87' lang='lat' dir='ltr'><strong>XI,</strong></span> <span class='ocrx_word' id='word_1_395' title='bbox 648 2087 662 2105; x_wconf 73' lang='lat'>5</span> <span class='ocrx_word' id='word_1_396' title='bbox 678 2083 706 2105; x_wconf 85' lang='lat' dir='ltr'><strong>et</strong></span> <span class='ocrx_word' id='word_1_397' title='bbox 722 2082 801 2110; x_wconf 85' lang='lat' dir='ltr'><strong>XIII,</strong></span> <span class='ocrx_word' id='word_1_398' title='bbox 818 2086 840 2105; x_wconf 74' lang='lat' dir='ltr'><strong>s.</strong></span> <span class='ocrx_word' id='word_1_399' title='bbox 854 2093 883 2097; x_wconf 95' lang='lat'><em>-</em></span> <span class='ocrx_word' id='word_1_400' title='bbox 896 2086 916 2104; x_wconf 75' lang='lat'><strong>5.</strong></span> <span class='ocrx_word' id='word_1_401' title='bbox 937 2080 1026 2104; x_wconf 87' lang='lat' dir='ltr'><strong>Liberi</strong></span> <span class='ocrx_word' id='word_1_402' title='bbox 1042 2082 1107 2105; x_wconf 85' lang='lat' dir='ltr'><strong>oris.</strong></span> <span class='ocrx_word' id='word_1_403' title='bbox 1126 2086 1186 2104; x_wconf 67' lang='grc'><strong>-4,</strong></span> <span class='ocrx_word' id='word_1_404' title='bbox 1207 2081 1235 2104; x_wconf 92' lang='lat' dir='ltr'><strong>V.</strong></span> <span class='ocrx_word' id='word_1_405' title='bbox 1254 2081 1287 2104; x_wconf 89' lang='lat' dir='ltr'><strong>ad</strong></span> <span class='ocrx_word' id='word_1_406' title='bbox 1299 2081 1360 2110; x_wconf 83' lang='lat' dir='ltr'><strong>XII,</strong></span> <span class='ocrx_word' id='word_1_407' title='bbox 1379 2088 1400 2105; x_wconf 85' lang='lat'><strong>8.</strong></span> <span class='ocrx_word' id='word_1_408' title='bbox 1415 2096 1442 2099; x_wconf 98' lang='lat'><strong>—</strong></span> 
     </span>
     <span class='ocr_line' id='line_1_41' title="bbox 112 2114 1441 2146; baseline 0.005 -10"><span class='ocrx_word' id='word_1_409' title='bbox 112 2119 136 2137; x_wconf 74' lang='lat'><strong>5.</strong></span> <span class='ocrx_word' id='word_1_410' title='bbox 154 2114 286 2137; x_wconf 80' lang='lat' dir='ltr'><strong>Invidere.</strong></span> <span class='ocrx_word' id='word_1_411' title='bbox 300 2129 326 2132; x_wconf 65' lang='lat'><em>—</em></span> <span class='ocrx_word' id='word_1_412' title='bbox 339 2121 353 2139; x_wconf 75' lang='lat' dir='ltr'><strong>e</strong></span> <span class='ocrx_word' id='word_1_413' title='bbox 379 2118 566 2141; x_wconf 57' lang='lat' dir='ltr'><strong>,accusabatur</strong></span> <span class='ocrx_word' id='word_1_414' title='bbox 579 2119 681 2141; x_wconf 80' lang='lat' dir='ltr'><strong>Seneca</strong></span> <span class='ocrx_word' id='word_1_415' title='bbox 695 2117 785 2146; x_wconf 80' lang='lat' dir='ltr'><strong>Juliae,</strong></span> <span class='ocrx_word' id='word_1_416' title='bbox 803 2117 862 2140; x_wconf 86' lang='lat' dir='ltr'><strong>filiae</strong></span> <span class='ocrx_word' id='word_1_417' title='bbox 876 2117 1036 2144; x_wconf 84' lang='lat' dir='ltr'><strong>Germanici,</strong></span> <span class='ocrx_word' id='word_1_418' title='bbox 1052 2116 1183 2139; x_wconf 82' lang='lat' dir='ltr'><strong>adulteria</strong></span> <span class='ocrx_word' id='word_1_419' title='bbox 1208 2116 1366 2145; x_wconf 76' lang='lat' dir='ltr'><strong>adjuvasse;</strong></span> <span class='ocrx_word' id='word_1_420' title='bbox 1386 2118 1441 2142; x_wconf 65' lang='lat' dir='ltr'><strong>lucc</strong></span> 
     </span>
     <span class='ocr_line' id='line_1_42' title="bbox 114 2150 1441 2182; baseline 0.002 -10"><span class='ocrx_word' id='word_1_421' title='bbox 114 2155 194 2172; x_wconf 81' lang='lat' dir='ltr'><strong>causa</strong></span> <span class='ocrx_word' id='word_1_422' title='bbox 207 2150 290 2173; x_wconf 72' lang='lat' dir='ltr'><strong>exsilii</strong></span> <span class='ocrx_word' id='word_1_423' title='bbox 305 2152 362 2179; x_wconf 78' lang='lat' dir='ltr'><strong>ejus</strong></span> <span class='ocrx_word' id='word_1_424' title='bbox 376 2152 401 2175; x_wconf 91' lang='lat' dir='ltr'><strong>in</strong></span> <span class='ocrx_word' id='word_1_425' title='bbox 416 2154 561 2177; x_wconf 84' lang='lat' dir='ltr'><strong>Corsica.—</strong></span> <span class='ocrx_word' id='word_1_426' title='bbox 575 2158 597 2177; x_wconf 89' lang='lat'><strong>7.</strong></span> <span class='ocrx_word' id='word_1_427' title='bbox 610 2152 795 2182; x_wconf 69' lang='lat' dir='ltr'><strong>5:3‚143.000sr.</strong></span> <span class='ocrx_word' id='word_1_428' title='bbox 808 2165 835 2168; x_wconf 91' lang='lat'><em>-</em></span> <span class='ocrx_word' id='word_1_429' title='bbox 845 2151 1106 2180; x_wconf 68' lang='lat' dir='ltr'><strong>8.Hcredipet1=ru=n,</strong></span> <span class='ocrx_word' id='word_1_430' title='bbox 1119 2151 1190 2180; x_wconf 85' lang='lat' dir='ltr'><strong>quod</strong></span> <span class='ocrx_word' id='word_1_431' title='bbox 1204 2157 1289 2180; x_wconf 71' lang='lat' dir='ltr'><strong>genus</strong></span> <span class='ocrx_word' id='word_1_432' title='bbox 1304 2151 1441 2175; x_wconf 86' lang='lat' dir='ltr'><strong>bominum</strong></span> 
     </span>
     <span class='ocr_line' id='line_1_43' title="bbox 113 2185 1440 2217; baseline 0.003 -10"><span class='ocrx_word' id='word_1_433' title='bbox 113 2185 170 2208; x_wconf 80' lang='lat' dir='ltr'><strong>turn</strong></span> <span class='ocrx_word' id='word_1_434' title='bbox 184 2185 257 2208; x_wconf 77' lang='lat' dir='ltr'><strong>velut</strong></span> <span class='ocrx_word' id='word_1_435' title='bbox 274 2188 355 2214; x_wconf 74' lang='lat' dir='ltr'><strong>pestis</strong></span> <span class='ocrx_word' id='word_1_436' title='bbox 373 2189 559 2217; x_wconf 68' lang='lat' dir='ltr'><strong>grassabatur,</strong></span> <span class='ocrx_word' id='word_1_437' title='bbox 572 2190 643 2211; x_wconf 82' lang='lat' dir='ltr'><strong>artes</strong></span> <span class='ocrx_word' id='word_1_438' title='bbox 668 2188 815 2217; x_wconf 69' lang='lat' dir='ltr'><strong>pinxerunt</strong></span> <span class='ocrx_word' id='word_1_439' title='bbox 841 2187 969 2210; x_wconf 82' lang='lat' dir='ltr'><strong>Horatius</strong></span> <span class='ocrx_word' id='word_1_440' title='bbox 983 2186 1072 2210; x_wconf 69' lang='lat' dir='ltr'><strong>satir.</strong></span> <span class='ocrx_word' id='word_1_441' title='bbox 1098 2187 1129 2214; x_wconf 81' lang='grc' dir='ltr'><strong>ΙΙ,</strong></span> <span class='ocrx_word' id='word_1_442' title='bbox 1148 2187 1318 2214; x_wconf 67' lang='grc' dir='ltr'>5,.Ιιινεη31ἰ5</span> <span class='ocrx_word' id='word_1_443' title='bbox 1331 2187 1392 2210; x_wconf 75' lang='lat' dir='ltr'><strong>Sat.</strong></span> <span class='ocrx_word' id='word_1_444' title='bbox 1407 2188 1440 2216; x_wconf 87' lang='lat'><strong>11,</strong></span> 
     </span>
     <span class='ocr_line' id='line_1_44' title="bbox 112 2221 1440 2252; baseline 0.002 -9"><span class='ocrx_word' id='word_1_445' title='bbox 112 2224 141 2243; x_wconf 77' lang='lat'><strong>98</strong></span> <span class='ocrx_word' id='word_1_446' title='bbox 154 2225 203 2249; x_wconf 82' lang='lat' dir='ltr'><strong>sqq</strong></span> <span class='ocrx_word' id='word_1_447' title='bbox 216 2239 220 2247; x_wconf 85' lang='lat'><strong>,</strong></span> <span class='ocrx_word' id='word_1_448' title='bbox 237 2221 369 2244; x_wconf 75' lang='lat' dir='ltr'><strong>Lucianus</strong></span> <span class='ocrx_word' id='word_1_449' title='bbox 383 2223 499 2252; x_wconf 74' lang='lat' dir='ltr'><strong>nialogis</strong></span> <span class='ocrx_word' id='word_1_450' title='bbox 513 2225 680 2246; x_wconf 86' lang='lat' dir='ltr'><strong>mortuorum</strong></span> <span class='ocrx_word' id='word_1_451' title='bbox 695 2223 763 2246; x_wconf 83' lang='lat' dir='ltr'>v-X.</span> <span class='ocrx_word' id='word_1_452' title='bbox 774 2235 804 2239; x_wconf 92' lang='lat'><em>-</em></span> <span class='ocrx_word' id='word_1_453' title='bbox 816 2227 839 2245; x_wconf 75' lang='grc'><strong>9.</strong></span> <span class='ocrx_word' id='word_1_454' title='bbox 851 2221 1000 2245; x_wconf 79' lang='lat' dir='ltr'><strong>Ferebatur</strong></span> <span class='ocrx_word' id='word_1_455' title='bbox 1013 2222 1197 2245; x_wconf 86' lang='lat' dir='ltr'><strong>Britannicum</strong></span> <span class='ocrx_word' id='word_1_456' title='bbox 1214 2221 1325 2249; x_wconf 82' lang='lat' dir='ltr'><strong>bellurn,</strong></span> <span class='ocrx_word' id='word_1_457' title='bbox 1350 2222 1440 2251; x_wconf 79' lang='lat' dir='ltr'><strong>paullo</strong></span> 
     </span>
     <span class='ocr_line' id='line_1_45' title="bbox 112 2256 1440 2286; baseline 0.002 -10"><span class='ocrx_word' id='word_1_458' title='bbox 112 2256 174 2283; x_wconf 83' lang='lat' dir='ltr'><strong>post</strong></span> <span class='ocrx_word' id='word_1_459' title='bbox 197 2258 350 2284; x_wconf 77' lang='lat' dir='ltr'><strong>narratum,</strong></span> <span class='ocrx_word' id='word_1_460' title='bbox 373 2257 407 2280; x_wconf 92' lang='lat' dir='ltr'><strong>ob</strong></span> <span class='ocrx_word' id='word_1_461' title='bbox 432 2258 603 2286; x_wconf 79' lang='lat' dir='ltr'><strong>iniquitatem</strong></span> <span class='ocrx_word' id='word_1_462' title='bbox 628 2258 735 2281; x_wconf 73' lang='lat' dir='ltr'><strong>foenoris</strong></span> <span class='ocrx_word' id='word_1_463' title='bbox 758 2259 861 2285; x_wconf 84' lang='lat' dir='ltr'><strong>ortum,</strong></span> <span class='ocrx_word' id='word_1_464' title='bbox 888 2262 940 2285; x_wconf 88' lang='lat' dir='ltr'><strong>quo</strong></span> <span class='ocrx_word' id='word_1_465' title='bbox 962 2257 1063 2280; x_wconf 83' lang='lat' dir='ltr'><strong>Seneca</strong></span> <span class='ocrx_word' id='word_1_466' title='bbox 1080 2256 1222 2280; x_wconf 84' lang='lat' dir='ltr'><strong>Britannos</strong></span> <span class='ocrx_word' id='word_1_467' title='bbox 1246 2257 1393 2285; x_wconf 85' lang='lat' dir='ltr'><strong>pressisset.</strong></span> <span class='ocrx_word' id='word_1_468' title='bbox 1411 2271 1440 2274; x_wconf 92' lang='lat'><strong>—</strong></span> 
     </span>
     <span class='ocr_line' id='line_1_46' title="bbox 115 2290 1439 2321; baseline 0.004 -10"><span class='ocrx_word' id='word_1_469' title='bbox 115 2293 148 2311; x_wconf 81' lang='lat'><strong>¹0.</strong></span> <span class='ocrx_word' id='word_1_470' title='bbox 166 2290 380 2315; x_wconf 80' lang='lat' dir='ltr'><strong>(Iriminatioues.</strong></span> <span class='ocrx_word' id='word_1_471' title='bbox 395 2305 423 2309; x_wconf 91' lang='lat'>—</span> <span class='ocrx_word' id='word_1_472' title='bbox 440 2299 475 2316; x_wconf 78' lang='grc' dir='ltr'><strong>ιι.</strong></span> <span class='ocrx_word' id='word_1_473' title='bbox 490 2293 563 2316; x_wconf 78' lang='lat' dir='ltr'><strong>Pacis</strong></span> <span class='ocrx_word' id='word_1_474' title='bbox 575 2293 694 2319; x_wconf 78' lang='lat' dir='ltr'><strong>artibus:</strong></span> <span class='ocrx_word' id='word_1_475' title='bbox 712 2299 773 2316; x_wconf 81' lang='lat' dir='ltr'><strong>nam</strong></span> <span class='ocrx_word' id='word_1_476' title='bbox 785 2293 905 2316; x_wconf 78' lang='lat' dir='ltr'><strong>veterem</strong></span> <span class='ocrx_word' id='word_1_477' title='bbox 919 2291 1016 2315; x_wconf 82' lang='lat' dir='ltr'><strong>reterri</strong></span> <span class='ocrx_word' id='word_1_478' title='bbox 1031 2293 1122 2320; x_wconf 83' lang='lat' dir='ltr'><strong>potest</strong></span> <span class='ocrx_word' id='word_1_479' title='bbox 1134 2292 1166 2314; x_wconf 87' lang='lat' dir='ltr'><strong>ad</strong></span> <span class='ocrx_word' id='word_1_480' title='bbox 1182 2297 1250 2319; x_wconf 85' lang='lat' dir='ltr'><strong>eam,</strong></span> <span class='ocrx_word' id='word_1_481' title='bbox 1266 2297 1346 2320; x_wconf 86' lang='lat' dir='ltr'><strong>quam</strong></span> <span class='ocrx_word' id='word_1_482' title='bbox 1366 2298 1439 2321; x_wconf 81' lang='lat' dir='ltr'><strong>quae—</strong></span> 
     </span>
     <span class='ocr_line' id='line_1_47' title="bbox 112 2325 638 2357; baseline 0.006 -11"><span class='ocrx_word' id='word_1_483' title='bbox 112 2325 170 2347; x_wconf 81' lang='lat' dir='ltr'><strong>stor</strong></span> <span class='ocrx_word' id='word_1_484' title='bbox 183 2326 333 2350; x_wconf 80' lang='lat' dir='ltr'><strong>Germanici</strong></span> <span class='ocrx_word' id='word_1_485' title='bbox 352 2328 377 2350; x_wconf 88' lang='lat' dir='ltr'><strong>in</strong></span> <span class='ocrx_word' id='word_1_486' title='bbox 392 2328 463 2351; x_wconf 85' lang='lat' dir='ltr'><strong>hello</strong></span> <span class='ocrx_word' id='word_1_487' title='bbox 485 2329 638 2357; x_wconf 84' lang='lat' dir='ltr'><strong>paraverat.</strong></span> 
     </span>
    </p>

    <p class='ocr_par' dir='ltr' id='par_1_6' title="bbox 112 2360 1437 2459">
     <span class='ocr_line' id='line_1_48' title="bbox 144 2360 1436 2392; baseline 0.002 -10"><span class='ocrx_word' id='word_1_488' title='bbox 144 2360 232 2384; x_wconf 79' lang='lat' dir='ltr'><strong>XLIII.</strong></span> <span class='ocrx_word' id='word_1_489' title='bbox 254 2367 271 2384; x_wconf 81' lang='lat' dir='ltr'><strong>I.</strong></span> <span class='ocrx_word' id='word_1_490' title='bbox 291 2363 324 2385; x_wconf 81' lang='lat' dir='ltr'><strong>Ex</strong></span> <span class='ocrx_word' id='word_1_491' title='bbox 341 2364 492 2392; x_wconf 84' lang='lat' dir='ltr'><strong>propinquo</strong></span> <span class='ocrx_word' id='word_1_492' title='bbox 513 2363 602 2386; x_wconf 85' lang='lat' dir='ltr'><strong>allata.</strong></span> <span class='ocrx_word' id='word_1_493' title='bbox 620 2376 645 2379; x_wconf 70' lang='lat'>—</span> <span class='ocrx_word' id='word_1_494' title='bbox 661 2368 682 2386; x_wconf 80' lang='lat'><strong>2.</strong></span> <span class='ocrx_word' id='word_1_495' title='bbox 701 2362 900 2389; x_wconf 80' lang='lat' dir='ltr'><strong>Rebellionem,</strong></span> <span class='ocrx_word' id='word_1_496' title='bbox 916 2362 946 2384; x_wconf 91' lang='lat' dir='ltr'><strong>ut</strong></span> <span class='ocrx_word' id='word_1_497' title='bbox 959 2360 1081 2389; x_wconf 83' lang='lat' dir='ltr'><strong>videtur,</strong></span> <span class='ocrx_word' id='word_1_498' title='bbox 1097 2361 1202 2385; x_wconf 88' lang='lat' dir='ltr'><strong>Camilli</strong></span> <span class='ocrx_word' id='word_1_499' title='bbox 1220 2361 1387 2385; x_wconf 86' lang='lat' dir='ltr'><strong>Scriboniani</strong></span> <span class='ocrx_word' id='word_1_500' title='bbox 1409 2362 1436 2385; x_wconf 92' lang='lat' dir='ltr'><strong>in</strong></span> 
     </span>
     <span class='ocr_line' id='line_1_49' title="bbox 115 2394 1437 2427; baseline 0.002 -10"><span class='ocrx_word' id='word_1_501' title='bbox 115 2394 252 2425; x_wconf 54' lang='lat' dir='ltr'><strong>Bannatia,</strong></span> <span class='ocrx_word' id='word_1_502' title='bbox 272 2404 293 2420; x_wconf 77' lang='lat' dir='ltr'><strong>a.</strong></span> <span class='ocrx_word' id='word_1_503' title='bbox 312 2398 338 2421; x_wconf 91' lang='lat' dir='ltr'><strong>U.</strong></span> <span class='ocrx_word' id='word_1_504' title='bbox 354 2403 404 2420; x_wconf 71' lang='lat'><strong>795.</strong></span> <span class='ocrx_word' id='word_1_505' title='bbox 422 2399 457 2421; x_wconf 74' lang='lat' dir='ltr'><strong>Dc</strong></span> <span class='ocrx_word' id='word_1_506' title='bbox 473 2398 619 2427; x_wconf 82' lang='lat' dir='ltr'><strong>Pomponio</strong></span> <span class='ocrx_word' id='word_1_507' title='bbox 644 2398 716 2421; x_wconf 73' lang='lat' dir='ltr'><strong>cont.</strong></span> <span class='ocrx_word' id='word_1_508' title='bbox 739 2399 783 2425; x_wconf 89' lang='lat' dir='ltr'><strong>VI,</strong></span> <span class='ocrx_word' id='word_1_509' title='bbox 801 2403 840 2425; x_wconf 77' lang='lat' dir='ltr'><strong>ia;</strong></span> <span class='ocrx_word' id='word_1_510' title='bbox 856 2397 889 2421; x_wconf 85' lang='lat' dir='ltr'><strong>XI</strong></span> <span class='ocrx_word' id='word_1_511' title='bbox 901 2414 908 2424; x_wconf 84' lang='lat'><strong>,</strong></span> <span class='ocrx_word' id='word_1_512' title='bbox 924 2401 958 2419; x_wconf 77' lang='lat'><strong>¹3·</strong></span> <span class='ocrx_word' id='word_1_513' title='bbox 975 2409 1005 2413; x_wconf 89' lang='lat'>—</span> <span class='ocrx_word' id='word_1_514' title='bbox 1021 2402 1042 2419; x_wconf 76' lang='lat'><strong>5.</strong></span> <span class='ocrx_word' id='word_1_515' title='bbox 1062 2397 1098 2419; x_wconf 89' lang='lat' dir='ltr'><strong>Dc</strong></span> <span class='ocrx_word' id='word_1_516' title='bbox 1112 2403 1164 2425; x_wconf 85' lang='lat' dir='ltr'><strong>qua</strong></span> <span class='ocrx_word' id='word_1_517' title='bbox 1178 2403 1202 2420; x_wconf 87' lang='lat' dir='ltr'><strong>c.</strong></span> <span class='ocrx_word' id='word_1_518' title='bbox 1223 2402 1258 2420; x_wconf 69' lang='lat'><strong>32-</strong></span> <span class='ocrx_word' id='word_1_519' title='bbox 1273 2408 1301 2412; x_wconf 84' lang='lat'><em>-</em></span> <span class='ocrx_word' id='word_1_520' title='bbox 1314 2401 1334 2420; x_wconf 70' lang='grc'><strong>4-</strong></span> <span class='ocrx_word' id='word_1_521' title='bbox 1348 2397 1385 2419; x_wconf 81' lang='lat' dir='ltr'><strong>Dc</strong></span> <span class='ocrx_word' id='word_1_522' title='bbox 1396 2395 1437 2418; x_wconf 82' lang='lat' dir='ltr'><strong>his</strong></span> 
     </span>
     <span class='ocr_line' id='line_1_50' title="bbox 112 2430 1431 2459; baseline -0.002 -3"><span class='ocrx_word' id='word_1_523' title='bbox 112 2430 158 2459; x_wconf 74' lang='lat' dir='ltr'><strong>XI.</strong></span> <span class='ocrx_word' id='word_1_524' title='bbox 178 2437 223 2456; x_wconf 71' lang='lat' dir='ltr'><strong>t-e.</strong></span> <span class='ocrx_word' id='word_1_525' title='bbox 234 2445 263 2449; x_wconf 89' lang='lat'>—</span> <span class='ocrx_word' id='word_1_526' title='bbox 275 2438 296 2456; x_wconf 61' lang='grc'><strong>5,</strong></span> <span class='ocrx_word' id='word_1_527' title='bbox 312 2434 350 2457; x_wconf 87' lang='lat' dir='ltr'><strong>Dc</strong></span> <span class='ocrx_word' id='word_1_528' title='bbox 363 2433 404 2456; x_wconf 86' lang='lat' dir='ltr'><strong>bis</strong></span> <span class='ocrx_word' id='word_1_529' title='bbox 418 2434 510 2456; x_wconf 79' lang='lat' dir='ltr'><strong>narrat</strong></span> <span class='ocrx_word' id='word_1_530' title='bbox 523 2434 631 2456; x_wconf 81' lang='lat' dir='ltr'><strong>sueton.</strong></span> <span class='ocrx_word' id='word_1_531' title='bbox 649 2432 770 2457; x_wconf 74' lang='lat' dir='ltr'><strong>Clamlio</strong></span> <span class='ocrx_word' id='word_1_532' title='bbox 786 2438 808 2456; x_wconf 88' lang='lat' dir='ltr'><strong>c.</strong></span> <span class='ocrx_word' id='word_1_533' title='bbox 823 2437 862 2456; x_wconf 78' lang='lat'><strong>29.</strong></span> <span class='ocrx_word' id='word_1_534' title='bbox 880 2436 936 2455; x_wconf 76' lang='lat' dir='ltr'><strong>—o.</strong></span> <span class='ocrx_word' id='word_1_535' title='bbox 952 2432 981 2455; x_wconf 93' lang='lat' dir='ltr'><strong>ln</strong></span> <span class='ocrx_word' id='word_1_536' title='bbox 993 2431 1177 2456; x_wconf 78' lang='lat' dir='ltr'><strong>defensionem</strong></span> <span class='ocrx_word' id='word_1_537' title='bbox 1194 2432 1236 2455; x_wconf 83' lang='lat' dir='ltr'><strong>sui</strong></span> <span class='ocrx_word' id='word_1_538' title='bbox 1249 2430 1431 2455; x_wconf 81' lang='lat' dir='ltr'><strong>memorabat.</strong></span> 
     </span>
    </p>
   </div>
   <div class='ocr_carea' id='block_1_4' title="bbox 1516 1092 1539 2668">
    <p class='ocr_par' dir='ltr' id='par_1_7' title="bbox 1516 1092 1539 2668">
     <span class='ocr_line' id='line_1_51' title="bbox 1516 1092 1539 2668; baseline 0 0"><span class='ocrx_word' id='word_1_539' title='bbox 1516 1092 1539 2668; x_wconf 95' lang='lat' dir='ltr'><strong> </strong></span> 
     </span>
    </p>
   </div>
  </div>
 </body>
</html>
