1539 2668
507 135 542 163 A.
567 135 605 163 U.
629 135 664 163 C.
689 133 761 163 780.
797 133 832 162 A.
856 132 893 163 C.
919 132 970 162 27.
1340 132 1397 163 117

79 214 201 252 forma,
225 211 281 243 aut
296 210 375 242 aetas
396 217 535 240 errorem
557 208 804 248 agnoscentibus
826 208 955 240 fecerat.
980 207 1213 247 quinquaginta
1230 207 1397 240 bominum

78 260 178 293 millia
194 268 231 290 eo
247 267 322 290 casu
338 256 501 288 debilitata
514 255 564 287 vel
578 255 694 286 obtrita
708 259 800 295 sunt3
817 257 1013 295 cautumque
1029 255 1062 285 in
1076 256 1239 294 posterum
1254 256 1396 286 senatus·

77 306 239 344 consulto,
255 314 296 337 ne
316 305 391 345 quis
407 302 656 343 qladiatormm
671 311 798 334 munus
816 302 951 341 ederet,
977 303 1032 333 cui
1045 303 1157 332 minor
1170 301 1397 341 quadr-inqen-

78 357 192 386 torum
202 350 370 384 millium¹
388 358 453 388 rex,
469 358 549 380 neve
565 349 863 389 amphitheatrum
879 350 1114 389 imponeretur
1127 350 1195 379 nisi
1211 349 1281 379 solo
1287 348 1398 388 firmi-

78 403 162 432 tatis
186 400 359 440 spectatoe.
390 397 503 428 Atilius
532 396 563 426 in
591 396 742 427 exsilium
770 400 861 428 actus
890 399 949 428 est.
980 397 1120 427 ceterum
1148 394 1209 426 sub
1238 397 1398 426 recentem

75 447 199 478 cladem
225 447 356 486 patuere
379 453 547 484 procerum
572 443 706 482 domus,
732 444 873 474 fomenta
894 445 926 475 et
950 442 1067 474 medici
1082 441 1094 459 ²
1115 442 1232 482 passim
1249 442 1397 481 praebiti3

74 493 199 534 fuitque
218 492 301 524 Urbs
317 501 373 531 per
390 491 459 522 illos
481 491 566 530 dies,
592 500 788 530 quamquam
812 494 927 521 incesta
946 490 1044 529 facie,
1065 491 1212 521 veterum
1231 488 1371 520 instituti
1385 488 1395 505 ³

74 541 186 572 similis
198 564 205 578 ‚
227 540 282 580 qui
301 548 414 578 magna
431 541 503 578 post
517 538 624 578 proelia
642 538 765 569 saucios
781 538 944 577 largitione
961 540 994 568 et
1010 546 1085 568 cura
1098 536 1334 568 sustentabant.

114 590 216 618 LXIV.
240 587 390 618 Nondum
407 595 444 616 ea
465 585 570 616 clades
588 585 788 623 exoleverat,
804 594 903 624 quum
921 585 1002 624 ignis
1014 584 1167 615 violentia
1183 583 1301 615 Urbem
1314 582 1398 613 ultra

71 633 204 664 solitum
227 633 334 664 affecit
364 633 478 664 deusto
505 633 613 663 monte
639 632 755 670 Caeli03
781 631 1005 672 feralemque
1027 639 1160 662 annum
1186 630 1349 668 ferebant,
1366 631 1399 660 ec

71 680 237 712 ominibus
260 680 415 711 adversis
444 681 640 719 susceptum
667 681 822 719 Principe·
845 680 1029 710 consilium
1054 678 1236 715 absentice,
1255 676 1310 716 qui
1327 684 1396 706 mos

71 727 168 767 vulgo
181 752 189 767 ‚
214 728 345 759 fortuita
371 727 409 757 ad
428 727 556 767 culpan]
581 726 765 765 trabentes;
799 726 851 756 ¹ni
865 730 970 757 Cacsar
987 725 1117 755 obviam
1133 724 1208 755 isset
1228 723 1398 754 tribuendo

71 775 223 813 pecunias
243 783 281 806 ex
306 774 402 805 modo
425 774 619 805 detrimenti.
646 776 790 813 actaeque
813 774 842 803 ei
868 775 972 812 grates
989 771 1073 811 apud
1092 774 1238 803 senatum
1265 770 1305 801 ab
1328 770 1397 800 illu-

71 821 211 861 stribus,
232 821 381 861 famaque
403 821 488 862 apud
511 821 665 861 populum
679 843 688 859 ‚
710 820 787 860 quia
809 820 878 850 sinc
902 819 1076 850 ambitione
1101 821 1156 849 aut
1177 817 1396 857 proximorum

71 868 220 907 precibus
232 868 359 908 ignotos
370 869 466 899 etiam
484 872 515 899 et
531 868 616 899 ultro
630 868 750 899 accitos
763 866 984 898 munificentia
995 865 1132 904 juverat.
1152 864 1314 895 adduntur
1328 872 1398 894 sen-

69 915 196 955 tentiae,
223 917 261 947 ut
290 924 384 947 mons
410 916 524 946 Caelius
551 916 583 946 in
611 918 774 955 posterum
800 915 973 953 Auquscus
994 912 1221 952 appellaretur,
1248 909 1394 950 quando,

70 963 195 995 cunctis
212 963 335 993 circum
350 963 558 1002 flagrantibus
571 987 579 1002 ,
597 963 665 993 sola
679 961 797 993 Tiberii
812 961 930 1000 efligies
943 984 951 999 ‚
975 959 1035 990 sita
1049 959 1081 989 in
1100 959 1195 989 domo
1210 958 1295 989 Junii
1309 965 1397 988 sena·

71 1010 160 1049 toris,
179 1010 331 1041 inviolata
352 1010 546 1041 mansisset:
565 1023 579 1036 «
596 1010 743 1040 evenisse
772 1008 803 1039 id
819 1008 895 1039 olim
920 1007 1062 1038 Claudite
1090 1006 1235 1045 Quintae,
1265 1005 1397 1044 ejusque

73 1069 89 1083 ιι
105 1057 245 1088 statuam
269 1058 336 1087 vim
363 1057 486 1096 ignium
512 1057 560 1087 bis
588 1055 753 1096 elapsam2
772 1057 909 1095 majores
932 1053 1018 1093 apud
1042 1052 1144 1084 eedem
1168 1052 1277 1083 Matris
1294 1053 1397 1083 Deum

74 1116 89 1130 n
107 1104 350 1135 consecravisse.
386 1107 515 1135 sanctos
545 1106 760 1143 acceptosque
795 1102 984 1133 numinibus
1014 1100 1184 1138 Claudios,
1220 1102 1250 1131 et
1283 1107 1397 1138 augen-

21 1163 24 1165 ,
73 1163 87 1176 a
107 1150 180 1180 ‹lam
197 1150 412 1181 caerimoniam
431 1151 501 1181 loco
513 1175 522 1191 ‚
537 1151 569 1181 in
582 1159 646 1190 quo
664 1152 792 1180 tantum
808 1149 841 1179 in
859 1147 1040 1187 Principem
1054 1148 1208 1178 honorem
1225 1146 1270 1177 dii
1293 1148 1398 1177 osten-

73 1210 88 1223 <‹
106 1197 228 1228 derent.
247 1209 275 1227 ι).

112 1247 200 1275 LXV.
225 1244 316 1275 Haud
331 1244 423 1275 fucrit
439 1244 616 1274 absurdum
630 1242 756 1274 tradere
774 1242 918 1273 montem
935 1250 1009 1272 eum
1033 1241 1211 1280 antiquitus
1226 1243 1397 1279 Querque-

72 1292 234 1323 zulcmum
249 1293 464 1329 cognomento
480 1291 596 1329 fuisse,
614 1290 702 1330 quod
720 1290 791 1320 talis
807 1290 897 1320 silvae
917 1288 1064 1328 frequens
1079 1288 1299 1326 fecundusque
1315 1288 1394 1323 erat,

70 1346 146 1369 mox
166 1338 308 1369 Coelium
323 1338 544 1377 appellitatum
560 1347 577 1368 a
591 1338 673 1368 Caele
690 1337 853 1373 Vibenna‚
868 1336 922 1375 qui
939 1336 1003 1365 dux
1019 1336 1121 1373 gentis
1137 1337 1395 1373 Etr·usca¹,quum

71 1384 225 1415 auxilium
255 1385 447 1424 appellatum
480 1385 652 1415 ...tavisset
672 1384 694 1422 ¹,
727 1383 836 1414 sedem
871 1390 942 1412 eam
978 1383 1145 1421 acceperat
1178 1391 1196 1411 a
1221 1380 1395 1419 Tarquinio

70 1431 195 1469 Prisco,
219 1439 274 1462 seu
292 1431 366 1470 quis
383 1431 463 1462 alius
481 1440 589 1470 regum
606 1431 692 1461 dedit
707 1440 715 1461 :
731 1439 805 1461 nain
822 1429 993 1469 scriptores
1014 1429 1046 1458 in
1063 1437 1100 1460 eo
1114 1428 1315 1459 dissentiunt.
1342 1436 1395 1458 ce-

69 1480 138 1509 tera
152 1487 215 1508 non
232 1477 380 1517 ambigua
395 1481 490 1517 sunt,
511 1487 642 1517 magnas
667 1486 720 1508 eas
745 1478 854 1517 copias
872 1486 927 1517 per
941 1477 1035 1516 plana
1058 1475 1153 1506 etiam
1179 1484 1215 1505 ac
1235 1475 1303 1505 foro
1320 1484 1394 1514 pro-

70 1524 189 1564 pinqua
205 1525 367 1555 habitasse
379 1550 387 1564 ‚
409 1526 494 1556 unde
512 1528 657 1557 Tuscum
674 1527 786 1556 vicum
802 1533 820 1556 e
834 1524 990 1555 vocabulo
1008 1523 1203 1553 advenarum
1221 1522 1355 1552 dictum.

116 1575 220 1603 LXVI.
244 1571 304 1604 Sed
332 1574 367 1603 ut
388 1572 496 1603 studia
524 1582 693 1612 procerum
718 1574 749 1604 et
768 1571 894 1611 largitio
924 1570 1078 1609 Principis
1101 1570 1273 1600 adversum
1299 1576 1394 1599 casus

71 1618 220 1650 solatium
237 1619 396 1658 tulerant,
413 1620 457 1651 ita
474 1622 699 1650 accusatorum
712 1620 814 1657 major
829 1618 939 1649 indies
955 1620 987 1649 et
1004 1617 1150 1648 infestior
1164 1616 1212 1646 vis
1226 1616 1295 1646 sine
1311 1615 1395 1646 leva-

72 1667 182 1697 mento
198 1666 400 1704 grassabatur
414 1678 422 1706 ;
446 1667 709 1707 corripueratque
723 1670 843 1696 Varum
858 1664 1070 1704 Quinctilium
1084 1664 1218 1694 divitem
1232 1666 1268 1693 ct.
1279 1663 1394 1693 Caesari

72 1712 285 1752 propinquum
301 1713 457 1744 Domitius
474 1714 557 1752 Afer,
577 1713 718 1745 Claudiae
736 1712 895 1751 Pulchrae,
913 1712 1024 1742 matris
1039 1711 1120 1750 ejus,
1145 1710 1392 1749 condemnator;

72 1759 160 1789 nullo
177 1760 328 1798 mirante,
351 1760 438 1800 quod
453 1760 509 1791 diu
531 1769 625 1799 egens
644 1762 675 1791 et
689 1762 780 1799 parto
798 1768 900 1799 nuper
914 1758 1046 1798 praemio
1060 1757 1142 1789 male
1156 1766 1233 1788 usus
1248 1757 1340 1797 plura
1353 1756 1394 1787 ad

72 1803 191 1845 flagitia
204 1807 439 1846 accingeretur3
457 1807 607 1839 Publium
624 1806 822 1837 Dolabellam
837 1806 960 1837 socium
975 1805 1145 1836 delationis
1161 1804 1323 1836 exstitisse
1337 1803 1393 1833 mi-

74 1852 182 1884 raculo
195 1856 278 1892 erat,
297 1854 371 1892 quia
388 1854 482 1884 claris
497 1853 670 1892 majoribus
683 1854 714 1884 et
725 1857 808 1884 Varo
821 1861 987 1883 connexus
1003 1861 1094 1883 suam
1105 1852 1170 1891 ipse
1180 1851 1392 1888 nobilitatem,

73 1907 169 1930 suum
186 1900 373 1938 sanguinem
401 1900 562 1940 perditum
581 1899 658 1930 ibat.
685 1899 803 1930 restitit
824 1900 934 1930 tamen
951 1902 1081 1930 senatus
1099 1901 1131 1929 et
1146 1896 1393 1938 opperienclmn

74 1948 325 1985 Imperatorem
349 1947 473 1978 censuit
495 1957 503 1977 ;
526 1946 614 1986 quod
629 1955 731 1977 unum
757 1946 942 1985 urgentium
971 1946 1131 1976 malorum
1157 1944 1334 1983 suffugium
1359 1943 1392 1973 in

74 1993 202 2033 tempus
219 1995 298 2024 erat.

114 2042 233 2071 LXVII.
253 2041 294 2071 At
308 2044 423 2080 Caesar,
441 2039 597 2071 dedicatis
611 2048 668 2080 per
683 2039 890 2079 Campaniam
906 2038 1053 2079 templis,
1075 2047 1268 2078 quamquam
1288 2037 1393 2069 edicto

75 2086 251 2118 monuisset
267 2095 308 2119 ne
324 2090 401 2129 quis
415 2089 562 2129 quietem
575 2088 649 2127 eJus
661 2089 890 2126 irrumperet,
907 2094 1147 2126 concursusque
1160 2085 1393 2125 oppidanorum

105 2179 195 2203 ani.
211 2185 232 2204 ι.
245 2185 281 2208 77,
296 2185 339 2205 954
352 2180 392 2209 fn,
407 2180 479 2211 quod
492 2180 525 2204 de
538 2179 670 2204 reditibus
684 2179 778 2203 annuis
793 2178 922 2208 intellige.
935 2190 963 2195 —
976 2183 998 2202 2.
1016 2179 1088 2208 Quos
1100 2178 1196 2202 divites
1210 2178 1309 2208 quique
1322 2177 1393 2202 Inter

76 2218 169 2237 servos
185 2221 248 2239 suos
265 2216 478 2240 habebant—3.
490 2216 528 2239 De
545 2221 598 2245 quo
611 2214 686 2239 conr.
702 2215 803 2238 Livium
820 2214 857 2243 11,
876 2218 903 2237 47
917 2212 979 2236 fine.

107 2249 193 2273 LXIV.
210 2256 230 2274 ι.
242 2253 283 2276 Sc.
299 2252 369 2281 quod
380 2253 436 2276 turn
447 2252 584 2281 fecissent,
595 2252 657 2275 ni...
671 2264 698 2267 —
707 2255 729 2274 2.
741 2250 826 2274 Annis
836 2250 867 2274 U.
882 2254 925 2273 6⁴3
936 2251 963 2272 et
976 2254 1028 2273 ⁷156.
1042 2249 1151 2274 Claudia
1161 2250 1205 2273 iila
1216 2255 1322 2277 navem,
1335 2254 1392 2277 qua:

77 2282 190 2309 Matrem
204 2286 288 2311 Deum
300 2288 455 2312 Pessinunte
464 2287 605 2311 advectam
619 2285 758 2316 portabat,
769 2285 797 2308 in
808 2284 1045 2310 Tiberilmmotam
1058 2285 1204 2309 haerentem
1218 2285 1272 2308 sola
1285 2283 1392 2313 cingulo

77 2319 161 2343 traxit
174 2326 180 2343 ι
194 2322 264 2350 quod
281 2322 393 2351 pulchre
408 2323 536 2347 describit
549 2321 659 2346 Ovidius
671 2321 772 2345 Pastor.
788 2320 827 2349 lv,
839 2325 881 2343 295
891 2327 950 2351 sqq.
964 2320 1055 2344 Valer.
1072 2321 1141 2344 Max.
1157 2321 1181 2348 1,
1200 2326 1221 2348 a,
1238 2325 1273 2343 Η.

108 2356 185 2380 LXV.
204 2362 225 2380 ι.
235 2358 322 2381 verba
336 2364 431 2382 manca
447 2359 474 2381 in
488 2358 589 2381 codice.
609 2357 726 2386 Lipsius:
740 2361 828 2387 quum
841 2357 988 2384 auxilium
1000 2356 1119 2381 tulisset.
1133 2355 1201 2380 Nam
1214 2354 1390 2385 appellatum

79 2396 113 2415 ex
129 2392 310 2422 superioribus
323 2393 391 2418 male
404 2395 549 2424 repetitum
560 2393 677 2418 videtur.
