1539 2668
137 149 200 182 ‘178
517 143 650 172 TACITI
672 142 879 170 ANNALIUM
903 142 973 170 LIB.
996 140 1063 169 XII.

139 224 275 266 imperio
288 219 405 261 ageret.
426 218 555 249 incessu
581 215 770 246 Parthorum
789 216 858 245 sine
871 213 938 245 acie
953 213 1038 254 pulsi
1053 211 1136 244 Iberi
1147 234 1156 250 ‚
1181 210 1343 250 urbesque
1356 212 1462 242 Arme-

139 274 266 306 niorum
284 268 434 300 Artaxata
447 266 479 295 et
496 264 721 302 Tigranocerta
738 261 850 301 jugum
868 269 1030 301 accepere.
1049 258 1163 290 deinde
1176 259 1267 289 atrox
1284 257 1389 288 hiems
1403 265 1460 288 seu

138 327 252 362 parum
266 314 387 358 provisi
403 313 602 343 commeatus
626 310 658 340 et
674 311 744 340 orta
759 317 799 340 ex
817 311 953 348 utroque
970 307 1060 339 tabes
1081 306 1264 347 perpellunt
1284 304 1460 344 Vologesen

137 368 287 400 omittere
308 360 489 403 prasentia.
515 365 715 396 vacuamque
736 364 848 387 rursus
863 355 1045 386 Armeniam
1063 353 1292 385 Rhadamistus
1316 351 1459 391 invasit,

136 410 350 447 truculentior
369 416 465 448 quam
487 407 583 436 antea
598 428 606 443 ‚
625 405 790 443 tamquam
817 403 970 433 adversus
986 401 1164 433 defectores
1184 402 1217 431 et
1233 400 1265 431 in
1288 401 1431 439 tempore
1447 398 1454 416 ¹

135 460 361 494 rebellaturos.
390 456 487 493 atque
504 452 568 490 illi,
589 450 740 491 quamvis
765 450 895 481 servitio
918 449 1026 489 sueti,
1046 448 1234 489 patientiam
1261 445 1460 487 abrumpunt

133 508 296 546 armisque
312 501 429 541 regiam
447 498 713 531 circumveniunt.

177 556 230 586 LI.
255 556 320 584 Nec
336 548 420 580 aliud
445 546 653 578 Rhadamisto
673 544 855 576 subsidium
872 543 933 574 snit
953 552 1050 583 quam
1073 542 1246 584 pernicitas
1274 551 1433 583 equorum
1449 566 1459 582 ‚

132 604 207 644 quis
228 606 325 638 seque
342 598 373 627 et
398 594 567 633 conjugem
587 592 728 624 abstulit.
746 592 798 623 sed
827 591 945 630 conjux
973 591 1105 629 gravida
1130 590 1267 631 primam
1295 590 1460 629 utcunque

133 650 240 689 sugam
255 645 297 676 ob
313 645 435 675 metum
452 640 600 672 hostilem
616 642 648 670 et
663 639 769 670 mariti
786 639 951 669 caritatem
968 637 1138 676 toleravit;
1163 639 1237 678 post
1253 636 1459 668 festinatione

132 695 287 728 continua
301 716 309 731 ‚
329 690 382 721 ubi
407 688 530 719 viscera
548 686 733 724 vibrantur,
757 694 848 716 orare
876 686 915 716 ut
938 687 1048 715 morte
1074 684 1217 715 honesta
1241 683 1457 715 contumeliis

131 739 347 783 captivitatis
364 736 586 768 emmeretur.
607 734 659 765 ille
673 733 775 773 primo
794 732 967 772 amplecti,
984 732 1142 770 allevare,
1164 730 1341 769 adhortari,
1361 731 1458 762 modo

130 789 283 823 virtutem
299 784 473 819 admirans,
488 780 586 812 modo
600 781 715 812 timore
729 788 823 819 aeger,
837 788 877 810 ne
890 780 964 819 quis
978 778 1089 810 relicta
1100 779 1277 818 poteretur.
1290 779 1457 818 postremo

130 835 286 868 xioter‘ttia
305 830 424 862 amoris
444 831 476 860 et
498 828 677 859 facinorum
700 836 765 858 non
789 826 894 864 rudis,
918 826 1091 865 destringit
1108 825 1270 856 acinacem
1284 849 1292 864 ,
1311 824 1456 855 vulnera-

130 886 261 922 tamque
275 879 377 919 ripam
390 877 428 907 ad
443 875 557 907 Araxis
575 874 674 906 trabit
687 898 695 913 ‚
715 873 839 904 llumini
855 873 976 911 tradit,
1005 882 1045 904 ne
1066 880 1183 912 corpus
1197 871 1293 903 etiam
1317 871 1456 903 auferre-

128 935 192 965 tur.
210 930 275 969 ipse
293 932 433 966 praeceps
446 924 557 954 Iberos
578 921 616 952 ad
638 921 778 961 patrium
798 930 932 960 regnum
958 920 1114 960 pervadit.
1134 919 1263 950 interim
1283 918 1456 950 Zenobiam

130 981 140 1006 t
156 978 187 1009 id
207 973 332 1006 mulieri
348 979 485 1007 nomen)
503 968 626 1009 placida
640 968 751 999 illuvie
766 968 941 1008 spirantem
965 977 1003 999 ac
1020 968 1097 998 vitae
1113 966 1315 997 manifestam
1337 965 1455 997 adver-

129 1011 197 1057 tere,
216 1025 383 1063 pastores,
412 1021 443 1049 et
466 1015 623 1055 dignitate
639 1016 751 1046 formae
777 1015 863 1046 baud
882 1015 1069 1055 degenerem
1085 1015 1270 1054 reputantes
1282 1037 1290 1053 ‚
1313 1013 1457 1053 obligant

130 1071 271 1108 mlnus,
292 1065 429 1106 agrestia
450 1062 664 1094 medicamina
687 1061 858 1101 adhibent,
889 1062 1082 1102 cognitoque
1100 1061 1230 1091 nomine
1253 1061 1284 1091 et
1306 1069 1382 1091 casu
1395 1085 1404 1100 ‚
1422 1061 1455 1092 in

129 1119 245 1149 tzrbem
260 1115 410 1147 Artaxata
425 1112 541 1142 serunt.
558 1109 643 1140 unde
659 1108 790 1148 publica
807 1118 884 1140 cura
901 1109 1041 1140 deducta
1056 1108 1095 1139 ad
1108 1107 1287 1147 Tiridaten,
1303 1107 1456 1139 comiter-

128 1175 190 1206 que
205 1164 338 1202 excepta
361 1159 449 1190 cultu
467 1157 552 1196 regio
569 1156 680 1200 habita·
692 1158 751 1186 est.

168 1215 231 1244 LII.
248 1212 364 1240 Fausto
381 1206 478 1243 Sulla,
494 1203 598 1235 Salvio
617 1203 742 1233 Othone
759 1206 845 1234 Coss.
859 1203 865 1220 ¹
888 1203 1002 1233 Furius
1015 1202 1242 1234 Scribonianus
1256 1201 1289 1232 in
1303 1202 1455 1234 exsilium

126 1260 230 1299 agitur
244 1282 252 1297 ‚
267 1254 357 1296 qnasi
375 1252 486 1293 finem
500 1251 673 1290 Principis
686 1258 752 1289 per
769 1250 950 1281 Chaldaeos
969 1252 1201 1281 scrutaretur.
1225 1249 1456 1281 annectebatur

126 1304 254 1340 crimini
270 1303 377 1334 Junia
401 1300 515 1330 mater
531 1297 621 1337 ejus,
646 1299 682 1327 ut
699 1305 799 1328 casus
814 1299 942 1337 prioris
960 1297 1053 1336 (nam
1077 1297 1214 1336 relegata
1233 1296 1324 1335 erat)
1347 1298 1455 1337 impa-

129 1357 227 1387 tiens.
244 1352 335 1391 pater
357 1344 555 1379 Scriboniani
573 1344 726 1375 Camillus
743 1353 832 1375 arma
848 1353 904 1384 per
926 1344 1118 1375 Dalmatiam
1141 1346 1288 1375 moverat
1300 1342 1311 1360 ²
1326 1355 1335 1383 ;
1358 1344 1456 1385 idque

128 1402 169 1435 ad
185 1396 387 1431 clementiam
402 1393 548 1424 trahebat
567 1396 671 1422 Caesar
683 1415 691 1430 ‚
709 1391 764 1431 qui
781 1391 914 1432 stirpem
942 1391 1089 1422 hostilem
1111 1391 1231 1422 iterum
1245 1390 1256 1408 ³
1283 1400 1454 1424 conserva-

127 1451 187 1481 ret.
205 1452 310 1484 neque
326 1445 432 1472 tamen
450 1438 554 1470 exsuli
571 1439 663 1478 longa
679 1439 813 1478 posthae
838 1439 904 1469 vita
932 1438 1009 1476 fnit;
1035 1441 1139 1469 morte
1164 1438 1295 1469 fortuita
1307 1462 1316 1477 ‚
1342 1447 1383 1469 an
1399 1447 1455 1479 per

117 1500 288 1527 venenum
304 1489 483 1520 exstinctus
502 1488 603 1524 esset,
623 1487 658 1515 ut
673 1485 810 1525 quisque
827 1485 962 1517 credidit
975 1510 983 1525 ‚
1001 1486 1186 1525 vulgavere.
1210 1484 1250 1516 de
1265 1485 1456 1518 mathema-

128 1539 224 1574 ticis⁴
248 1537 360 1570 [talla
382 1532 554 1574 pellendis
572 1532 691 1562 factum
715 1533 1030 1564 senatusconsultum
1055 1534 1149 1564 atrox
1167 1534 1198 1563 et
1221 1531 1360 1563 irritum.
1375 1536 1454 1563 Lau-

125 1588 193 1621 dati
208 1585 325 1617 debinc
337 1581 481 1613 oratione
498 1578 654 1618 Principis
667 1580 726 1618 qut
741 1579 782 1610 ob
800 1581 983 1618 anqusttas
992 1580 1201 1619 familiares
1215 1579 1338 1610 ordine
1353 1587 1454 1611 sena-

129 1637 215 1669 torio
232 1633 352 1672 sponte
365 1628 543 1666 cederent,
563 1626 705 1665 motique
728 1628 787 1666 qut
802 1626 1016 1657 remanendo
1034 1626 1288 1666 «impudentiam
1298 1635 1452 1667 pauper—

128 1683 197 1714 tati
216 1677 406 1719 adjicerent
419 1675 442 1705 ⁵.

168 1730 246 1759 LIII.
272 1726 358 1755 Inter
373 1730 445 1762 quae
467 1720 602 1751 refertur
624 1718 664 1749 ad
681 1719 790 1750 Patres
815 1718 856 1750 de
877 1728 982 1760 poena
1002 1719 1223 1759 seminarum
1242 1728 1321 1760 quoe
1343 1721 1454 1752 servis

125 1771 435 1813 conjzmqerencur;
456 1767 673 1806 statuiturque
691 1767 731 1797 ut
755 1768 878 1806 tynaro
906 1766 1042 1797 domino
1063 1766 1110 1797 ad
1133 1766 1170 1798 id
1190 1767 1388 1806 prolapsoe,
1417 1769 1454 1798 in

126 1819 378 1856 servitulc;sin
403 1815 642 1852 consensisset,
664 1821 730 1852 pro
748 1813 879 1844 libertis
899 1813 1113 1844 haberentur
1129 1814 1153 1844 ¹,
1179 1813 1334 1854 Pallanti,
1356 1822 1453 1854 quem

125 1867 338 1908 repertorem
352 1863 425 1902 ejus
440 1861 621 1892 relationis
634 1859 778 1890 ediderat
791 1863 897 1891 Caesar
907 1884 915 1899 ‚
928 1862 1097 1900 praetoria
1112 1862 1264 1900 instantia
1280 1863 1315 1892 et
1328 1862 1452 1892 centies

127 1913 351 1955 qulnquaqtes
367 1907 568 1941 sestertium
583 1906 594 1924 ²
611 1906 738 1938 censuit
758 1907 872 1938 consul
895 1907 1078 1948 designatus
1100 1911 1198 1939 Barea
1220 1911 1360 1939 Soranus
1376 1917 1384 1938 z
1399 1907 1454 1939 ad·

125 1960 233 1992 ditum
252 1968 270 1990 a
285 1957 430 1998 Scipione
450 1954 597 1987 Cornelio
612 1978 622 1993 ‚
647 1955 764 1993 yrates
778 1954 918 1995 publice
944 1955 1116 1995 aqendas,
1134 1954 1225 1996 quod
1238 1955 1373 1995 renibus
1387 1956 1452 1986 Ar-

127 2007 236 2039 cadiae
252 2007 349 2037 ortus
367 2003 377 2021 ³
395 2004 618 2035 veterrimam
631 2000 850 2033 nobilitatem
863 2003 944 2033 usui
955 2002 1094 2041 publico
1115 2004 1337 2042 postponeret
1351 2009 1453 2042 seque

128 2056 217 2085 ,nter
229 2054 404 2084 ministros
422 2050 596 2089 Principis
613 2047 734 2079 haberi
759 2050 899 2080 sineret.
923 2047 1120 2080 asseveravit
1144 2048 1298 2080 Claudius
1319 2050 1452 2080 conten—

127 2102 204 2131 tum
232 2100 358 2131 honore
386 2098 590 2129 Pallantem
615 2097 712 2127 z'ntra
732 2097 888 2135 priorem
908 2097 1164 2136 paupertatem
1193 2095 1386 2127 subsistere.
1419 2098 1452 2126 et

158 2215 185 2237 L.
202 2217 221 2235 ι.
236 2210 383 2237 Commodo
397 2210 532 2240 tempore,
551 2204 583 2235 ἐν
598 2206 708 2244 καιρῷ.

158 2249 207 2272 LII.
225 2253 247 2272 ι.
267 2248 298 2271 Α.
316 2247 345 2271 U.
360 2252 412 2275 eos,
429 2253 453 2276 p,
468 2246 529 2270 Chr.
545 2251 575 2270 52
593 2250 637 2268 —2.
653 2243 814 2274 Legionibus
827 2244 855 2267 in
874 2244 1006 2268 Dalmatia
1026 2244 1122 2268 auctor
1136 2243 1298 2269 defectionis
1311 2245 1409 2274 fuerat,
1420 2248 1446 2270 a.

125 2283 153 2308 U.
171 2289 221 2307 795.
242 2296 269 2300 ——
282 2288 305 2307 a.
320 2284 406 2312 Quum
418 2283 473 2311 jam
486 2283 549 2305 ante
560 2281 646 2310 patris
658 2280 761 2304 crimen
773 2280 801 2303 in
813 2279 868 2303 filio
881 2280 976 2309 punire
989 2280 1184 2310 potuisset.-4.
1199 2280 1262 2304 Vid.
1279 2280 1313 2305 ad
1325 2281 1358 2310 11,
1371 2286 1407 2305 52.
1420 2294 1448 2298 —

115 2318 411 2377 ‚s.1⁴c¹‹¹›lnf.¹i‚17)›filrihus
430 2352 574 2381 exponitur
590 2351 642 2375 hoc
657 2350 922 2374 senatusconsultum
937 2355 952 2373 a
974 2351 1038 2374 Gaio
1061 2350 1191 2376 Institutt.
1208 2352 1232 2380 I,
1247 2356 1290 2381 34,
1305 2356 1348 2380 as,
1366 2356 1406 2381 91,
1421 2351 1449 2374 et

127 2387 209 2413 Paulo
224 2388 347 2413 sentent.
364 2388 468 2417 recept.
492 2388 524 2417 ll,
536 2392 572 2411 ει.
590 2401 611 2405 -
625 2392 639 2411 2
661 2388 701 2411 Sc.
716 2386 892 2417 largiendum.
906 2392 927 2416 Ξ,
940 2392 992 2417 922,
1005 2392 1049 2411 500
1056 2386 1099 2416 fr,
1117 2399 1146 2405 —
1157 2393 1178 2412 a.
1195 2387 1303 2412 Fictum
1313 2386 1386 2412 haud
1400 2385 1447 2410 du-
