1539 2668
495 139 532 166 A.
557 138 594 165 U.
619 137 653 166 C.
679 137 751 166 772.
777 139 813 166 A.
839 137 874 167 C.
903 138 950 167 19.
1354 141 1394 171 55

111 215 219 244 LVIII.
244 212 332 245 Inter
355 220 428 252 quae
444 210 484 242 ab
508 219 578 250 rege
594 211 784 242 Parthorum
808 210 992 242 Artabano¹
1014 211 1109 251 legati
1122 220 1249 244 venere.
1266 213 1400 246 miserat

68 261 258 292 amicitiam
286 267 326 293 ac
351 258 474 299 soedus
503 259 740 289 memoratums
755 282 764 298 ‚
795 261 827 289 et
855 266 979 299 cupere
1005 261 1163 290 renovari
1196 259 1342 293 dextras
1366 260 1396 301 ²,

67 307 305 350 daturumque
331 307 453 340 honori
476 306 689 344 Germanici,
708 307 748 337 ut
766 307 880 346 ripam
904 305 1101 346 Euphratis
1129 306 1304 340 accederet
1319 320 1329 341 .·
1339 318 1399 350 pe-

69 356 141 387 tere
162 358 303 388 interim
327 363 369 387 ne
392 355 540 386 Vonones
565 354 601 385 in
620 355 718 393 Syria
743 352 947 393 haberetur,
967 361 1035 385 neu
1058 361 1220 393 proceres
1244 358 1399 394 qentz‘um

63 405 272 445 propinquis
297 403 431 436 nunciis
444 401 455 419 ³
481 400 529 433 ad
544 400 734 432 discordias
761 401 925 433 traheret.
951 400 991 433 ad
1013 409 1051 432 ea
1068 401 1279 433 Germanicus
1295 402 1335 435 de
1350 414 1399 436 so-

67 450 184 483 cietate
201 455 420 483 Romanorum
437 449 696 488 Parthorumque
720 448 907 488 magnifice,
933 448 973 481 de
989 447 1133 480 adventu
1156 448 1240 488 regis
1261 451 1295 480 et
1309 452 1400 483 cultu

68 498 120 530 sui
137 507 212 530 cum
231 497 346 530 decore
364 507 402 529 ac
420 496 578 529 modestia
605 496 779 537 respondit.
804 499 955 528 Vonones
976 496 1230 537 Pompeiopolim
1243 520 1252 536 ,
1278 497 1400 529 Ciliciae

67 545 264 578 maritimam
278 545 392 577 urbem
407 569 416 584 ,
434 545 563 576 amotus
582 546 641 575 est.
665 544 779 575 datum
796 543 828 575 id
846 553 910 575 non
934 543 1030 576 modo
1048 543 1198 585 precibus
1224 543 1402 585 Artabani,

66 591 121 624 sed
137 593 343 625 contumeliae
361 592 504 632 Pisonis,
523 591 576 623 eui
597 590 801 632 gratissimus
826 594 893 622 erat
909 590 950 623 ob
964 591 1105 633 plurima
1128 590 1234 624 officia
1254 591 1288 624 et
1303 591 1401 631 dona,

64 639 184 680 quibus
204 641 389 672 Plancinam
405 640 605 672 devinxerat.

107 690 185 720 LIX.
210 692 253 720 Μ.
268 688 395 729 Silano,
418 692 452 720 L.
474 687 628 719 Norbano
641 685 756 719 Coss.¹
779 686 988 719 Germanicus
1007 687 1173 727 AEgyptum
1185 684 1403 726 proficiscitur

65 736 298 775 cognoscendae
314 734 516 776 antiquitatis
532 733 558 766 ².
582 733 645 766 Sed
664 742 742 766 cura
759 734 938 775 provinciae
962 733 1237 776 praetendebatur,
1263 733 1402 765 levavit-

65 790 129 822 que
144 784 262 824 apertis
276 783 400 815 horreis
414 783 426 801 ³
444 783 550 824 pretia
566 782 694 822 frugum
705 806 714 822 ‚
730 782 900 823 multaque
915 783 947 813 iu
964 782 1082 822 vulgus
1097 782 1186 821 grata
1208 781 1402 821 usurpavit,

65 829 135 861 sine
149 830 251 863 milite
264 831 412 863 incedere
424 855 434 870 ,
455 829 594 870 pedibus
610 829 741 861 intectis
754 829 763 847 ⁴
794 833 825 861 et
847 830 917 870 pari
938 839 1012 861 cum
1033 829 1152 861 Graecis
1169 828 1292 859 amictu
1309 828 1319 846 ⁵
1332 852 1342 867 ‚
1365 833 1402 861 P.

64 878 223 918 Scipionis
242 878 471 917 aemulatione,
495 886 593 917 quem
610 876 722 908 eadem
740 877 941 909 factitavisse
957 877 1040 918 apud
1060 875 1200 909 Siciliam
1214 899 1223 915 ,
1251 876 1402 915 quamvis

64 923 219 964 flagrante
244 926 350 957 adhuc
369 929 543 957 Poenorum
568 924 653 956 hello
665 949 674 965 ‚
692 925 887 965 accepimus.
915 923 1063 956 Tiberius
1077 948 1085 963 ‚
1112 922 1203 954 cultu
1221 922 1403 963 habituque

65 970 136 1011 ejus
151 971 280 1005 lenibus
298 973 408 1004 verbis
424 972 597 1013 perstricto
609 996 619 1012 ,
637 973 792 1004 acerrime
814 971 974 1012 increpuit
997 970 1085 1012 quod
1110 972 1223 1001 contra
1253 969 1404 1002 instituta

63 1020 203 1060 Augusti
217 1029 280 1052 non
294 1023 411 1062 sponte
426 1020 438 1038 ⁶
454 1020 612 1061 Principis
629 1019 857 1052 Alexandriam
879 1019 1056 1051 introisset.
1085 1027 1161 1049 nam
1175 1019 1339 1056 Augustus
1355 1018 1404 1048 in-

64 1067 114 1098 ter
129 1067 191 1099 alia
211 1067 439 1100 dominationis
457 1077 573 1100 arcana
585 1092 594 1108 ,
625 1067 736 1099 vetitis
753 1067 812 1099 nisi
836 1067 996 1108 permissu
1014 1065 1138 1107 ingredi
1154 1064 1163 1083 ⁷
1197 1064 1403 1096 senatoribus

65 1114 123 1145 aut
137 1115 301 1156 equitibus
318 1116 471 1147 Romanis
485 1115 664 1147 illustribus
680 1115 706 1155 ⁸,
722 1115 866 1156 seposuit
884 1114 896 1133 ⁹
912 1115 1091 1154 ,Egyptunn
1116 1121 1157 1144 ne
1178 1112 1262 1144 same
1276 1114 1403 1152 urgeret

66 1161 192 1193 ltaliam
220 1163 371 1203 quisquis
390 1172 461 1194 eam
479 1163 679 1203 provinciam
708 1163 910 1202 claustraque
941 1163 1036 1192 terrm
1058 1170 1097 1192 ac
1122 1158 1221 1191 maris
1251 1159 1403 1201 quamvis

66 1209 128 1240 levi
144 1209 171 1227 ¹⁰
193 1210 343 1250 praesidio
364 1209 536 1241 adversum
550 1209 696 1247 ingentes
716 1209 877 1240 exercitus
894 1208 1072 1240 insedisset.

108 1260 168 1288 LX.
194 1257 255 1288 Sed
272 1256 497 1296 Germanicus,
518 1255 664 1287 nondum
681 1257 848 1296 comperto
872 1255 1108 1296 prosectionem
1134 1265 1206 1288 eam
1231 1255 1401 1295 incusari,

67 1304 138 1335 Nilo
152 1303 392 1336 subvehebatur
408 1313 503 1335 orsus
518 1303 637 1343 oppido
652 1312 670 1333 a
687 1306 827 1343 Canopo.
853 1302 1027 1333 condidere
1055 1302 1089 1334 id
1116 1304 1263 1344 Spartani
1286 1303 1327 1334 ob
1353 1312 1404 1334 se·

67 1351 194 1390 pultum
205 1351 268 1382 illic
285 1354 441 1382 rectorem
460 1350 552 1381 navis
569 1354 737 1389 Canopum
749 1374 757 1389 ‚
774 1359 838 1389 qua
852 1351 1045 1389 tempestate
1061 1351 1224 1382 Menelaus
1246 1350 1402 1382 Graeciam

65 1400 213 1438 repetens
231 1397 396 1429 diversum
413 1397 421 1415 ¹
442 1397 480 1429 ad
497 1405 585 1428 mare
603 1399 788 1436 terramque
808 1396 939 1436 Libyam
957 1396 1109 1436 dejectus.
1124 1397 1202 1428 Inde
1216 1396 1402 1436 proximum

67 1445 172 1476 amnis
194 1453 231 1477 os
253 1444 397 1476 dicatum
413 1444 545 1476 Herculi
560 1444 587 1485 ²,
604 1453 700 1484 quem
716 1443 878 1483 indigenae
892 1444 1002 1474 ortum
1017 1444 1102 1483 apud
1120 1452 1155 1475 se
1169 1447 1202 1475 et
1217 1444 1403 1484 antiquissi-

64 1500 157 1523 mum
174 1492 363 1533 perhibent,
380 1501 499 1532 eosque
516 1492 572 1532 qui
589 1494 701 1532 postea
718 1491 787 1531 pari
808 1491 929 1522 virtute
955 1490 1075 1522 suerint
1096 1491 1123 1531 ³,
1152 1491 1185 1522 in
1211 1500 1404 1531 cognomen-

65 1540 136 1570 tum
155 1539 225 1580 ejus
241 1539 368 1571 ascitos.
388 1548 462 1570 mox
484 1539 562 1570 visit
578 1540 725 1571 veterum
741 1537 925 1569 Thebarum
950 1547 1065 1578 magna
1080 1538 1227 1578 vestigia.
1248 1542 1280 1569 et
1294 1548 1404 1571 mane·

63 1586 145 1619 bant
171 1586 304 1618 structis
327 1586 469 1618 molibus
481 1586 598 1618 litterae
616 1585 784 1626 AEgyptioe⁴
809 1586 954 1626 priorem
975 1585 1176 1626 opulentiam
1199 1585 1402 1627 complexae;

61 1634 243 1674 jussusque
260 1643 277 1665 e
294 1633 477 1665 senioribus
499 1632 705 1665 sacerdotum
723 1632 864 1673 patrium
883 1641 1067 1664 sermonem
1092 1633 1297 1673 interpretari
1324 1633 1404 1664 refe·

64 1680 158 1714 rebat
183 1693 198 1707 «
219 1680 378 1712 habitasse
399 1680 564 1720 quondam
593 1680 795 1720 septingenta
818 1679 919 1711 millia
942 1682 1036 1711 aetate
1064 1679 1213 1720 militari,
1240 1681 1338 1720 atque
1363 1688 1403 1712 eo

65 1738 84 1756 ι
105 1735 179 1759 cum
199 1727 344 1759 exercitu
360 1736 466 1767 regem
484 1727 649 1758 Rhamsen
665 1726 676 1745 ⁵
695 1727 813 1767 Libya,
835 1727 1009 1767 AEthiopia,
1023 1727 1186 1767 Medisque
1208 1727 1240 1758 et
1250 1727 1354 1767 Persis
1370 1730 1404 1759 et

67 1785 84 1801 α
106 1776 274 1807 Bactriano
292 1784 329 1807 ac
344 1775 462 1815 Scytha
476 1774 782 1815 potitum,quasque
798 1776 900 1806 terras
908 1774 977 1814 Syri
988 1774 1195 1815 Armeniique
1210 1775 1242 1806 et
1258 1775 1402 1815 contigui

67 1832 86 1849 ι
103 1822 308 1863 Cappadoces
324 1822 454 1863 colunt,
473 1821 549 1853 inde
565 1822 756 1862 Bithynum,
776 1822 853 1854 hinc
869 1822 1005 1862 Lycium
1026 1821 1066 1853 ad
1081 1821 1189 1853 mare⁶
1206 1822 1340 1862 imperio
1356 1824 1403 1855 te-

96 1909 185 1934 Lvm.
200 1914 221 1933 ι.
235 1909 302 1934 Vide
316 1916 340 1933 c.
350 1915 375 1934 s.
386 1922 417 1927 υ-
428 1915 450 1933 2.
465 1910 485 1933 1.
503 1915 526 1933 e.
541 1910 688 1933 amicitiam
702 1911 729 1934 et
740 1910 891 1934 soedera'in
903 1910 992 1934 numis
1009 1910 1156 1934 concordia
1171 1909 1321 1933 civitatium
1338 1912 1402 1936 dua-

67 1943 119 1969 bus
133 1944 233 1968 dextris
254 1944 356 1974 junctis
369 1944 559 1974 effingebatur.
572 1958 600 1962 —
613 1950 634 1968 3.
651 1945 776 1969 Gentium
791 1945 896 1970 Parthis
914 1945 1097 1975 subjectarum
1123 1946 1248 1974 satrapas
1264 1950 1313 1974 per
1331 1953 1402 1972 nun-

67 1979 126 2004 cios
139 1985 154 2002 e
165 1980 317 2009 propinquo
330 1980 434 2004 missos.

96 2015 162 2039 LIX.
177 2019 197 2038 ι.
213 2016 291 2039 Anno
307 2015 337 2039 U.
354 2020 412 2044 ⁷⁷2,
426 2021 455 2045 p.
467 2015 530 2040 Chr.
549 2021 586 2040 ω.
598 2028 628 2033 -
640 2020 662 2040 2.
677 2016 719 2040 Sc.
735 2020 828 2039 causa.
852 2027 880 2032 -
893 2021 917 2038 5.
940 2016 1030 2040 Romae
1046 2015 1106 2039 urbi
1123 2014 1226 2038 alendae
1245 2015 1398 2039 destinatis.

67 2067 96 2072 —
110 2060 132 2079 ⁴-
144 2055 291 2085 sandaliis,
305 2052 502 2091 ὑποδήμασιν
516 2059 611 2086 utens,
634 2062 689 2081 non
703 2056 802 2081 calceis
816 2056 861 2086 qui
882 2056 965 2085 pedes
987 2062 1066 2080 crure
1088 2057 1168 2079 tenus
1188 2055 1324 2080 velabant.
1339 2070 1369 2074 —
1379 2063 1401 2088 ες,

66 2089 166 2119 Pallio,
179 2096 233 2114 non
244 2093 315 2120 toga.
329 2104 359 2109 -—
371 2097 393 2116 e.
411 2093 563 2117 voluntate.
579 2106 607 2109 —
619 2097 643 2116 ⁷.
658 2094 699 2116 Sc.
713 2093 867 2121 AEgyptum.
881 2104 912 2109 —
930 2098 952 2115 a.
971 2092 1031 2115 Sive
1055 2091 1228 2119 laudantis,
1252 2091 1298 2120 qui
1314 2098 1403 2121 oppo-

67 2126 170 2149 nuntur
181 2126 315 2156 modicis,
330 2128 387 2151 sive
401 2128 619 2158 angusticlaviiS,
633 2133 714 2157 supra
729 2127 754 2156 1,
768 2132 807 2151 7⁵.
817 2139 847 2144 ·—-
857 2132 878 2151 s.
895 2127 951 2151 Sibi
964 2126 1013 2150 soli
1027 2127 1055 2150 ct
1065 2127 1155 2150 domui
1170 2132 1224 2150 suae
1239 2129 1401 2153 reservavit.

68 2159 144 2184 Conf.
158 2162 221 2190 XII,
236 2167 273 2191 eo,
288 2163 316 2185 et
328 2163 397 2187 Hist.
412 2163 437 2192 l,
454 2169 521 2187 ιι-
535 2169 571 2187 ¹0.
586 2164 728 2192 Utcunque
739 2162 803 2187 levi.
816 2163 882 2186 Nam
897 2162 1060 2186 levissimum
1072 2162 1222 2191 praesidium
1234 2162 1267 2185 ad
1282 2162 1328 2185 illa
1341 2162 1401 2187 loca

68 2194 240 2220 defendenda
254 2197 359 2222 sufficit:
373 2199 401 2222 et
409 2198 444 2222 ad
457 2198 576 2223 tenenda
588 2198 846 2228 claustra,AEgypti
857 2198 883 2222 in
894 2199 967 2222 terra
982 2199 1009 2222 et
1021 2197 1103 2224 mari,
1118 2196 1267 2226 Pelusium,
1282 2198 1402 2222 Paraeto-

69 2229 142 2254 nium
150 2249 158 2258 ,
169 2231 293 2257 Pharum.

100 2265 155 2290 LX.
174 2272 193 2290 ι.
206 2267 376 2292 Contrarium
394 2269 451 2293 sive
463 2270 619 2300 oppositum
637 2270 661 2293 ei
674 2270 778 2299 regioni
798 2276 876 2299 quam
892 2269 1011 2300 petebat.
1026 2283 1054 2286 —
1070 2274 1092 2293 2.
1106 2268 1281 2298 Canopicum,
1297 2268 1401 2293 dictum

70 2300 154 2324 etiam
167 2302 392 2333 Heracleoticum,
410 2305 483 2329 inter
495 2307 599 2335 septem
613 2306 682 2330 ostia
694 2305 746 2329 Nili
760 2306 874 2329 maxime
891 2305 1068 2329 occidentale,
1078 2317 1105 2322 -
1114 2310 1134 2328 5.
1153 2304 1281 2328 Hercules
1293 2303 1400 2333 Tyrius,

70 2335 202 2360 Hercules
215 2339 322 2362 Graecus
337 2339 450 2370 duplex,
468 2341 617 2365 secundum
636 2340 807 2371 mythologos
821 2341 960 2370 quosdam.
975 2354 1004 2358 —
1023 2345 1045 2364 4.
1059 2339 1278 2369 Hieroglyphtcae
1291 2340 1319 2362 in
1332 2338 1401 2362 ohe-

73 2369 155 2429 gscis.
169 2384 198 2389 -—
209 2377 231 2396 ις.
242 2374 292 2402 Qui
306 2373 364 2399 aliis
374 2376 513 2400 Sesostris.
527 2388 556 2394 -
565 2381 588 2400 6.
603 2377 716 2401 Pontum
731 2377 860 2400 Euxinum
875 2377 902 2400 et
916 2377 997 2401 maris
1010 2375 1111 2399 interni
1122 2376 1226 2405 partem
1239 2374 1312 2398 inter
1330 2372 1402 2397 Rho·

94 2411 137 2430 um
148 2408 176 2430 et
188 2408 314 2438 Cyprum.
