1539 2668
114 189 173 219 246
483 190 617 219 TACITI
639 190 848 220 ANNALIUM
871 192 943 220 LIB.
969 192 1035 221 XV.

113 262 209 302 tergis
233 261 372 293 contecti
399 261 520 294 laniatu
542 272 657 294 canum
684 263 867 304 interirent,
890 267 946 297 ant
969 264 1118 297 crucibus
1140 264 1246 306 affixi,
1266 267 1322 297 aut
1346 265 1434 299 ssant-

114 309 225 341 mandi
241 309 268 350 7,
284 311 381 350 atque
396 310 449 341 ubi
473 310 639 342 defecisset
655 311 734 351 dies,
751 311 783 342 in
809 321 903 343 usum
927 313 1077 344 nocturni
1094 313 1225 344 luminis
1250 316 1430 345 urerentur.

112 356 224 388 hortos
241 366 315 389 suos
341 358 370 388 ei
397 357 580 397 spectaculo
607 362 689 389 Nero
715 359 890 399 obtulerat,
916 362 948 391 et
973 360 1114 392 circense
1136 360 1295 391 ludicrum
1320 360 1434 393 edebat

113 404 226 435 babitu
249 405 368 445 aurigae
390 405 568 445 permixtus
594 405 678 445 plebi
702 407 753 438 vel
776 407 933 439 curriculo
950 408 1110 439 insistens.
1130 407 1213 439 unde
1236 416 1434 448 quamquam

111 451 267 484 adversus
287 455 396 483 sontes
411 454 442 483 et
467 452 642 483 novissima
655 456 800 494 exempla
823 457 953 488 meritos
969 456 1131 487 miseratio
1154 454 1336 494 oriebatur,
1354 456 1435 486 tam·
1452 493 1454 498 Ι

114 506 210 538 quam
230 509 295 529 non
312 500 447 530 utilitate
463 498 604 539 publica,
621 500 675 531 sed
692 501 724 532 in
739 502 898 534 saevitiam
919 505 1013 535 nnius
1036 503 1292 534 absumerentur.
1452 499 1455 511 “

154 549 242 577 XLV.
271 549 393 577 Interea
407 546 604 578 conserendis
618 549 762 587 pecuniis
778 550 783 567 ¹
802 553 985 590 pervastata
998 551 1099 589 Italia,
1116 550 1290 591 provinciae
1301 557 1434 588 eversae,
1453 567 1456 591 i

111 592 252 632 sociique
276 594 385 633 populi
412 595 443 625 et
465 602 538 634 quae
563 594 743 626 eivitatium
763 597 870 629 liberae
891 599 1056 629 vocantur.
1081 598 1178 637 inque
1199 606 1269 628 eam
1296 595 1434 636 praedam
1454 594 1455 607 ³

112 637 209 669 etiam
228 640 270 670 dii
294 649 427 680 cessere,
445 641 590 681 spoliatis
615 642 646 672 in
669 643 753 675 Urbe
775 645 903 684 templis
919 648 1088 685 egestoque
1104 654 1194 683 auro,
1212 643 1298 684 quod
1325 643 1436 674 trium·
1454 637 1458 655 ’·

112 684 202 725 piris,
224 687 310 727 quod
326 689 410 719 votis
426 688 532 719 omnis
548 690 655 729 populi
667 692 799 722 Romani
816 694 893 722 aetas
907 701 1058 732 prospere
1070 691 1081 708 ²
1101 695 1156 723 aut
1173 692 1204 722 in
1222 693 1310 722 metu
1329 698 1435 720 sacra·
1456 695 1458 703 '

111 734 213 764 verat.
230 735 392 766 enimvero
406 745 461 775 per
475 735 578 767 Asiam
593 739 688 777 atque
700 738 853 769 Achaiam
867 748 931 770 non
945 739 1028 770 dona
1042 740 1183 778 tantum,
1195 737 1250 769 sed
1263 736 1436 768 simulacra

111 781 282 813 numinum
298 782 551 823 abripiebantur,
567 784 672 815 missis
690 785 722 816 iu
740 795 793 816 eas
809 786 989 826 provincias
1007 789 1122 818 Acrato
1137 794 1173 816 ac
1187 783 1332 816 seeundo
1349 781 1433 815 Cari-

112 829 196 859 nate,
212 829 262 861 ille
273 830 406 862 libertus
419 832 599 872 cuicunque
611 832 728 871 flagitio
742 837 924 873 promptus3
938 833 988 864 1110
996 835 1111 864 Graeca
1120 832 1264 864 doctrina
1274 831 1433 862 oretenus

111 876 270 907 exercitus
284 878 527 910 animnmbonis
539 880 660 911 artibus
676 890 739 911 non
754 881 912 912 induerat.
928 880 1099 912 Ferebatur
1115 883 1252 918 Seneca,
1263 886 1329 919 quo
1346 878 1432 908 invi-

111 920 207 954 diam
220 926 393 966 sacrileqii
406 929 542 958 asemel
557 929 730 958 averreret
745 949 754 962 ,
776 928 950 968 lonqinqui
977 929 1072 959 ruris
1093 934 1260 958 secessum
1271 925 1432 962 oravisse,

111 971 144 1000 et
159 974 343 1012 poslquam
360 982 425 1004 non
445 973 805 1015 comedebam-‚ficta
832 974 1047 1014 valetudine,
1073 975 1171 1015 quase·
1192 981 1282 1013 aeqcr
1306 973 1433 1010 nervis,

110 1017 309 1050 cubiculum
335 1029 400 1052 non
422 1030 586 1061 cyressus.
609 1021 768 1052 tradidere
791 1022 926 1061 quidam
949 1031 1117 1054 venenum
1139 1023 1168 1053 ci
1188 1029 1254 1061 per
1274 1020 1436 1052 libertum

110 1065 230 1105 ipsius,
248 1068 301 1098 ceci
319 1077 439 1100 nomen
456 1070 641 1107 Cleonicus,
650 1072 818 1108 paralum
830 1071 932 1109 jussu
944 1070 1261 1108 Neronis‚va·tatmn
1274 1076 1296 1098 a
1312 1069 1435 1099 Seneca

110 1112 300 1151 proditione
321 1115 432 1147 liberti
461 1125 521 1147 seu
545 1118 690 1156 propria
710 1117 920 1156 formidine,
940 1117 1023 1148 dum
1039 1115 1253 1156 persimplici
1282 1115 1374 1145 victu
1401 1113 1437 1145 et

111 1161 419 1201 ayreslibuspomis
437 1172 490 1201 ac,
504 1165 532 1194 si
548 1165 622 1194 silis
640 1163 851 1204 admoneret,
857 1163 1050 1204 profluente
1065 1171 1158 1204 aqua
1174 1163 1283 1193 vitam
1295 1161 1434 1193 tolerat.

152 1210 257 1238 XLVI.
287 1212 345 1239 Per
370 1209 453 1240 idem
479 1212 606 1250 tempus
629 1210 818 1249 gladiatores
844 1211 927 1251 apud
954 1210 1108 1251 oppidum
1132 1209 1291 1240 Praeneste
1316 1209 1437 1240 tentata

113 1255 282 1293 eruptione
300 1257 447 1295 praesidio
464 1258 589 1297 militis,
607 1258 662 1298 qui
694 1260 802 1290 custos
819 1258 943 1290 adesset
959 1259 982 1298 ¹,
999 1257 1129 1290 coerciti
1149 1257 1236 1295 sunt,
1250 1259 1314 1296 jam
1333 1257 1436 1296 Spar-

116 1300 232 1332 tacum
250 1304 283 1333 ct
298 1305 416 1335 vetera
433 1305 529 1336 mala
551 1305 736 1337 rumoribus
752 1307 873 1337 serente
890 1307 1019 1346 populo,
1039 1308 1074 1336 ut
1092 1307 1139 1336 est
1157 1311 1315 1335 novarum
1331 1312 1438 1335 rerum

115 1347 248 1387 euplens
274 1350 486 1391 pavidusque.
512 1356 578 1383 Nec
603 1353 706 1384 multo
733 1354 803 1393 post
829 1352 934 1384 clades
962 1353 1007 1384 rei
1032 1353 1153 1383 navalis
1174 1350 1347 1390 accipitur,
1372 1358 1438 1381 non

116 1392 198 1425 bello
217 1394 346 1436 (quippe
363 1398 449 1429 haud
468 1398 543 1429 alias
560 1403 625 1430 tam
640 1399 772 1431 immota
791 1402 868 1439 pax)
887 1408 894 1430 t
914 1399 969 1431 sed
986 1401 1110 1430 eertum
1124 1398 1163 1430 ad
1179 1398 1264 1429 diem
1283 1399 1318 1428 1η
1343 1398 1440 1428 Cam·

110 1444 261 1482 puniam
278 1443 390 1475 redire
403 1446 545 1477 classem
562 1451 644 1477 Nero
665 1446 802 1487 jusserat
820 1456 884 1477 non
902 1447 1045 1487 exceptis
1061 1446 1072 1464 ²
1089 1445 1186 1477 maris
1203 1444 1339 1476 casibus.
1363 1453 1439 1484 ergo

114 1488 344 1528 gubernatores
361 1493 506 1531 quamvis
520 1493 671 1525 saeviente
688 1495 796 1534 pelago
810 1503 827 1525 a
841 1494 973 1525 Formiis
987 1503 1133 1533 movere3
1148 1495 1179 1524 et
1191 1492 1279 1532 gravi
1296 1491 1400 1522 Africo
1411 1490 1438 1531 ³,

116 1534 193 1566 dum
209 1539 462 1576 promontorium
477 1540 585 1571 Miseni
597 1549 747 1580 superare
756 1541 968 1580 contendunt,
979 1540 1129 1572 Cumanis
1139 1539 1299 1571 littoribus
1309 1539 1438 1579 impacti

116 1582 297 1615 triremium
313 1586 481 1626 plerasque
498 1588 529 1618 et
545 1588 669 1618 minora
688 1588 816 1627 navigia
834 1587 950 1627 passim
968 1587 1155 1618 amiserunt.

157 1632 280 1662 XLVII.
306 1633 381 1663 Fine
403 1635 478 1664 anni
496 1635 666 1673 vulgantur
684 1634 843 1674 prodigia,
865 1634 1102 1665 imminentium
1127 1633 1284 1664 malorum
1312 1632 1436 1664 nuntia.

116 1677 166 1709 vis
178 1677 339 1717 fulgurum
349 1689 413 1710 non
427 1680 504 1711 alias
517 1681 657 1712 crebrior
670 1684 701 1712 et
714 1681 804 1712 sidus
821 1684 973 1720 cometes,
989 1681 1142 1720 sanguine
1157 1679 1271 1711 illustri
1288 1687 1413 1720 semper
1427 1679 1434 1697 ¹

117 1724 235 1755 Neroni
252 1727 431 1766 expiatum.
450 1727 596 1767 bicipites
613 1728 780 1759 hominum
797 1728 976 1759 aliorumve
992 1727 1180 1758 animalium
1195 1729 1306 1767 partus
1323 1725 1440 1765 abjecti

118 1773 149 1806 in
163 1774 341 1815 publicum,
355 1777 456 1808 autin
470 1778 645 1817 sacrificiis,
661 1778 777 1818 quibus
790 1777 938 1816 gravidas
951 1777 1074 1809 hostias
1090 1776 1254 1807 immolare
1268 1785 1337 1807 mos
1351 1779 1400 1808 est
1411 1775 1439 1817 ²,

117 1823 247 1863 reperti.
270 1825 301 1854 et
324 1823 356 1854 10
378 1833 453 1863 agro
476 1825 659 1857 Placentino
675 1826 762 1856 viam
785 1826 912 1864 propter
938 1826 1033 1856 natus
1049 1824 1190 1863 vitulus,
1213 1823 1266 1854 cui
1289 1825 1386 1863 caput
1408 1824 1442 1856 111

118 1878 212 1902 crure
234 1872 329 1902 esset.
348 1874 523 1911 secutaque
546 1873 753 1914 haruspicum
775 1872 1012 1912 interpretatio,
1030 1873 1159 1912 parari
1181 1878 1300 1902 rerum
1322 1870 1441 1902 huma-

118 1969 227 2000 quidem
243 1970 307 1993 vitia
323 1971 491 2000 pervulgata,
504 1971 650 1995 vanitatem
668 1973 696 1995 et
713 1971 892 1995 exsecrandas
911 1970 1118 1999 superstitiones
1132 1969 1254 1998 oderant,
1272 1974 1326 1993 non
1341 1968 1440 1992 huma-

119 2011 182 2030 num
197 2012 281 2035 genus
296 2006 391 2034 ipsum.
405 2006 457 2029 Sed
472 2007 591 2036 Tacitus,
603 2007 657 2030 suis
677 2007 726 2030 diis
741 2012 771 2030 ex
788 2007 877 2030 animo
892 2006 1023 2034 addictus
1039 2005 1175 2034 quomodo
1189 2004 1344 2034 perspicere
1361 2005 1441 2033 pote-

119 2041 323 2066 ratdoctrinam
339 2042 365 2064 ct
379 2042 460 2065 vitam
481 2047 584 2070 eorum,
609 2048 676 2071 quos
690 2041 838 2065 abhorrere
853 2043 882 2064 ut
903 2042 1002 2065 isiacos
1027 2042 1055 2064 et
1080 2040 1192 2064 aliarum
1217 2039 1440 2068 superstitionum

120 2076 293 2100 orientalium
318 2078 444 2100 auctores
459 2082 473 2100 3
489 2078 572 2105 prima
587 2078 702 2107 pueritia
722 2077 867 2100 didicerat?
883 2088 912 2094 -
925 2082 947 2100 ⁷.
965 2076 1090 2099 Flaminis
1110 2075 1242 2098 destinati.
1266 2075 1306 2098 Ad
1320 2080 1387 2103 quos
1401 2081 1439 2099 re

120 2111 199 2141 spicit
219 2111 357 2134 Juvenalis
383 2112 409 2135 in
424 2112 472 2141 his,
493 2112 512 2141 1,
530 2117 589 2136 εὔει
607 2112 691 2137 Toeda
714 2112 818 2136 lucebis
838 2112 869 2136 m
894 2112 966 2141 illa,
989 2116 1046 2141 qua
1065 2111 1174 2135 stantes
1190 2110 1296 2134 ardent
1315 2110 1364 2140 qui
1379 2111 1441 2140 fixo

120 2148 159 2178 (in
178 2145 251 2176 palo)
271 2148 528 2176 qutluresumcmt.
742 2150 745 2152 '

149 2182 225 2205 XLV.
242 2186 260 2203 1.
274 2181 374 2209 Quibus
385 2188 467 2206 aurea
483 2182 576 2206 domus
589 2182 704 2206 Neronis
719 2183 985 2206 construeretur.-—2.
999 2181 1088 2205 Rebus
1100 2186 1231 2210 prospere
1242 2181 1335 2210 gestis.

149 2217 238 2241 XLvr.
254 2217 484 2246 ¹.SubJ'unctivus‚
500 2219 561 2247 (11113
586 2217 628 2241 1113
650 2218 791 2248 praesentia
809 2217 922 2241 militum
940 2222 1029 2241 causa
1047 2217 1087 2240 est
1111 2217 1237 2241 coercitae
1251 2216 1440 2247 eruptionis.—

121 2258 143 2278 2-
154 2253 198 2276 Sc.
214 2252 240 2275 in
254 2251 329 2281 J'nssu
343 2258 391 2275 suo
402 2260 407 2280 ;
419 2254 498 2276 etiarn
510 2253 617 2277 turbido
633 2254 699 2277 mari
714 2253 840 2282 navigare
851 2253 1011 2282 J'ubens.-.·>.
1026 2252 1106 2276 Nobis
1117 2252 1142 2276 le
1154 2253 1208 2276 sud
1225 2254 1313 2276 ouest.

151 2287 253 2311 XLVll.
268 2292 287 2310 1.
306 2286 374 2310 Nam
391 2290 524 2317 regnante
544 2289 652 2312 Nerone
667 2288 812 2317 aliquoties
833 2288 990 2312 visebantur
1000 2288 1118 2311 comctae.
1138 2289 1199 2311 Rem
1217 2288 1375 2317 praesentem
1389 2292 1438 2312 ex-

122 2322 207 2354 plicat
217 2323 369 2350 Suetonius,
386 2329 408 2346 c.
421 2328 449 2347 36
463 2330 468 2346 ;
486 2332 500 2345 «
516 2324 598 2348 Stella
616 2324 722 2353 crinita,
744 2329 803 2353 quae
816 2324 926 2347 summis
948 2323 1128 2353 potestatibus
1141 2324 1251 2348 exitium
1273 2323 1438 2353 portendere

121 2357 203 2387 vulgo
219 2358 337 2387 putatur,
352 2363 400 2387 per
414 2359 557 2382 continuas
579 2360 674 2383 noctes
694 2359 758 2383 oriri
781 2360 909 2387 coeperat.
931 2359 1030 2382 Anxius
1053 2363 1083 2381 ea
1098 2364 1126 2382 re
1145 2360 1224 2388 Nero,
1243 2361 1272 2383 ut
1291 2364 1321 2382 ex
1343 2357 1437 2383 Babilo

122 2392 260 2421 astrologo
275 2392 376 2420 didicit,
391 2393 480 2417 solere
495 2400 572 2423 reges
587 2395 650 2418 talia
667 2395 774 2418 ostenta
794 2394 866 2417 eaede
882 2394 971 2423 aliqua
986 2394 1083 2418 illustri
1104 2396 1211 2424 expiare
1225 2396 1304 2423 atque
1318 2399 1332 2418 3
1349 2393 1436 2417 semet

119 2427 149 2452 in
159 2428 248 2457 capita
262 2433 405 2456 procerum
420 2428 566 2457 depellere,
584 2430 751 2453 nobilissimo
766 2429 861 2458 cuique
875 2429 984 2452 exitium
998 2429 1150 2454 destinavit.
1162 2438 1205 2451 »-
1218 2435 1239 2454 2.
1251 2429 1344 2458 Qualia
1357 2428 1437 2453 eraut
