1539 2668
132 145 170 176 44
537 150 668 179 TACITI
692 150 901 181 ANNALIUM
923 152 997 181 LIB.
1021 153 1062 182 11.

134 221 225 252 viam
246 220 392 260 Appiam
413 221 643 254 Brundisium
658 232 766 264 usque
780 226 929 264 pecunia
950 227 1116 266 operiret.
1132 226 1259 259 inerant
1271 230 1302 260 et
1317 229 1378 262 alia
1393 230 1457 263 hu-

130 264 330 307 juscemodi,
348 267 482 307 stolida,
501 277 601 308 vana3
629 271 655 302 si
682 271 813 303 mollius
835 273 1021 314 acciperes,
1045 273 1238 306 miseranda.
1266 275 1322 306 uni
1346 277 1455 310 tamen

134 312 239 345 libello
256 322 355 346 manu
371 315 500 347 Libonis
516 318 701 350 nominibus
717 322 880 351 Caesarum
905 321 962 352 aut
978 323 1162 352 senatorum
1183 321 1311 354 additas
1333 325 1458 356 atroces

134 359 183 393 vel
200 361 343 393 occultas
367 365 460 394 notas
487 367 660 396 accusator
685 366 850 407 arguebat.
870 369 1007 408 negante
1030 377 1104 408 reo,
1122 371 1330 408 agnoscentes
1345 378 1458 402 servos

133 416 190 448 per
207 409 366 440 tormenta
384 409 580 451 interrogare
594 412 726 452 placuit.
754 415 786 446 et
801 414 878 455 quia
895 418 1004 447 vetere
1025 417 1303 448 senatusconsulto
1323 419 1459 457 quaestio

133 453 167 485 in
183 458 280 496 caput
296 456 422 487 domini
440 458 684 499 prohibebatur,
713 461 849 493 callidus
874 464 906 493 et
929 462 1005 493 novi
1033 461 1115 501 juris
1142 466 1284 504 repertor
1310 464 1460 496 Tiberius

133 503 310 543 mancipari
326 502 337 520 ²
365 503 511 544 singulos
539 506 638 538 actori
664 507 820 548 publico⁸
842 508 954 548 Jubet,
974 509 1099 541 scilicet
1125 512 1162 541 ut
1188 509 1219 540 in
1245 510 1397 542 Libonem
1420 520 1460 543 ex

134 548 236 580 servis
264 550 353 581 salvo
378 553 659 585 senatusconsulto
683 558 893 595 quaereretur.
916 555 958 587 ob
980 565 1053 597 quae
1078 559 1243 598 posterum
1272 557 1356 588 diem
1388 566 1461 590 reus

133 595 266 636 petivit,
282 597 481 639 domumque
497 600 656 640 digressus
670 604 831 635 extremas
842 612 953 644 preces
969 607 1002 635 P.
1017 603 1177 644 Quirinio,
1193 605 1375 644 propinquo
1388 614 1460 644 suo,

134 642 173 674 ad
191 645 371 686 Principem
390 647 568 679 mandavit.

175 694 280 722 XXXI.
298 697 497 734 Responsum
519 698 586 736 est,
604 698 646 728 ut
659 699 820 730 senatum
836 700 986 740 royarel.
1014 698 1202 739 cingebatur
1217 698 1346 729 interim
1360 698 1463 730 milite

133 736 268 778 domus,
285 741 470 781 strepebant
489 742 586 774 etiam
602 743 635 774 in
652 744 831 785 vestibulo,
850 748 886 776 ut
900 745 1021 782 audiri,
1041 747 1076 776 ut
1088 745 1186 785 aspici
1204 747 1347 786 possent,
1361 753 1461 785 quum

134 783 213 815 Libo
230 785 308 826 ipsis
322 812 330 827 ‚
356 798 436 829 quas
450 789 482 821 in
499 791 714 822 novissimam
733 792 933 832 voluptatem
949 793 1162 832 adhibuerat,
1178 793 1281 832 epulis
1295 791 1462 823 exea-ncia-

134 831 187 863 tus
203 841 319 866 vocare
335 845 556 876 percussorem
568 863 576 877 ‚
601 847 750 878 prensare
777 848 943 871 servorum
966 840 1097 871 dextras
1111 865 1119 879 ‚
1137 840 1277 871 inserere
1307 838 1459 879 gladium.

135 878 233 919 atque.
245 880 320 920 illis,
335 882 412 914 dum
428 885 690 925 trepidant‚dum
709 886 883 927 refugiunt,
899 887 1122 919 evertentibus
1132 887 1315 927 appositum
1330 884 1458 917 mensa¹

135 924 266 967 lumen,
292 928 445 962 feralibus
461 931 526 971 jam
545 932 605 963 sibi
622 933 764 964 tenebris
780 933 860 965 duos
876 934 959 965 ictus
975 935 1008 965 in
1024 934 1150 965 viscera
1165 933 1293 964 direxit.
1312 933 1350 964 ad
1366 932 1464 972 gemi-

135 973 204 1003 tum
224 974 410 1008 collabentis
432 987 600 1010 accurrere
616 979 740 1019 liberti3
767 983 799 1012 et
825 981 912 1012 carde
940 981 1007 1012 visa
1024 981 1116 1012 miles
1143 980 1276 1011 abstitit.
1294 979 1463 1011 Accusatio

134 1016 242 1052 tamen
259 1023 341 1062 apud
358 1028 466 1056 Patres
484 1027 721 1058 asseveratione
738 1027 848 1059 eadem
866 1030 1007 1067 peracta,
1022 1027 1207 1068 juravitque
1227 1027 1390 1067 Tiberius,
1403 1037 1463 1068 pe-

136 1066 288 1100 titurum
301 1079 336 1102 se
351 1070 363 1089 ²
390 1074 499 1104 vitam
517 1075 675 1114 quamvis
696 1076 844 1116 nocenti,
863 1077 927 1106 nisi
952 1075 1192 1106 voluntariam
1219 1076 1363 1106 mortem
1378 1083 1461 1115 pro-

131 1119 336 1153 peravisset.

176 1165 297 1195 XXXII.
323 1169 407 1197 Bona
428 1167 511 1198 inter
528 1171 733 1199 accusatores
751 1167 955 1206 dividuntur,
978 1169 1010 1198 et
1034 1171 1183 1208 praeturae
1201 1170 1292 1199 extra
1317 1166 1462 1198 ordinem

135 1207 221 1240 datae
238 1210 243 1227 ¹
268 1211 316 1242 his
330 1215 383 1252 qui
399 1215 548 1245 senatorii
567 1214 690 1245 ordinis
705 1216 807 1245 erant.
825 1218 917 1245 Tunc
931 1216 1023 1245 cotta
1041 1215 1232 1246 Messalinus
1249 1214 1273 1253 ²,
1294 1223 1334 1246 ne
1351 1215 1464 1254 imaqo

135 1256 269 1288 Libonis
287 1262 466 1300 exsequias
488 1263 707 1301 posterorum
733 1262 962 1292 comitaretur
976 1262 1000 1298 ³,
1017 1262 1164 1300 censuit3
1193 1266 1249 1293 Cn.
1269 1261 1421 1293 Lentulus
1436 1258 1462 1299 ⁴,

135 1309 177 1332 ne
192 1306 267 1343 quis
292 1307 484 1338 Scribonius
513 1310 773 1348 coqnomenlum
804 1310 909 1339 Drusi
928 1311 1144 1346 assumeret,-
1165 1309 1465 1348 supplicationum

135 1348 205 1381 dies
231 1354 397 1391 Pomponii
415 1355 517 1384 Flacci
535 1355 695 1386 sententia
720 1355 888 1385 constituti
908 1364 915 1384 :
941 1356 980 1385 ul
997 1354 1090 1386 (Iona
1105 1357 1183 1385 lovi
1196 1379 1204 1393 ‚
1224 1357 1332 1386 Marii
1345 1379 1353 1393 ,
1382 1356 1465 1386 Con·

134 1396 259 1428 cordia?
276 1398 300 1437 ⁵,
326 1403 431 1439 alque
454 1400 585 1432 Iduum
602 1401 853 1441 Septembrium
869 1401 961 1437 cites,
982 1411 1048 1442 quo
1064 1410 1098 1432 se
1118 1401 1197 1432 Libo
1220 1402 1462 1441 interfecerat,

135 1442 331 1482 cliesseslus
349 1446 549 1487 habel-elur,
577 1452 611 1479 L.
635 1452 658 1479 P
664 1471 724 1479 .....
739 1448 750 1466 ⁶
778 1450 811 1479 et
831 1449 940 1479 Gallus
955 1447 1081 1479 Asinius
1095 1450 1128 1479 et
1145 1448 1262 1488 Papius
1284 1448 1418 1479 Mutilus
1432 1448 1463 1478 et

135 1492 169 1520 L.
192 1493 351 1530 Apronius
373 1493 568 1526 decrevere:
594 1504 731 1535 quorum
757 1496 964 1526 auctoritates
988 1495 1257 1535 adulationesque
1289 1494 1401 1533 retuli,
1427 1495 1464 1526 ut

134 1535 272 1569 sciretur
284 1543 375 1571 vetus
388 1540 418 1571 id
434 1541 464 1572 in
483 1541 645 1582 republica
660 1543 793 1573 malum.
812 1546 908 1574 Facta
921 1546 953 1574 et
969 1542 1008 1573 de
1023 1542 1256 1573 mathematicis
1269 1541 1278 1559 ⁷
1298 1542 1464 1582 magisque

135 1583 227 1615 ltalia
252 1586 407 1625 pellendis
432 1590 734 1620 senatusconsulta:
753 1598 891 1629 quornm
917 1599 934 1621 e
963 1598 1096 1620 numero
1123 1593 1155 1620 L.
1173 1590 1339 1620 Pituanius
1354 1598 1433 1620 saxo
1449 1587 1460 1605 ⁸

134 1629 278 1669 dejectus
301 1637 367 1671 est,
388 1634 420 1665 in
448 1637 484 1667 Pi
501 1636 655 1667 Marcium
681 1637 827 1667 consules
845 1639 936 1667 extra
964 1640 1091 1677 portam
1116 1636 1336 1676 Exquilinam,
1361 1644 1462 1676 quum

135 1676 305 1709 classicum
324 1689 435 1712 canere
449 1682 657 1722 jussissent’,
681 1691 771 1714 more
789 1683 895 1723 prisco
915 1684 940 1701 ¹⁰
961 1684 1139 1714 advertere.

176 1727 311 1757 XXXIII.
330 1730 480 1759 Proximo
497 1733 628 1761 senatus
644 1730 695 1761 die
712 1730 814 1761 multa
831 1730 864 1761 in
883 1730 995 1761 luxum
1015 1730 1158 1761 civitatis
1173 1730 1259 1760 dicta
1276 1739 1293 1760 a
1309 1731 1347 1765 Q.
1364 1729 1461 1761 Hate-

136 1768 181 1801 rio
198 1774 359 1805 consulari
370 1799 378 1813 ,
397 1777 531 1807 Octavio
547 1779 707 1808 Frontone
724 1781 863 1817 praetura
879 1778 1007 1816 suncto3
1034 1777 1283 1816 decretumque,
1310 1784 1351 1807 ne
1378 1784 1460 1808 vasa

134 1823 222 1848 auro
238 1821 351 1852 solida
375 1824 614 1855 ministrandis
633 1824 713 1855 cibis
725 1823 874 1864 fierent,
899 1833 940 1855 ne
957 1826 1057 1855 vestis
1072 1826 1180 1856 serica
1198 1822 1459 1862 virosfoedaret.

133 1866 272 1898 excessit
291 1868 295 1885 ¹
319 1872 437 1915 Fronto
450 1879 487 1901 ac
500 1871 675 1911 postulavit
688 1871 828 1902 modum
843 1872 1005 1911 amenta,
1018 1871 1249 1911 supellectili,
1258 1869 1415 1909 familiae
1427 1869 1438 1887 ²
1450 1881 1460 1902 .-

135 1960 162 1963 ——
173 1952 194 1971 2.
211 1949 300 1972 vendi.
316 1950 365 1979 Qui
380 1951 474 1975 modus
493 1952 660 1976 inveniendae
674 1952 796 1976 veritatis
810 1957 860 1981 per
872 1951 1046 1980 quaestionem
1061 1957 1136 1975 more
1153 1951 1284 1980 majorum
1295 1950 1460 1990 prohibitam

131 1983 186 2011 jam
206 1983 239 2007 ab
257 1985 376 2014 Augusto
390 1992 414 2010 a.
428 1987 457 2011 U.
479 1992 522 2011 746
535 1988 674 2012 institutus
688 1988 827 2015 narratur,
842 1987 888 2011 sed
909 1987 1015 2010 videtur
1033 1992 1082 2016 per
1094 1987 1235 2016 imperium
1250 1987 1376 2016 pacatum
1391 1985 1463 2010 illius

134 2017 262 2048 Principis
282 2020 308 2043 in
322 2021 485 2046 oblivionem
500 2023 623 2046 abivisse.
635 2029 696 2046 —5.
709 2022 864 2046 Intendant
874 2022 913 2045 du
921 2022 983 2052 fise.

163 2053 260 2076 XXXI.
272 2059 293 2077 ι.
314 2056 364 2079 Pro
377 2057 401 2079 in
415 2063 504 2080 mensa
514 2076 521 2086 ‚
537 2059 566 2081 nt
577 2058 689 2087 simplex
700 2058 827 2087 positum
839 2057 1013 2080 construitur.
1025 2061 1082 2080 -Ξ,
1095 2057 1137 2079 Sc.
1151 2055 1241 2079 fuisse.

164 2088 273 2113 XXXII.
290 2095 310 2112 ι.
325 2090 397 2114 Unus
408 2093 487 2116 modo
499 2095 597 2121 praetor
607 2093 727 2116 obierat:
738 2093 759 2116 si
772 2097 913 2116 numerum
924 2091 1073 2120 legitimum
1084 2095 1110 2114 ιε
1121 2091 1265 2119 praetorurn
1272 2090 1395 2114 Tiberius
1405 2095 1460 2115 non

136 2121 209 2145 auxit
222 2124 302 2152 (quod
314 2130 342 2148 se
353 2131 407 2150 non
421 2126 555 2151 facturum
566 2128 706 2156 juraverat
721 2128 740 2156 l,
754 2127 803 2156 u),
819 2125 929 2155 reliquae
947 2127 1069 2155 praeturae
1087 2125 1114 2148 in
1134 2125 1282 2154 proximum
1296 2130 1397 2148 annum
1411 2126 1459 2149 de-

135 2156 241 2181 stinatae
255 2161 340 2183 erant.
353 2173 378 2176 —
390 2166 411 2184 2.
426 2162 507 2185 Filius
524 2163 638 2186 celebris
651 2163 766 2186 oratoris
785 2162 817 2186 M.
834 2161 934 2185 Valerii
949 2160 1068 2184 Messalae
1081 2160 1199 2184 Corvini.
1218 2172 1243 2175 ——
1256 2165 1278 2183 s.
1299 2160 1398 2184 Notum
1419 2163 1460 2186 est

136 2193 264 2217 anteferri
284 2195 376 2220 solitas
389 2197 520 2227 imagines
534 2199 664 2227 majorum
679 2199 706 2222 in
720 2196 862 2227 exsequiis.
877 2209 906 2214 —
918 2200 932 2219 4
955 2196 993 2220 De
1007 2202 1060 2225 quo
1078 2196 1125 2225 IV,
1142 2200 1180 2219 44.
1203 2208 1227 2212 -
1244 2201 1267 2220 ις.
1281 2197 1323 2220 Sc.
1346 2195 1458 2227 fierent,

139 2227 335 2254 indicarentur.
363 2244 392 2248 —
410 2237 432 2256 e.
457 2233 561 2257 Nomen
581 2234 726 2258 incertum.
745 2232 815 2257 Nihil
838 2232 888 2256 nisi
905 2232 936 2255 P.
955 2231 983 2254 in
999 2231 1194 2260 manuscripto.
1209 2243 1238 2248 —
1250 2236 1271 2255 7.
1296 2231 1394 2255 lisdem
1413 2234 1459 2262 qut

135 2268 217 2290 suma
231 2269 253 2288 c.
268 2269 296 2289 27
313 2265 440 2291 Chaldaei
454 2268 590 2291 nominati.
603 2280 629 2284 -
643 2274 668 2292 a.
681 2268 803 2297 Tarpeio.
815 2272 879 2290 —a.
893 2267 959 2290 Cive
972 2266 1011 2290 rei
1024 2265 1146 2295 capitalis
1160 2266 1301 2295 damnato,
1316 2266 1458 2291 classicum

141 2298 169 2323 in
180 2298 365 2324 celeberrimis
378 2302 456 2326 Urbis
473 2303 539 2327 Iocis
558 2303 720 2331 canebatur;
735 2304 873 2333 postremo
887 2302 950 2326 ante
961 2301 1071 2331 januam
1089 2301 1217 2325 damuati.
1229 2314 1256 2318 -
1271 2307 1305 2325 ιο.
1325 2302 1375 2331 Qut
1398 2302 1460 2326 talis

135 2335 212 2358 erat:
226 2335 290 2359 nudi
304 2336 421 2361 hominis
435 2339 525 2362 cervix
547 2338 717 2362 inserebatur
737 2338 833 2367 turcae,
848 2342 946 2367 corpus
963 2337 1045 2366 virgis
1058 2337 1092 2361 ad
1108 2342 1203 2360 necem
1225 2336 1394 2366 caedcbatur,
1410 2337 1458 2361 de-

135 2366 214 2397 nique
226 2372 316 2395 securi
333 2373 543 2402 percutiebatur.

165 2407 287 2433 XXXIII.
305 2414 325 2433 ι.
339 2409 382 2433 Sc.
397 2408 557 2432 relationem
570 2415 575 2432 :
590 2408 617 2432 in
636 2408 749 2433 dicenda
763 2408 898 2433 sententia
910 2407 950 2432 rel
960 2426 968 2436 ,
982 2407 1016 2432 de
1028 2413 1080 2438 qua
1096 2407 1241 2438 agebatur,
1263 2413 1322 2433 rem
1340 2407 1456 2433 alienam
