1539 2668
137 168 199 201 288
513 167 646 199 nem
668 167 948 199 BISTORIARUM
970 169 1043 199 LIB.
1069 170 1095 199 1.

137 244 261 278 taliter
284 243 407 277 electos
430 251 496 274 non
525 242 656 275 senatus
678 241 776 274 modo
800 245 833 275 et
859 247 983 284 Eques,
1007 243 1080 284 quis
1108 242 1215 284 aliqua
1237 252 1311 284 pars
1335 247 1368 277 et
1388 254 1465 281 cura

137 290 346 333 reipublicae,
367 289 423 322 sed
445 289 560 331 vulgus
582 298 710 330 quoque
738 289 844 330 palam
866 298 1011 322 moerere.
1034 298 1093 322 nec
1114 290 1181 330 J’am
1207 290 1347 323 recentia
1370 301 1465 326 saevae

138 338 228 381 pacis
243 338 389 379 exempla
403 361 412 376 ‚
434 337 491 369 sed
512 336 648 378 repetita
671 336 830 368 bellorum
849 337 994 370 civilium
1019 338 1174 369 memoria
1199 340 1342 378 captam
1367 340 1465 372 toties

137 387 212 419 suis
237 385 444 418 exercitibus
474 384 619 424 Urbem,
654 385 855 416 vastitatem
878 385 1018 425 Italiae,
1043 384 1250 426 direptiones
1272 387 1467 426 provincia·

138 442 237 474 rum,
252 433 492 473 Pharsaliam,
509 432 688 472 Philippos
701 433 734 464 et
751 433 934 464 Perusiam
947 441 989 464 ac
1001 434 1178 464 Mutinam
1188 441 1214 472 ¹,
1228 434 1305 465 nota
1320 433 1465 474 publica·

137 490 210 515 rum
225 480 367 512 cladium
385 479 531 518 nomina,
551 478 774 520 loquebantur.
792 492 807 506 «
823 489 922 521 prope
935 488 1085 512 eversum
1100 480 1230 519 orbem,
1248 480 1346 512 etiam
1364 488 1466 521 quum

138 540 156 558 «ι.
173 529 213 561 de
229 527 408 569 principatu
428 526 512 558 inter
538 526 640 558 bonos
661 527 849 566 certaretur,
874 526 930 558 sed
955 526 1108 559 mansisse
1132 531 1166 560 C.
1189 528 1291 567 sulio,
1308 527 1467 560 mansisse

138 588 155 603 ι(
172 579 297 608 Caesare
312 576 456 614 Augusto
473 573 596 606 victore
608 573 779 615 imperium
798 584 805 605 :
822 583 1006 606 mansuram
1024 575 1122 607 fuisse
1142 575 1202 607 sub
1224 575 1376 616 Pompeio
1391 578 1468 606 Bru-

138 634 155 651 «
173 624 274 663 toque
296 621 541 662 rempublicam.
561 630 648 653 nunc
665 630 721 662 pro
738 622 866 653 Othone
885 631 925 653 an
942 631 1000 662 pro
1014 623 1143 654 Vitellio
1157 622 1191 653 in
1208 623 1328 663 templa
1344 622 1468 654 ituros?

139 684 154 698 «
172 671 326 710 utrasque
351 669 466 709 impias
491 678 620 710 preces,
633 670 772 710 utraque
801 668 990 701 detestanda
1012 673 1105 709 vota,
1119 669 1202 701 inter
1222 670 1305 701 duos
1327 676 1466 710 quorum

139 730 155 744 «
171 717 255 749 bello
277 717 383 749 solum
409 716 441 748 id
465 717 586 756 scires,
603 717 797 749 deteriorem
815 716 883 748 sore
906 716 962 757 qui
979 716 1120 748 vicisset.
1134 729 1150 744 ι)
1169 718 1262 748 erant
1279 718 1335 757 qui
1351 721 1466 758 Vespa·

136 765 264 797 sianum
279 765 311 797 et
328 773 418 796 arma
432 765 573 797 Orientis
587 765 835 805 augurarentur,
853 765 886 796 et
904 766 940 796 ut
955 763 1060 804 potior
1078 765 1214 804 utroque
1231 764 1466 804 Vespasianus,

134 811 181 844 ita
197 812 316 844 bellum
338 812 423 843 aliud
441 815 538 853 atque
558 812 635 844 alias
652 811 759 843 clades
783 810 968 843 horrebant.
993 811 1025 842 et
1047 810 1199 851 ambigua
1215 811 1256 843 de
1270 811 1467 853 vespasiano

137 860 240 901 sama,
255 860 408 900 solusque
425 859 573 891 omnium
589 860 664 891 ante
679 868 713 891 se
727 858 914 899 Principum
931 858 964 889 in
979 859 1094 890 melius
1109 860 1253 891 mutatus
1266 861 1326 891 est.

179 911 228 939 LI.
255 911 349 939 Nunc
361 906 453 939 initia
472 915 649 948 causasque
669 907 778 938 motus
791 906 954 938 Vitelliani
970 906 1151 946 expediam.
1170 915 1255 938 caeso
1269 915 1343 938 cum
1360 906 1467 939 omni-

136 954 198 986 bus
223 955 325 995 copiis
347 954 430 986 Julio
446 954 580 986 Vindice
600 954 607 971 ¹
634 954 722 985 ferox
747 953 855 994 praeda
877 953 1041 993 gloriaque
1059 953 1242 994 exercitus,
1268 955 1305 986 ut
1326 954 1378 986 cui
1400 953 1468 986 sine

135 1000 247 1034 labore
274 1004 306 1034 et
332 1002 475 1042 periculo
502 1000 654 1033 ditissimi
683 1001 760 1033 belli
786 1001 923 1033 victoria
957 1000 1139 1041 evenisset,
1166 1001 1405 1042 expeditionem
1433 1001 1467 1034 et

134 1049 238 1081 aciem
257 1049 283 1089 ²,
299 1049 433 1090 praemia
457 1058 555 1082 auam
577 1048 738 1089 stipendia
755 1048 906 1080 malebat.
931 1048 985 1079 diu
1012 1049 1246 1080 infructuosam
1266 1050 1299 1081 et
1318 1056 1466 1090 asperam

137 1096 286 1128 militiam
300 1091 516 1128 toleraverant
533 1095 661 1135 ingenio
686 1096 747 1126 loci
766 1096 903 1135 coelique
917 1097 949 1126 et
968 1096 1136 1127 severitate
1153 1095 1345 1136 disciplinae,
1368 1104 1466 1136 quam

136 1142 168 1173 in
186 1152 264 1184 pace
290 1143 520 1174 inexorabilem
548 1141 718 1174 discordiae
740 1142 861 1173 civium
887 1143 1053 1174 resolvunt
1075 1143 1197 1183 paratis
1215 1142 1379 1182 utrimque
1398 1151 1467 1174 cor-

138 1191 323 1230 ruptoribus
347 1193 379 1222 et
403 1190 536 1231 persidia
556 1190 725 1231 impunita.
744 1190 824 1229 viri,
843 1199 951 1231 arma,
975 1191 1049 1231 equi
1066 1190 1106 1222 ad
1123 1199 1218 1221 usum
1241 1190 1273 1221 et
1300 1189 1340 1221 ad
1366 1189 1466 1225 decus

135 1240 324 1278 supererant
340 1238 366 1277 ³,
390 1237 444 1268 sed
464 1239 539 1268 ante
557 1237 677 1268 bellum
691 1238 854 1269 centurias
867 1240 992 1269 tantum
1006 1247 1081 1269 suas
1097 1240 1283 1277 turmasque
1296 1240 1466 1280 noverant,

136 1286 299 1317 exercitus
323 1285 440 1316 linibus
462 1284 702 1325 provinciarum
723 1285 987 1317 discernebantur
1001 1285 1026 1315 ⁴.
1044 1287 1111 1316 tum
1128 1285 1283 1317 adversus
1296 1284 1465 1317 Vindicem

137 1334 309 1364 contracta·
330 1333 469 1372 legiones
486 1341 584 1373 seque
606 1335 638 1364 et
660 1332 776 1364 Gallias
801 1335 944 1373 expertae
961 1341 1103 1373 quaerere
1119 1341 1232 1364 rursus
1249 1340 1337 1363 arma
1349 1340 1463 1364 novas·

136 1389 200 1419 que
221 1380 399 1411 discordias
418 1389 425 1410 ε
454 1389 513 1411 nec
532 1381 635 1418 socios
661 1380 698 1411 ut
723 1379 816 1419 olim,
835 1379 890 1411 sed
913 1380 1025 1411 hostes
1046 1382 1076 1411 et
1096 1381 1201 1411 victos
1222 1379 1392 1411 vocabant.
1406 1388 1466 1412 nec

137 1422 246 1453 deerat
268 1431 340 1462 pars
365 1422 537 1453 Galliarum
552 1447 561 1461 ,
579 1430 653 1463 quae
680 1421 829 1452 Rhenum
856 1421 993 1460 accolit,
1012 1421 1141 1453 easdem
1168 1423 1273 1461 partes
1294 1423 1404 1452 secuta
1429 1430 1466 1453 ac

136 1472 205 1502 tum
223 1469 377 1500 acerrima
403 1469 582 1508 instigatrix
610 1468 762 1500 adversus
780 1468 968 1500 Galbianos
982 1468 992 1486 ⁵
1010 1479 1020 1499 :
1042 1469 1102 1499 lroc
1117 1469 1202 1500 enim
1219 1477 1336 1499 nomen
1349 1492 1357 1508 ,
1383 1467 1467 1499 sasti-

135 1517 203 1548 dito
227 1516 379 1554 Vindice,
409 1516 601 1547 indiderant.
631 1516 728 1555 igitur
753 1516 910 1556 Sequanis
936 1516 1103 1555 AEduisque
1130 1524 1167 1546 ac
1201 1515 1338 1554 deinde,
1370 1516 1467 1555 prout

136 1563 300 1604 opulentia
324 1564 508 1595 civitatibus
526 1565 612 1602 erat,
642 1563 758 1594 infensi
785 1563 1040 1603 expugnationes
1065 1562 1213 1600 urbium,
1241 1562 1464 1602 populationes

135 1620 303 1651 agrorum,
323 1614 430 1651 raptus
445 1611 608 1651 penatium
626 1611 806 1641 hauserunt
823 1610 931 1641 animo
943 1634 951 1648 ,
977 1619 1073 1649 super
1086 1610 1254 1640 avaritiam
1271 1611 1302 1639 et
1319 1617 1464 1649 arrogan-

136 1658 213 1689 tiam
226 1683 234 1697 ‚
260 1659 423 1698 praecipua
449 1658 640 1688 validiorum
667 1657 764 1695 vitia,
783 1656 986 1688 contumacia
1002 1656 1162 1687 Gallorum
1188 1656 1321 1696 irritati,
1342 1656 1398 1696 qui
1414 1665 1464 1688 re-

135 1707 276 1736 missam
293 1705 356 1736 sibi
369 1714 390 1736 a
409 1705 519 1736 Galba
535 1706 703 1745 quartam
718 1704 931 1735 tribulorum
943 1705 1080 1743 partem
1095 1706 1127 1734 et
1139 1703 1272 1743 publice
1283 1703 1426 1734 donatos
1436 1702 1463 1742 θ,

134 1754 167 1785 in
187 1752 394 1792 ignominiam
418 1751 599 1791 exercitus,
629 1751 806 1790 jactabant.
834 1750 969 1782 accessit
994 1750 1108 1781 callide
1132 1751 1299 1789 vulgatum
1314 1775 1321 1789 ‚
1346 1753 1465 1781 temere

135 1800 310 1838 creditum,
330 1799 507 1830 ‹lecumari
529 1799 673 1839 Ieyiones
694 1801 727 1830 et
734 1800 1029 1839 promptissimum
1043 1805 1210 1838 quemque
1223 1799 1462 1828 centurionum

134 1847 274 1879 dimitti.
303 1847 446 1887 undiquc
463 1848 588 1877 atroces
607 1846 732 1885 nuntii,
751 1846 879 1876 sinistra
894 1854 932 1876 ex
954 1844 1038 1876 Urbe
1055 1845 1138 1874 sama
1157 1855 1164 1875 2
1187 1845 1310 1875 insensa
1337 1843 1463 1884 Lugdu-

104 1891 109 1895 ”
136 1894 242 1926 nensis
258 1894 383 1925 colonia
400 1895 430 1924 et
450 1893 608 1934 pertinaci
625 1902 682 1933 pro
698 1896 826 1925 Nerone
841 1892 902 1923 tide
918 1892 927 1910 ⁷
951 1892 1099 1922 soecunda
1114 1891 1307 1923 rumoribus.
1329 1891 1384 1922 sed
1398 1891 1463 1932 plu-

135 1942 217 1973 rima
237 1942 275 1973 ad
299 1941 484 1981 fingendum
502 1940 761 1981 credendumque
776 1940 924 1972 materIes
941 1940 973 1971 in
990 1940 1069 1980 ipsis
1082 1939 1195 1970 castris
1209 1939 1301 1979 odio,
1318 1941 1405 1970 metu
1420 1941 1464 1978 et,

136 1989 192 2020 ubi
210 1990 293 2020 vires
310 1998 384 2020 suas
401 1990 629 2029 respexerant,
653 1988 837 2019 securitate.

177 2041 242 2068 LII.
267 2036 331 2068 Sub
356 2037 438 2076 ipsas
459 2036 632 2077 superioris
646 2036 722 2067 anni
739 2035 888 2067 kalendas
904 2034 1101 2067 Decembres
1123 2033 1224 2065 Aulus
1243 2032 1392 2064 Vitellius
1418 2031 1465 2062 in-

166 2132 194 2155 L-
213 2137 232 2154 ι.
251 2131 378 2159 Pharsali,
394 2131 519 2155 (Iaesarin
542 2130 706 2160 Pompeium,
730 2136 754 2153 a.
768 2129 799 2154 U.
818 2134 876 2157 7os;
901 2128 1018 2155 Mutinae,
1036 2126 1190 2156 respublica
1216 2125 1243 2148 in
1262 2124 1419 2152 Antonium,
1439 2131 1462 2149 a.

134 2170 194 2194 7u;
218 2166 363 2196 Philippis,
388 2168 555 2191 Octavianus
582 2168 609 2190 in
627 2167 739 2190 Brutum
764 2167 792 2189 et
815 2165 989 2192 Cassiurn‚a.
1005 2168 1062 2192 7·12;
1089 2163 1221 2188 Pcrusiae,
1247 2161 1273 2183 in
1297 2160 1460 2188 Antonium.

137 2208 162 2226 a.
175 2207 225 2226 713.

169 2238 208 2261 Ll.
222 2238 239 2261 l⁴
254 2238 330 2261 Conf.
346 2244 367 2261 c*
383 2244 405 2266 c,
418 2240 476 2262 not.
496 2244 573 2262 9.-2,
595 2238 741 2262 Λῠάίῑιιτιιε
763 2237 897 2267 cupiebat
919 2236 962 2260 vel
983 2235 1069 2259 simile
1092 2232 1202 2262 aliquid,
1228 2231 1462 2255 constructionem

138 2274 237 2302 mutat,
258 2274 334 2302 quasi
348 2274 460 2298 dixisset
472 2274 681 2303 expeditionem
695 2280 780 2304 quam
801 2274 958 2297 etiarm—5.
983 2270 1230 2295 Abundantius—4.
1253 2268 1284 2291 Et
1298 2267 1421 2296 superior
1436 2267 1464 2291 et

139 2308 253 2333 inferior
279 2310 417 2332 exercitus
433 2316 542 2333 suarum
569 2311 772 2339 provinciarum
795 2307 953 2339 (superioris
977 2308 1005 2330 et
1026 2305 1164 2329 inferioris
1184 2302 1344 2332 Germaniae)
1364 2301 1462 2326 tinibus

138 2345 361 2371 continebantur.
376 2351 438 2369 -Β,
456 2347 587 2370 Nimirum
603 2352 650 2369 cos
664 2346 756 2370 Gallos
768 2351 835 2375 quos
848 2343 949 2368 Vindex
971 2349 1019 2372 pro
1033 2341 1115 2365 Galba
1131 2340 1330 2363 concitaverat·
1346 2351 1375 2356 —-
1387 2339 1460 2362 e.Se.

135 2382 250 2407 civitate
265 2383 384 2405 Romana
398 2383 433 2411 (v.
447 2388 507 2412 cap.
523 2382 545 2409 a>
569 2382 596 2404 ct
620 2382 702 2411 agris,
715 2387 784 2412 quos
806 2379 891 2406 Galba
910 2378 1029 2404 Treviris
1051 2377 1077 2401 ct
1092 2376 1149 2400 aliis
1165 2375 1324 2405 ci⁴ip11it.*7·
1349 2374 1462 2398 Causam

139 2418 199 2443 vide
215 2418 288 2443 Anu.
304 2417 372 2448 XVI,
388 2422 422 2447 ιε,
438 2419 467 2442 et
477 2418 547 2443 inira
562 2422 584 2441 c.
599 2422 635 2441 05.
