1539 2668
93 176 141 206 ⁴28
511 171 643 200 TACITl
667 169 877 199 ANNALIUM
900 169 973 198 LIB.
998 169 1022 197 Ι.

90 246 337 281 occurrentium
352 243 551 276 obturbavit.
567 244 659 275 tanta
675 242 748 274 inde
761 241 978 274 consternatio
991 241 1143 282 irrupisse
1165 244 1339 273 Germanos
1354 250 1424 275 cre-

96 294 244 326 dentium
255 318 263 333 ,
280 295 316 324 ut
330 292 437 324 cuncti
452 292 581 323 ruerent
597 290 637 322 ad
652 292 761 330 portas
779 299 786 321 :
801 298 938 330 quarum
956 289 1136 321 decumana
1152 288 1159 306 ¹
1181 288 1321 321 maxime
1336 290 1425 329 pete-

95 342 211 380 batur,
232 349 343 372 aversa
367 339 450 371 hosti
473 340 504 370 et
528 337 723 379 fugientibus
745 337 855 369 tutior.
873 337 1016 377 Caecina,
1037 337 1202 376 comperto
1219 344 1334 367 vanam
1357 344 1426 368 esse

92 388 322 427 formidinem,
350 396 452 428 quum
476 387 586 418 tamen
613 393 716 425 neque
740 385 933 416 auctoritate
956 392 1061 425 neque
1077 383 1247 424 precibus,
1270 392 1311 415 ne
1328 391 1427 415 manu

90 436 230 478 'quidem
249 435 407 466 obsistere
427 435 483 466 aut
500 434 637 465 retinere
655 432 791 463 militem
808 431 934 472 quiret,
954 431 1117 472 projectus
1134 431 1168 462 in
1184 431 1295 463 limine
1310 431 1425 473 portae,
1450 437 1455 464 ἓ

93 483 303 515 miseratione
316 483 470 521 demum,
488 481 563 522 quia
581 489 637 521 per
656 488 773 520 corpus
791 479 883 520 legati
906 479 1050 510 eundum
1066 481 1153 518 erat,
1179 478 1293 510 clausit
1314 480 1401 510 viam
1416 489 1426 519 ;
1449 475 1453 493 ¹

96 530 196 562 simul
214 530 334 562 tribuni
352 531 384 561 et
403 529 608 560 centuriones
625 528 741 558 salsum
757 535 909 568 pavorem
926 535 996 558 esse
1016 526 1208 557 docuerunt.
1446 533 1453 570 g

140 581 262 609 LXVII.
286 582 377 609 Tunc
395 576 577 607 contractos
600 574 632 606 in
650 574 829 615 principia,
848 575 1020 627 jussosque
1037 573 1122 605 dieta
1140 582 1215 604 cum
1232 572 1361 604 silentio
1377 580 1427 604 ac·

92 624 223 665 cipere,
239 624 394 665 temporis
412 632 449 654 ae
465 622 667 654 necessitatis
684 624 823 653 monet:
846 634 859 648 c<
878 630 973 653 unam
987 621 1020 652 in
1038 620 1134 652 armis
1147 621 1305 660 salutem,
1324 618 1380 651 sed
1392 627 1429 652 ea

100 683 117 697 «
131 672 266 702 consilio
281 671 510 712 temperanda,
535 669 801 709 manendumque
828 668 915 700 intra
932 668 1073 707 vallum,
1098 668 1201 698 donec
1223 666 1429 707 expugnandi

100 730 116 744 «
131 718 239 750 hostes
256 719 261 736 ¹
294 727 352 759 spe
385 718 516 760 propius
541 717 775 756 succederent;
809 725 886 747 mox
919 715 1062 755 undique
1087 714 1342 754 erumpendum;
1374 714 1429 745 illa

98 777 116 791 ει
131 766 298 806 eruptione
313 766 351 797 ad
370 765 519 797 Rhenum
535 764 708 805 perveniri.
725 763 841 804 quodsi
858 763 1022 802 fugerent,
1043 763 1149 802 plures
1166 762 1281 800 silvas,
1294 760 1429 802 profun-

98 825 116 840 «
133 812 191 844 das
208 814 310 853 magis
325 812 474 853 paludeS‚
493 812 653 844 soevitiam
674 811 817 842 bostium
839 819 1028 850 superesse;
1048 812 1082 841 at
1107 809 1287 840 victoribus
1308 808 1429 848 decus,

98 872 116 886 «ι
131 860 263 900 gloriam
281 870 288 891 z
307 873 321 886 »
339 868 413 900 quae
431 860 519 890 domi
534 868 625 897 cara,
645 867 719 898 quae
734 858 766 888 in
782 858 896 889 eastris
913 857 1065 897 honesta,
1095 858 1277 896 memorat3
1300 856 1430 888 reticuit

96 905 138 938 de
154 907 309 939 adversis.
328 912 432 948 Equos
446 907 563 938 debinc
575 930 583 945 ,
599 915 692 937 orsus
710 914 728 936 a
746 906 814 937 suis
827 930 835 945 ,
856 905 1032 945 legatorum
1056 904 1327 944 tribunorumque
1343 903 1430 935 nulla

98 953 273 985 ambitione»
288 955 465 987 fortissimo
482 954 599 994 cuique
612 952 755 984 bellatori
774 952 884 992 tradit,
903 954 939 983 ut
953 952 995 991 hi,
1015 961 1090 983 mox
1103 951 1201 992 pedes
1214 950 1241 991 ²,
1256 951 1288 982 in
1302 951 1429 983 hostem

96 1001 299 1033 invaderent.

138 1050 278 1080 LXVIII.
305 1048 399 1080 Haud
417 1048 523 1080 minus
544 1048 672 1088 inquies
690 1051 867 1079 Germanus
884 1055 940 1086 spe
954 1071 962 1086 ,
989 1046 1142 1086 cupidine
1159 1048 1191 1078 et
1210 1046 1347 1078 diversis
1369 1045 1431 1077 du-

96 1105 173 1128 cum
187 1096 359 1127 sententiis
379 1096 512 1133 agebat,
532 1094 675 1126 Arminio
688 1118 696 1132 ,
717 1095 869 1125 sinerent
895 1093 1010 1133 eoredz‘
1024 1119 1032 1132 ‚
1050 1102 1266 1134 eqressosque
1288 1100 1431 1124 rursum

95 1151 162 1184 per
176 1143 320 1174 humida
338 1146 369 1173 ec
384 1142 552 1182 ‘impedita
579 1142 888 1179 circumvenerant,
909 1140 1085 1179 suadente;
1116 1141 1274 1171 atrociora
1301 1140 1430 1179 Inguio-

98 1199 186 1222 mero
198 1193 229 1221 et
244 1191 316 1221 lanta
331 1190 489 1228 barbaris,
505 1191 545 1220 ut
560 1189 697 1220 vallum
711 1189 818 1218 armis
830 1187 1003 1218 ambirent
1018 1188 1243 1226 :promptam
1255 1194 1429 1227 eoepuqna-

100 1239 245 1272 tionem,
270 1238 391 1277 plures
408 1238 581 1275 captivos,
609 1236 853 1274 incorruptam
868 1233 1032 1273 praedczm
1048 1233 1141 1273 sore.
1163 1233 1262 1273 igitur
1285 1236 1356 1265 orta
1379 1233 1432 1264 die

98 1287 260 1325 proruunt
288 1285 390 1314 t'ossas
408 1284 413 1299 ¹
432 1307 440 1322 ,
465 1282 615 1321 injiciunt
637 1284 761 1319 crates,
786 1289 915 1312 summa
944 1280 1020 1311 valli
1049 1282 1222 1320 prensant,
1249 1289 1320 1312 raro
1336 1280 1432 1320 super

99 1331 204 1363 milite
221 1335 251 1363 et
277 1331 370 1370 quasi
385 1329 427 1360 ob
445 1331 568 1361 metum
592 1328 708 1360 defixo.
735 1330 907 1368 postquam
935 1327 1055 1358 haesere
1079 1327 1313 1367 munimentis,
1337 1328 1431 1359 datur

100 1378 287 1409 cohortibus
302 1378 430 1416 signum
443 1399 451 1413 ‚
470 1384 657 1416 cornuaque
679 1385 716 1406 ac
730 1375 818 1406 tubae
841 1374 1046 1405 concinuere.
1065 1374 1139 1405 extn
1165 1374 1308 1406 clamore
1327 1375 1428 1406 etim·

99 1427 175 1466 petu
194 1425 291 1464 tergis
307 1428 539 1456 Germanorum
555 1422 875 1460 circumfunduntur,
895 1421 1126 1461 exprobrantes
1138 1420 1164 1460 ²,
1177 1430 1241 1453 non
1259 1422 1313 1454 ln'c
1325 1423 1431 1454 silvas

101 1480 161 1504 nec
172 1472 337 1513 paludes,
355 1471 414 1502 sed
430 1472 536 1511 (equis
554 1470 635 1502 locis
649 1477 763 1510 (equos
780 1468 869 1500 deos.
891 1468 975 1500 hosti
1001 1468 1094 1499 facile
1111 1468 1288 1508 excidium,
1304 1471 1334 1501 et
1351 1479 1431 1510 pau-

100 1527 154 1550 cos
172 1528 209 1550 ac
228 1527 405 1550 semermos
423 1518 576 1557 cogitanti
603 1525 702 1548 sonus
735 1515 907 1555 tubarum,
937 1516 1039 1555 fulgor
1065 1524 1229 1547 armorum
1243 1540 1251 1554 ,
1276 1520 1398 1556 quanto
1417 1518 1429 1536 ³

99 1565 243 1606 inopina,
259 1568 350 1597 lanto
365 1565 485 1604 majora
501 1563 737 1601 ol't'unduntur3
754 1562 987 1602 cadebantque,
1004 1566 1039 1593 ut
1054 1563 1149 1594 rebus
1165 1563 1316 1595 secundis
1329 1564 1429 1605 avidi,

100 1614 146 1646 ila
161 1613 306 1644 adversis
322 1612 455 1642 incauti.
475 1611 640 1642 Arminius
664 1610 803 1649 integer,
825 1610 1050 1649 Inguiomerus
1074 1612 1147 1650 post
1166 1619 1262 1650 grave
1288 1611 1408 1643 vulnus
1421 1636 1430 1652 ,

100 1669 239 1701 pugnam
257 1660 425 1690 deseruere
441 1668 447 1688 :
468 1658 583 1698 vulgus
600 1657 799 1688 trucidatum
824 1660 891 1694 est,
909 1656 1012 1687 denec
1031 1657 1077 1687 ira
1091 1659 1123 1688 et
1146 1657 1215 1688 dies
1240 1658 1429 1698 permansit.

101 1710 195 1739 nocte
209 1707 339 1738 demum
360 1715 499 1738 reversae
518 1705 670 1745 legiones,
685 1704 838 1744 quamvis
860 1704 932 1744 plus
953 1704 1137 1743 vulnerum,
1155 1704 1267 1736 eadem
1284 1705 1430 1737 ciborum

95 1757 222 1796 egestas
242 1755 399 1792 latigaret,
420 1753 498 1792 vim,
517 1753 702 1789 sanitatem,
721 1752 843 1791 copias,
859 1754 977 1783 cuncta
995 1752 1026 1782 in
1044 1751 1180 1782 victoria
1201 1752 1354 1784 habuere.

142 1806 244 1833 LXIX.
268 1803 454 1832 Pervaserat
476 1800 606 1831 interim
621 1800 848 1830 ctrcumventi
863 1800 1037 1830 exercitus
1052 1798 1149 1837 sama,
1165 1800 1197 1830 et
1209 1798 1334 1838 infesto
1352 1801 1432 1832 Ger-

98 1858 225 1881 norum
241 1851 375 1888 (tymme
393 1848 528 1879 Gallias
539 1848 612 1887 peti
629 1857 639 1877 :
654 1855 691 1877 ac
705 1846 737 1876 ni
754 1845 926 1885 Agrippina
941 1844 1128 1885 impositum
1144 1846 1255 1877 Rheno
1273 1847 1404 1886 pontem
1419 1849 1425 1866 ¹

99 1896 521 1936 solviprobibuisset,erant
537 1893 633 1934 quiid
648 1893 803 1933 flagitium
822 1893 996 1924 tormidine
1011 1893 1175 1925 auderent.
1186 1893 1239 1924 sed
1251 1893 1369 1926 semina
1380 1895 1430 1928 in-

100 1951 178 1983 gens
188 1943 286 1974 animi
301 1943 411 1974 munia
424 1942 516 1973 ducis
525 1950 581 1982 per
597 1949 652 1971 eos
665 1940 734 1971 dies
749 1939 886 1980 induit2,
898 1939 1132 1980 militibusque,
1142 1943 1177 1972 ut
1187 1941 1260 1981 quis
1275 1941 1368 1982 inops
1376 1947 1432 1975 aut

100 1991 245 2030 saucius,
257 1994 378 2022 vestem
396 1993 428 2021 et
445 1990 588 2020 fomenta
604 1988 758 2028 dilargita
776 1989 834 2019 est.
854 1988 953 2019 tradit
967 1992 1000 2019 C.
1017 1988 1150 2027 Plinius,
1168 1989 1430 2022 Germanicorum

101 2037 260 2068 bellorum
274 2037 556 2077 scriptor-‚stetisse
567 2035 653 2076 apud
671 2034 864 2075 principium
878 2035 998 2075 pontis,
1009 2035 1119 2066 laudes
1135 2037 1166 2066 et
1175 2038 1282 2074 grates
1293 2037 1430 2069 reversis

98 2084 285 2124 'legionibus
308 2084 489 2115 habentem.
520 2083 552 2114 ld
578 2082 696 2114 Tiberii
722 2082 866 2113 animum
883 2082 980 2112 altius
998 2082 1180 2122 penetravit
1201 2091 1208 2112 ε
1234 2094 1248 2109 ιι
1267 2084 1431 2115 nonenim

99 2144 122 2158 ει
138 2131 302 2172 simplices
315 2139 368 2162 eas
382 2139 495 2169 ειη-,35
520 2139 580 2161 nec
604 2130 758 2161 adversus
775 2132 926 2161 externos
943 2129 1078 2160 militem
1093 2129 1232 2169 quaeri.
1207 2128 1219 2146 ³
1252 2129 1334 2161 nihil
1355 2132 1431 2164 reli·

102 2230 122 2255 h
134 2195 224 2220 LXVI.
241 2199 260 2218 ι.
276 2194 351 2217 Dicta
366 2199 378 2217 a
393 2193 502 2217 decimis
517 2193 671 2218 cohortibus
685 2194 722 2218 ibi
736 2193 952 2222 consulentibus,
964 2192 1088 2223 opposita
1098 2192 1288 2222 praetorianoe
1300 2195 1386 2224 portae
1407 2196 1435 2235 in

126 2232 210 2254 ostem
229 2234 373 2253 conversae.

134 2266 234 2290 LXVII
251 2264 477 2288 1.Nominativus
492 2265 541 2293 est,
554 2265 755 2294 etjungendum
767 2271 813 2295 spe
825 2263 1020 2295 expuqnandi.
1032 2262 1187 2287 Succedere
1200 2264 1241 2288 est
1257 2269 1340 2294 prope
1354 2271 1435 2291 acee-

105 2302 171 2326 dere
185 2300 217 2324 ad
232 2300 319 2323 locum
335 2299 457 2323 altiorem
467 2318 473 2328 ,
488 2300 517 2322 ut
529 2305 623 2323 muro.
638 2313 666 2316 —
679 2305 701 2324 2.
717 2301 832 2325 Pedites.

137 2335 247 2360 LXVIII.
268 2339 286 2357 ¹.
304 2334 457 2358 Proruendo
471 2333 689 2364 (provolveudo)
704 2337 803 2359 terram
821 2335 906 2359 fossas
925 2333 1042 2365 explent.
1064 2346 1093 2351 -
1112 2337 1135 2358 2.
1159 2335 1224 2359 Cum
1243 2334 1435 2364 increpatione

97 2371 298 2396 ‚acclamantes
312 2382 342 2387 —
358 2375 378 2394 s.
394 2371 435 2394 Sc.
451 2370 545 2399 magis,
560 2369 631 2399 quod
651 2370 786 2395 indicatur
802 2371 926 2400 sequenti
941 2370 1134 2400 comparativo.

137 2407 230 2432 LXIX.
247 2412 265 2431 ι.
282 2406 359 2436 Apud
377 2407 474 2430 Vetera
484 2406 530 2430 aut
544 2405 687 2430 Novesium
700 2405 726 2429 iu
738 2406 818 2430 Ubus.
839 2419 867 2424 —
885 2411 909 2431 2.
925 2406 1042 2431 Persona
1055 2405 1131 2431 ducis
1148 2404 1242 2431 induta
1260 2405 1350 2430 munia
1377 2405 1435 2435 ejus

99 2442 175 2468 obit.
188 2455 217 2459 -
227 2447 249 2467 ³.
263 2441 416 2467 Conciliari.
