1539 2668
143 195 206 225 386
503 195 637 224 TACITI
660 194 935 223 HISTORIARUM
957 195 1029 223 LlB.
1055 194 1108 222 IV.

144 269 459 307 decimanorumque
479 269 584 299 auctae
605 267 745 307 legiones
769 266 977 300 donativum
992 267 1193 307 exposcunt,
1219 268 1385 308 comperto
1407 277 1462 309 pe-

143 316 274 347 cuniam
294 324 312 346 a
329 315 460 345 Vitellio
479 315 622 345 missam.
641 323 698 345 nec
713 314 766 344 diu
783 317 953 346 cunctatus
973 315 1175 346 Hordeonius
1196 314 1326 345 nomine
1344 318 1461 355 Vespa-

142 363 226 395 siani
237 362 338 393 dedit.
356 362 454 401 idque
468 362 670 401 praecipuum
686 361 746 391 suit
760 362 927 392 seditionis
942 362 1144 392 alimentum.
1160 361 1281 392 effusus
1297 362 1329 391 in
1348 361 1461 391 luxum

143 412 178 442 et
194 410 303 450 epulas
315 411 346 439 et
363 412 538 439 nocturnos
552 411 656 438 ccetus
673 407 762 438 miles
782 411 924 439 veterem
936 409 967 439 in
981 408 1198 439 Hordeonium
1211 409 1290 438 iram
1304 409 1310 425 ¹
1331 416 1462 438 renova-

144 456 206 495 vit,
218 465 277 487 nec
292 456 356 486 ullo
374 455 551 493 legatorum
572 455 821 486 tribunorumve
838 455 998 486 obsistere
1016 464 1095 486 auso
1110 455 1240 495 (quippe
1257 463 1386 486 omnem
1405 462 1463 494 pu-

145 504 257 535 dorem
274 512 336 533 nox
356 501 531 541 ademerat)
547 504 747 542 protractum
764 510 780 533 e
794 502 890 533 cubili
907 503 1116 533 interficiunt.
1132 503 1244 533 eadem
1260 502 1293 533 in
1310 502 1464 532 Voculam

143 550 341 592 parabantur
357 572 364 586 ‚
397 548 459 578 nisi
491 549 601 579 servili
628 549 739 579 habitu
774 558 829 589 per
851 549 1001 580 tenebras
1026 549 1190 588 ignoratus
1217 549 1380 580 evasisset.
1409 546 1465 577 ubi

143 598 256 630 sedato
272 596 394 635 impetu
423 597 528 626 metus
547 596 653 635 rediit,
669 596 875 627 centuriones
893 605 967 626 cum
986 596 1131 635 epistolis
1154 596 1193 626 ad
1223 596 1370 626 civitates
1394 594 1466 625 Gal-

142 645 260 677 liarum
278 642 394 672 misere
410 641 530 672 auxilia
547 652 582 673 ac
599 643 762 682 stipendia
778 642 788 659 ²
808 646 968 673 oraturos.

185 692 335 723 XXXVII.
358 689 441 728 Ipsi,
462 692 497 719 ut
511 692 559 719 est
577 690 692 729 vulgus
716 690 785 720 sine
811 692 936 720 rectore
961 699 1122 729 praeceps,
1139 690 1292 730 pavidum
1310 714 1318 727 ,
1335 696 1464 726 socors,

143 737 341 771 adventante
356 736 456 766 Civile
469 759 477 774 ,
497 736 596 775 raptis
614 739 732 767 temere
749 736 848 766 armis
873 745 910 766 ac
922 736 1032 767 statim
1048 737 1175 767 omissis
1187 761 1195 775 ,
1213 737 1244 767 in
1268 737 1374 775 sugam
1397 744 1467 765 ver-

142 786 270 817 tuntur.
295 792 344 814 res
369 782 512 813 adversae
529 783 725 813 discordiam
747 791 919 822 peperere,
943 784 981 814 iis
999 783 1054 823 qui
1083 792 1100 814 e
1125 783 1293 823 superiore
1321 781 1466 813 exercitu

143 834 235 864 erant
254 832 259 848 '
276 855 284 869 ‚
306 839 435 861 causam
462 838 555 860 suam
576 830 834 861 dissociantibus.
853 831 969 861 Vitellii
984 833 1094 861 tamen
1112 831 1268 870 imagines
1294 832 1328 861 in
1352 829 1466 860 castris

144 883 177 911 et
191 888 246 919 per
261 878 426 918 proximas
442 876 610 915 Belgarum
629 877 778 908 civitates
797 877 951 916 repositae
965 901 973 916 ,
989 886 1090 917 quum
1114 879 1181 917 Jam
1207 877 1354 908 Vitellius
1380 875 1466 906 occi·

143 925 254 957 disset.
288 924 360 962 ‹leiu
382 922 499 953 mutati
523 922 557 953 in
581 923 804 962 poenitentiam
832 924 971 964 primani
992 925 1206 964 quartanique
1230 927 1262 955 et
1284 923 1469 954 duoetvice-

143 972 261 1005 simani
284 970 441 1001 Voculam
471 970 678 1009 sequuntur3
710 970 796 1010 apud
819 980 915 1010 quem
956 972 1120 1011 resumpto
1142 971 1332 1011 Vespasiani
1358 978 1467 1001 sacra-

144 1022 255 1052 mento
281 1017 320 1048 ad
348 1016 551 1046 liberandum
568 1015 578 1033 ²
603 1018 795 1056 Magontiaci
825 1017 987 1048 obsidium
1012 1017 1223 1049 ducebantur.
1254 1017 1468 1048 discesserant

143 1067 342 1101 obsessores⁷
359 1064 530 1094 mixtusex
540 1064 813 1104 Cliattisfflsipiis,
823 1065 981 1095 Mattiacis
994 1066 1161 1100 exercitus,
1178 1064 1324 1095 satietate
1337 1064 1467 1104 praedm,

144 1123 206 1145 nec
222 1111 392 1143 inc-rusmti.
410 1111 443 1140 in
462 1110 514 1139 via
530 1109 697 1148 dispersos
711 1113 743 1141 et
760 1111 887 1141 nescios
909 1111 1001 1141 miles
1017 1113 1125 1142 noster
1148 1111 1322 1141 invaserat.
1339 1110 1418 1149 quin
1435 1111 1468 1140 et

144 1160 277 1192 loricam
292 1159 303 1175 ³
322 1158 507 1196 vallumque
522 1165 578 1196 per
593 1156 671 1187 lines
686 1166 763 1188 suos
785 1158 915 1188 Treveri
940 1160 1106 1197 struxere,
1125 1157 1313 1198 magnisque
1328 1157 1468 1188 invicem

143 1205 286 1238 cladibus
300 1213 372 1235 cum
390 1203 555 1235 Germanis
568 1204 733 1235 certabant
748 1228 757 1244 ,
773 1205 875 1235 donec
890 1205 1013 1245 egregia
1027 1214 1099 1245 erga
1117 1205 1272 1245 populum
1285 1209 1466 1235 Romanum

145 1254 262 1286 merita
281 1261 356 1282 mox
373 1250 510 1281 rebelles
528 1250 697 1282 foedarent.

185 1302 350 1332 XXXVIII.
377 1300 501 1329 Interea
517 1298 738 1337 Vespasianus
754 1298 872 1329 iterum
893 1307 930 1329 ac
950 1298 1044 1330 Titus
1065 1298 1292 1330 consulatum¹
1315 1298 1466 1329 absentes

142 1347 305 1385 inierunt,
330 1348 444 1375 moesta
467 1345 498 1375 et
519 1345 692 1384 multiplici
716 1346 802 1375 metu
827 1354 984 1385 suspensa
1007 1346 1162 1385 civitate,
1186 1355 1276 1385 quae,
1303 1353 1399 1385 super
1415 1344 1467 1375 in-

144 1394 266 1427 stantia
292 1392 396 1431 mala,
425 1391 523 1422 salsos
546 1400 682 1431 pavores
706 1392 874 1430 induerat,
904 1392 1085 1424 descivisse
1102 1393 1259 1433 Africam
1284 1401 1337 1423 res
1363 1400 1466 1423 novas

144 1442 305 1474 molienfe
322 1441 358 1470 L.
374 1441 503 1470 Pisone.
524 1438 551 1469 is
570 1442 707 1478 praeerat
724 1440 918 1480 provinciae,
932 1449 1137 1480 nequaquam
1151 1439 1302 1471 turbidus
1318 1437 1466 1478 ingenio:

146 1489 202 1520 sed
227 1487 301 1528 quia
324 1494 423 1516 naves
450 1485 575 1516 saevitia
596 1485 712 1517 hiemis
731 1486 1007 1526 prohibebantur,
1026 1487 1143 1526 vulgus
1167 1487 1319 1517 alimenta
1342 1485 1374 1515 in
1401 1483 1469 1514 dies

146 1535 284 1567 mercari
302 1534 432 1564 solitum
447 1557 456 1571 ,
477 1533 529 1563 cui
551 1541 615 1563 una
638 1542 679 1564 ex
701 1533 867 1573 republica
893 1542 1031 1565 annonae
1052 1534 1164 1571 cura²‚
1190 1534 1335 1565 clausum
1352 1531 1444 1562 littus
1458 1554 1468 1570 ,

145 1581 277 1614 retineri
295 1581 510 1618 commeatus,
526 1579 604 1610 dum
617 1580 730 1619 timet,
749 1579 920 1619 credebat,
937 1580 1126 1619 augentibus
1141 1581 1259 1611 famam
1275 1576 1467 1615 Vitellianis,

147 1630 200 1670 qui
221 1628 366 1659 studium
383 1627 524 1667 partium
543 1626 686 1656 nondum
710 1628 900 1665 posuerant,
918 1634 977 1657 nec
993 1626 1175 1657 victoribus
1192 1625 1325 1665 quidem
1342 1624 1468 1663 ingrato

147 1683 298 1713 rumore,
317 1682 457 1713 quorum
475 1672 691 1711 cupiditates,
712 1672 855 1704 externis
872 1681 1001 1712 quoque
1017 1672 1109 1704 bellis
1127 1671 1357 1712 inexplebiles,
1378 1670 1467 1702 nulla

146 1730 291 1761 unquam
307 1720 415 1750 civilis
432 1718 569 1749 victoria
583 1718 725 1750 satiavit.

188 1771 321 1800 XXXIX.
346 1765 497 1798 Kalendis
523 1765 681 1796 Januariis
703 1765 738 1796 in
760 1768 891 1804 senatu,
912 1774 1009 1805 quem
1027 1765 1131 1796 Julius
1155 1764 1329 1796 Frontinus
1351 1765 1469 1804 praetor

148 1815 293 1847 urbanus
310 1814 501 1850 vocaverat,
520 1812 631 1851 legatis
645 1812 908 1852 exercitibusque
926 1821 963 1843 ac
979 1812 1125 1851 regibus¹
1146 1811 1267 1843 laudes
1285 1813 1468 1851 qratesque

146 1863 302 1900 decretam
318 1862 349 1891 et
361 1860 467 1890 Tertio
480 1862 495 1890 J
499 1858 602 1889 uliano
616 1860 768 1899 praetura,
784 1861 962 1900 tamquam
977 1858 1284 1899 transqredientem
1300 1860 1335 1889 in
1348 1859 1468 1898 partes

151 1909 351 1949 Vespasiani
368 1907 529 1947 leqionem
542 1906 761 1945 deseruisset,
779 1906 884 1937 ablata
895 1930 903 1945 ‚
921 1909 956 1937 ut
973 1905 1006 1936 in
1018 1906 1155 1937 Plotium
1169 1905 1325 1945 Griplium
1337 1904 1348 1922 ²
1367 1907 1468 1935 trans-

147 1957 296 1988 ferretur.
320 1958 440 1985 Hormo
461 1953 599 1991 dignitas
613 1954 771 1992 equestris
785 1953 868 1984 data.
882 1956 915 1984 et
928 1962 1002 1984 mox
1017 1952 1182 1993 ejurante³
1198 1952 1350 1984 Frontino
1364 1953 1469 1982 Caesar

148 2002 352 2033 Domitianus
376 2001 550 2040 praeturam
569 2000 663 2039 cepit.
690 2002 759 2039 ejus
777 2009 893 2031 nomen
910 2000 1052 2040 epistolis
1068 2000 1246 2039 edictisque
1264 1997 1467 2040 praeponeba-

147 2051 213 2088 tur,
233 2049 281 2079 vis
299 2056 396 2088 penes
417 2047 602 2078 Mucianum
620 2048 688 2078 erat
700 2071 708 2086 ,
728 2047 790 2078 nisi
807 2047 893 2087 quod
910 2048 1060 2086 pleraque
1074 2046 1297 2085 Domitianus,
1311 2045 1467 2083 instigan-

147 2096 236 2128 tibus
253 2095 362 2126 amicis
375 2096 430 2125 aut
448 2094 577 2134 propria
594 2093 727 2125 libidine
740 2117 749 2133 ,
765 2094 913 2125 audebat.
932 2093 988 2124 sed
1002 2093 1184 2133 praecipuus
1198 2092 1345 2124 Muciano
1361 2093 1467 2122 metus

177 2182 296 2207 xxxvl.
314 2186 334 2205 ι.
354 2181 393 2204 De
407 2186 460 2210 qua
471 2186 550 2209 supra
564 2181 583 2209 1,
596 2185 622 2209 9,
635 2180 662 2203 et.
677 2180 811 2209 passim.—
820 2185 841 2204 2.
857 2180 997 2204 Pecuniam
1011 2179 1038 2202 ln
1052 2177 1322 2209 stipendla‘militum.

178 2218 312 2242 XXXVII.
336 2223 357 2240 ι.
380 2217 419 2240 Ex
437 2216 588 2245 legionibus
607 2218 701 2245 quarta
727 2218 754 2240 et
773 2216 1063 2240 duoetvicesima.—2.
1083 2214 1255 2239 solvendum.
1267 2226 1296 2231 —
1308 2219 1329 2237 5.
1345 2213 1403 2237 Vld.
1434 2214 1469 2238 ad

149 2253 366 2311 ΑγὶῗέἑιζίῖξῐχίΙΗὛ
385 2286 453 2310 Anni
472 2287 503 2310 U.
519 2291 576 2315 825,
593 2291 620 2315 p.
642 2286 703 2310 Chr.
723 2291 759 2310 70.
778 2285 955 2315 Vespasianus
974 2284 1067 2308 consul
1083 2284 1213 2309 suffectus
1226 2284 1315 2308 fuerat
1331 2283 1395 2308 anni
1415 2286 1466 2307 80⁴.

150 2335 178 2339 -—
192 2327 213 2345 2.
232 2323 269 2345 De
291 2322 385 2345 codem
404 2321 500 2351 populo
518 2322 673 2345 Juvenalis:
695 2322 772 2346 Duas
794 2323 907 2346 tantum
926 2327 970 2345 res
993 2320 1098 2344 amarius
1116 2321 1210 2349 optat,
1230 2325 1335 2349 panem
1356 2320 1383 2342 et
1404 2318 1467 2341 Cir-

149 2362 305 2415 cegigshx·
329 2398 346 2415 ι,
364 2393 400 2415 De
416 2392 513 2422 quibus
529 2393 562 2421 ll,
578 2362 669 2416 ssiLa.
689 2394 851 2421 neutroque
864 2392 896 2419 ΙΙ,
912 2396 955 2417 821:
972 2391 1014 2419 lli,
1028 2395 1117 2414 iza—4„
1134 2390 1189 2414 Vid.
1206 2389 1239 2414 ad
1251 2391 1325 2413 Ann.
1337 2389 1416 2418 Xlll,
1431 2392 1466 2412 Η.

153 2425 258 2450 Urbana
277 2428 391 2456 praetura
412 2427 585 2456 intelligitur,
609 2434 688 2457 (pium
705 2428 833 2457 (lignitate
853 2427 974 2456 prseterm
996 2426 1161 2449 Domitianus
1173 2426 1228 2454 jam
1251 2425 1359 2448 indutus
1377 2424 1448 2447 esset
1461 2440 1468 2450 ,
