1539 2668
521 149 554 177 A.
579 149 617 178 U.
641 149 676 178 C.
699 149 769 178 774.
793 149 829 177 A.
854 149 887 178 C.
913 148 963 177 21.
1349 151 1385 181 81

73 225 272 266 augebantur
286 225 337 256 hae
351 224 451 265 copiae
464 224 641 256 vicinarum
657 224 823 255 civitatum
838 224 873 254 ut
884 223 1028 255 nondum
1045 224 1155 262 aperta
1167 226 1385 268 consensione,

71 273 118 305 ita
131 273 248 304 viritim
262 273 416 312 promptis
432 271 560 310 studiis,
578 273 611 302 et
627 270 798 302 certamine
815 271 934 301 ducum
951 274 1188 309 Romanorum,
1202 281 1282 311 quos
1304 274 1388 306 inter

72 319 304 359 ambigebatur,
322 322 458 357 utroque
475 318 596 349 bellum
612 317 672 349 sibi
689 320 851 358 poscente.
874 326 948 348 mox
966 320 1066 347 varro
1081 317 1241 348 invalidus
1260 324 1389 354 senecta

71 367 192 406 vigenti
207 367 283 399 Silio
298 365 467 396 concessit.

111 417 216 444 XLIV.
241 414 281 443 At
296 416 405 443 Romae
421 436 430 451 ‚
453 420 519 443 non
546 413 705 443 Treveros
733 411 831 442 modo
856 413 889 443 et
911 410 1041 443 AEduos
1055 434 1066 450 ‚
1088 410 1146 442 sed
1167 413 1334 451 quattuor
1356 417 1389 446 et

70 458 275 500 sexaqzntw
308 458 509 490 Galliarum
527 460 683 490 civitates
707 457 880 490 descivisse
888 468 901 496 ,-
924 458 1116 497 assumptos
1136 459 1171 488 z‘n
1194 461 1388 493 societatem

75 508 278 544 Germanos,
304 504 430 536 dubias
453 507 645 545 Hispanias
660 504 671 522 ²
685 528 694 543 ‚
714 507 846 545 cuncta,
870 507 905 535 ut
921 513 990 535 mos
1007 503 1120 543 famae,
1147 504 1178 535 in
1207 505 1310 544 majus
1326 515 1390 537 cre-

70 552 145 583 djta.
163 551 303 591 optimus
316 552 452 591 quisque
468 551 653 592 reipublicae
675 560 752 582 cura
769 552 923 582 moerebat
941 560 950 581 z
974 550 1068 581 multi
1084 550 1159 581 odio
1181 553 1390 591 praesentium

69 602 101 631 et
117 598 264 639 cupidine
279 599 468 630 mutationis
488 600 553 630 suis
572 608 700 639 quoquc
715 599 867 638 periculis
881 598 1094 636 laetabantur,
1118 598 1390 640 increpabantque

69 645 249 683 Tiberium,
272 658 287 672 «
301 645 387 685 quod
409 645 442 676 in
462 648 551 677 tanto
580 654 687 676 rerum
713 648 802 676 motu
828 645 942 675 libellis
965 647 1187 676 accusatorum
1215 645 1391 680 insumeret

71 706 87 721 α
100 701 241 732 operam.
261 701 301 723 an
323 696 355 723 et
368 693 571 723 Sacrovirum
589 692 764 731 majestatis
784 692 915 723 crimine
929 700 1020 723 reum
1045 691 1078 721 in
1094 693 1208 723 senatu
1228 693 1318 724 fore?
1333 703 1390 725 ex-

71 753 86 767 «
100 739 220 771 stitisse
234 738 363 770 tandem
380 739 483 779 viros,
498 739 553 779 qui
568 742 716 769 cruentas
732 739 882 778 epistolas
905 739 1002 769 armis
1022 737 1216 770 cohiberent.
1239 740 1389 773 miseram

71 800 86 814 «
101 795 211 827 pacem
228 787 277 818 vel
291 786 302 804 ³
316 786 399 818 bello
412 786 492 817 bene
509 786 638 816 mutari.
655 799 670 812 ν»
686 788 774 816 tanto
790 786 968 825 impensius
983 786 1015 815 in
1032 787 1238 817 securitatem
1260 796 1389 828 compo-

70 835 162 870 ⁴situs,
179 842 281 872 neque
292 832 363 863 loco
382 842 484 873 neque
498 833 589 863 vultu
607 834 744 870 mutam,
771 832 825 863 sed
845 836 879 862 ut
897 832 1039 871 solitum,
1059 841 1115 872 per
1132 832 1201 864 illos
1220 833 1286 864 dies
1311 835 1389 874 egit,

69 880 238 912 altitudine
252 880 261 897 ⁴
282 880 393 919 animi,
408 889 448 910 an
461 882 660 919 compererat
676 879 802 910 modica
816 888 885 909 esse
902 881 933 910 et
950 879 1088 918 vulgatis
1104 879 1234 910 leviora.

110 928 201 957 XLV.
227 927 357 957 Interim
374 927 468 957 Silius
485 936 559 957 cum
583 926 760 965 legionibus
783 926 909 956 duabus
926 925 1096 964 incedens,
1114 926 1278 965 praemissa
1296 929 1390 958 auxi-

65 972 135 1004 liari
151 981 246 1003 manu
260 974 367 1004 vastat
382 976 602 1012 Sequanorum
623 982 719 1012 pagos
734 997 743 1011 ‚
770 973 826 1012 qui
850 972 962 1002 linium
985 972 1119 1003 extremi
1140 973 1171 1002 et
1189 972 1302 1004 AEduis
1317 983 1390 1005 con-

67 1019 194 1051 termini
207 1020 348 1059 sociique
358 1020 392 1050 in
408 1020 506 1051 arinis
520 1022 621 1051 erant.
637 1029 712 1050 mox
726 1019 992 1057 Augustodunum
1008 1019 1087 1058 petit
1102 1028 1235 1059 propero
1250 1021 1389 1059 agmine,

66 1066 264 1098 certantibus
279 1067 363 1098 inter
379 1076 412 1098 se
430 1067 603 1106 signiferis,
623 1067 778 1097 fremente
791 1067 886 1097 ctiam
900 1066 1045 1105 gregario
1061 1066 1160 1096 milite
1173 1090 1182 1105 ,
1198 1076 1239 1097 ne
1256 1070 1387 1099 saelum

66 1114 219 1153 requiem
232 1137 240 1152 ‚
257 1122 297 1144 nc
313 1116 427 1153 spatia
444 1116 593 1145 noctium
610 1115 782 1153 opperiret
788 1122 830 1144 ιιν
851 1124 861 1144 .·
881 1113 1034 1144 viderent
1058 1112 1155 1142 modo
1180 1113 1341 1145 adversos
1359 1118 1391 1146 el

65 1161 321 1198 aspicerentur,·
333 1160 368 1189 id
380 1162 465 1191 satis
479 1160 722 1191 aclve’ctoricmt.
733 1160 960 1190 duodecimum
974 1158 1058 1199 apud
1068 1158 1205 1198 lapidem
1222 1159 1229 1177 ¹
1244 1163 1390 1194 Sacrovir

66 1205 228 1245 copiaeque
242 1205 426 1245 patentibus
439 1206 517 1236 locis
534 1214 719 1245 apparuere.
746 1205 778 1235 in
803 1206 906 1235 t‘ronte
928 1208 1083 1236 statuerat
1104 1206 1236 1236 ferratos
1250 1230 1258 1244 ‚
1278 1206 1306 1236 in
1322 1216 1387 1238 cor-

66 1251 161 1282 nibus
179 1252 338 1291 cohortes,
354 1260 371 1282 a
389 1254 475 1291 tergo
492 1255 676 1283 semermos.
695 1252 762 1292 ipse
779 1252 861 1282 inter
880 1252 1035 1291 primores
1055 1261 1138 1291 equo
1158 1252 1272 1291 insigni
1289 1254 1389 1294 adire,

66 1307 245 1329 memorare
262 1300 391 1329 veteres
409 1299 590 1329 Gallorum
605 1299 734 1338 qlorias
746 1323 756 1337 ‚
781 1307 925 1338 (luceque
943 1300 1104 1329 Romanis
1124 1298 1274 1330 adversa
1300 1302 1389 1331 'intu-

67 1346 184 1376 lissent
193 1357 205 1382 ;
223 1353 330 1385 quam
349 1345 473 1376 decora
491 1346 673 1377 victoribus
697 1346 862 1384 libel-tas5
878 1347 1007 1385 qucmto
1023 1346 1268 1377 intolerantior
1282 1346 1292 1363 ²
1320 1356 1388 1379 ser-

64 1393 156 1422 vitus
170 1393 296 1423 iterum
311 1394 417 1423 victis.

105 1442 210 1469 XLvl.
236 1442 305 1469 Non
319 1438 374 1468 diu
389 1439 459 1469 haec
472 1463 480 1477 ‚
498 1448 557 1469 nec
577 1439 661 1479 apud
684 1439 776 1470 laetos
796 1448 802 1468 t
822 1438 941 1469 etenim
970 1437 1206 1477 propinquabat
1228 1439 1388 1478 legionum

68 1485 165 1525 acies,
182 1485 402 1525 inconditique
418 1495 454 1516 ac
468 1486 591 1517 militiae
608 1486 708 1517 nescii
725 1485 875 1525 oppidani
891 1493 991 1523 neque
1014 1485 1115 1515 oculis
1132 1494 1235 1524 neque
1255 1486 1388 1518 auribus

66 1532 142 1563 satis
158 1532 385 1572 competebant
402 1532 425 1562 ¹.
444 1534 556 1562 contra
572 1533 667 1563 Silius
679 1555 687 1570 ‚
706 1533 767 1563 etsi
792 1532 986 1572 prasumpta
1004 1539 1075 1571 spes
1100 1531 1251 1562 hortandi
1275 1542 1387 1566 causas

67 1582 239 1617 exemerat,
258 1579 444 1610 clamitabat
458 1582 564 1609 tamen
584 1592 598 1605 u
614 1579 799 1618 pudendum
818 1579 908 1618 ipsis,
923 1577 1008 1617 quod
1029 1578 1270 1609 Germaniarum
1287 1580 1388 1612 victo-

67 1637 83 1651 «
97 1633 147 1655 res
161 1625 330 1656 adversum
347 1626 454 1656 Gallos
466 1628 633 1665 tamquam
648 1626 681 1656 in
699 1625 825 1656 hostem
841 1625 1043 1655 ducerentur.
1063 1633 1126 1655 una
1152 1633 1251 1665 nuper
1275 1626 1389 1659 cohors

68 1684 83 1697 «
98 1671 246 1702 rebellem
264 1673 441 1702 Turonium
455 1697 465 1711 ,
485 1681 549 1702 una
565 1673 615 1703 ala
631 1676 805 1702 Treverum
823 1696 830 1710 ‚
856 1680 966 1711 paucae
992 1670 1088 1708 huJ‘us
1104 1671 1206 1710 ipsius
1228 1673 1388 1706 exercitus

67 1729 83 1744 «
97 1718 214 1749 turmae
227 1718 434 1758 profligavere
451 1722 625 1758 Sequanos.
644 1721 765 1758 quanto
780 1718 915 1758 pecunia
932 1718 1015 1748 dites
1029 1720 1061 1747 et
1077 1717 1298 1757 voluptatibus
1311 1729 1389 1760 opu-

68 1775 84 1789 «
98 1763 215 1804 lentos,
230 1766 321 1796 tanto
334 1765 435 1805 magis
453 1765 598 1796 imbelles
614 1765 728 1796 AEduos
744 1765 881 1795 evincite
897 1766 929 1795 et
945 1763 1139 1802 fugientibus
1161 1761 1326 1797 consulite.
1341 1766 1350 1783 ²
1370 1780 1385 1793 n

65 1813 179 1850 Ingens
191 1811 231 1842 ad
247 1821 281 1843 ea
298 1812 436 1851 clamor,
455 1814 488 1844 et
502 1812 706 1843 circumfudit
720 1821 816 1851 eques
829 1836 837 1850 ,
856 1813 1059 1851 frontemque
1073 1811 1198 1851 pedites
1218 1812 1387 1845 invasere:

64 1865 124 1888 nec
138 1859 326 1889 cunctatum
347 1860 430 1899 apud
448 1860 556 1890 latera.
577 1859 720 1898 paullum
746 1868 844 1890 mora„¹
866 1859 1004 1889 attulere
1026 1858 1135 1889 serrati
1160 1860 1355 1891 restantibus
1373 1860 1384 1878 ³

65 1904 191 1935 laminis
206 1905 377 1936 adversum
395 1906 460 1945 pila
475 1907 507 1936 et
535 1905 677 1943 gladios:
696 1905 751 1935 sed
774 1905 864 1936 miles
889 1905 1045 1945 correptis
1068 1905 1235 1936 securibus
1254 1908 1286 1937 et
1302 1906 1386 1937 dola·

66 1950 131 1981 bris
145 1974 153 1989 ‚
171 1952 206 1981 ut
225 1950 252 1982 si
269 1960 398 1982 murum
424 1952 667 1991 perrumperet,
698 1951 820 1982 caedere
843 1952 985 1991 tegmina
1013 1953 1044 1982 et
1066 1959 1221 1990 corpora;
1254 1952 1386 1991 quidam

63 1997 210 2028 trudibus
233 2000 290 2029 aut
318 1998 415 2029 furcis
434 1998 572 2029 inertem
594 1998 709 2029 molem
733 2000 956 2038 prosternere3
977 1998 1205 2037 jacentesque,
1231 1999 1320 2029 nullo
1345 2001 1387 2031 ad

62 2044 294 2084 resurgendum
312 2045 385 2076 nisu
396 2068 406 2084 ‚
425 2046 518 2085 quasi
533 2045 699 2076 exanimes
715 2045 954 2085 linquebantur.
979 2045 1129 2075 Sacrovir
1154 2045 1258 2084 primo
1279 2051 1384 2086 Augu-

92 2125 182 2149 XLIV.
196 2131 217 2149 ι.
230 2126 261 2149 ld
276 2127 317 2150 est
329 2132 431 2155 omnes,
456 2129 485 2151 ut
507 2127 633 2151 videtur:
648 2129 722 2151 certe
743 2127 916 2156 Lugdunensi
942 2133 994 2151 arae
1007 2126 1120 2156 Augusti
1145 2126 1302 2156 inscriptum
1326 2132 1387 2155 crat

64 2161 108 2184 LX
129 2161 288 2185 GENTlUM.
299 2173 330 2178 —
342 2168 365 2185 2.
377 2162 421 2186 Sc-
433 2163 565 2186 creditum
579 2165 638 2186 est:
653 2163 725 2192 quod
747 2168 806 2186 cum
819 2163 954 2186 sententia
965 2162 1086 2192 generali
1096 2162 1220 2191 junctum
1232 2163 1385 2188 additur.—

64 2200 86 2217 s.
100 2196 263 2219 intensivum
277 2203 283 2219 ;
296 2196 384 2220 mame
395 2203 482 2226 par...
494 2211 522 2214 —
534 2204 556 2222 Α.
580 2199 765 2222 profunditate
787 2204 845 2227 qua:
862 2198 999 2227 penetrari
1012 2203 1067 2221 non
1085 2198 1179 2226 possit,
1199 2200 1229 2222 ut
1249 2198 1282 2222 de
1300 2202 1383 2228 mari;

66 2230 266 2259 impenetrabili
282 2232 502 2256 dissimulatione.
518 2232 618 2262 Supple
629 2235 737 2257 utrum.

95 2265 172 2288 XLV.
190 2271 209 2288 ι.
223 2266 266 2290 Sc.
279 2267 430 2294 milliar-einy
449 2268 521 2292 inille
535 2274 627 2297 passus
639 2270 687 2292 viae
702 2268 873 2291 indicantem.
885 2281 913 2284 —
924 2273 947 2292 2.
958 2268 1073 2296 passive,
1086 2266 1293 2291 intolerabilior.

94 2299 181 2323 XLVI.
195 2305 214 2323 ι-
227 2301 371 2330 compotes
382 2304 467 2329 erant,
484 2303 662 2327 constabant:
677 2309 763 2332 neque
775 2303 914 2327 oculorum
928 2304 994 2327 satis
1003 2304 1144 2332 compotes
1155 2303 1241 2329 erant,
1254 2303 1285 2326 ut
1296 2303 1384 2328 intre»

65 2333 128 2363 pide
139 2336 290 2363 aspicerent
302 2336 432 2366 legiones,
444 2343 531 2366 neque
542 2340 654 2365 aurium,
670 2340 699 2362 ut
710 2339 761 2362 liet'i
772 2339 928 2368 exciperent
939 2339 1036 2362 ducum
1047 2344 1156 2362 suorum
1169 2336 1381 2363 adhortationes.

64 2382 92 2386 —
105 2373 128 2392 2.
142 2370 252 2393 Prorsus
264 2371 372 2400 vincite,
393 2372 535 2401 debellate,
553 2373 599 2396 sed
617 2374 783 2403 fugientibus
797 2375 908 2403 parcite.
923 2375 976 2404 ,Sic
989 2375 1054 2398 Hist.
1066 2374 1110 2402 lll,
1127 2378 1170 2396 82:
1183 2372 1383 2402 Exasperatm

63 2408 121 2428 ⁷²⁰st
131 2404 246 2434 populo,
257 2411 313 2430 non
323 2407 447 2438 senatui,
461 2413 496 2432 ne
510 2409 620 2438 templis
634 2409 747 2438 quidem
760 2409 931 2434 consuleret.
942 2421 971 2426 -—
979 2415 1003 2434 5.
1019 2407 1222 2434 Resistentibus.

1212 2448 1249 2480 4.
