1539 2668
138 150 198 181 326
506 150 938 183 TAOETOEISTOMARUM
959 153 1032 182 121ss.
1058 154 1098 182 11.

135 223 238 256 rebat.
260 223 477 256 cunctantem:
494 232 594 264 super
618 224 716 256 tanta<
729 233 766 256 re
784 225 933 258 ‘Flavium
958 226 1112 258 sabinum
1133 227 1258 260 Triaria
1280 229 1316 261 L.
1339 228 1461 263 vitellii

135 279 238 311 uxor,
257 271 343 303 ultra
366 271 649 311 seminamiferox,
674 272 852 305 terruit-³0
863 274 1021 314 periculo
1044 276 1219 314 Principis
1233 274 1461 315 samam-cle-

134 319 273 349 mentite
283 318 467 358 affectare.
483 317 626 350 sabinus
636 320 754 359 suopte
769 319 898 360 ingenio
914 321 1022 361 mitis,
1041 321 1093 352 ubi
1109 321 1247 353 formido
1260 321 1459 364 incessisset,

134 363 237 396 facilis
251 367 382 396 mutatu
395 367 427 396 et
440 365 473 397 in
486 365 594 398 ,alieno
606 365 798 398 >discrimine
814 366 878 399 sibi
894 376 1036 409 pavens,
1053 376 1093 400 ne
1108 369 1266 400 allevasse
1281 369 1458 410 videretur,

132 410 265 452 impulit
281 415 440 443 ruentem.

174 462 279 492 LXIV.
307 460 406 499 [gitur
421 458 570 490 Vitellius
585 459 674 490 metu
687 460 720 492 et
736 459 829 500 odio,
847 460 934 501 quod
949 462 1131 493 Petroniam
1149 471 1285 493 uxorem
1298 462 1368 501 ejus
1383 471 1458 495 mox

132 505 295 537 Dolabella
312 507 344 536 in
361 506 604 537 matrimonium
621 506 819 546 accepisset,
837 510 990 539 vocatum
1007 518 1063 549 per
1079 510 1232 549 epistolas
1247 511 1360 542 vitata
1375 510 1458 541 Fla-

131 557 248 587 mimae
264 558 323 587 vice
334 556 535 588 celebritate
547 555 725 587 devertere
734 558 993 589 Interamnium
1007 561 1113 598 atque
1126 558 1172 589 ibe·
1188 558 1338 598 titterficz'
1348 557 1457 597 jussit.

130 599 263 641 longum
275 602 473 634 interfectori
488 603 594 634 visum
611 612 618 633 z
634 603 666 633 in
681 603 793 634 itinere
805 612 844 634 ae
857 603 989 634 taberna
1006 605 1184 644 projectum
1199 605 1289 635 buini
1300 604 1460 644 jugulavit

129 656 246 688 magna
259 658 333 680 cum
349 650 469 681 invidia
487 649 561 680 novi
582 649 781 689 principatus
793 674 802 689 ‚
820 652 914 689 cujus
933 651 996 681 hoc
1011 651 1150 690 primum
1167 651 1328 690 specimen
1346 659 1458 683 nosce-

128 695 234 728 batur.
260 700 297 728 Et
320 697 454 729 Triariae
478 697 642 728 licentiam
663 696 846 728 modestum
871 706 889 727 e
914 698 1064 737 proximo
1080 699 1265 738 exemplum
1286 698 1458 736 onerabat,

129 745 252 778 Galeria
270 747 482 786 Imperatoris
499 755 580 777 uxor
594 755 659 778 non
676 746 828 778 immixta
840 747 989 778 tristibus
1005 748 1028 786 ¹,
1048 750 1080 779 et
1094 748 1162 787 pari
1181 748 1341 787 probitate
1356 749 1459 780 mater

128 794 332 827 Vitelliorum
350 797 500 835 Sextilia,
518 796 645 836 antiqui
665 796 775 828 moris.
795 796 918 828 dixisse
936 797 1014 837 quin
1031 797 1129 828 etiam
1146 797 1184 827 ad
1202 799 1322 837 primas
1336 796 1392 829 filii
1401 797 1459 830 «sui

127 842 280 882 epistolas
300 844 464 874 ferebatur
480 851 545 874 non
569 844 819 875 Germanicum
834 852 856 874 a
872 852 926 882 se,
943 844 1003 875 sed
1023 845 1197 876 vitellium
1213 846 1380 884 yenitum.
1401 851 1460 877 nec

127 888 201 921 ullis
222 894 331 930 postea
357 890 495 921 fortunae
521 890 678 921 illecebris
702 892 760 921 aut
785 890 912 921 ambitu
935 890 1099 922 eivitatis²
1125 892 1158 921 in
1178 890 1334 930 gaudium
1353 891 1459 924 evicta

126 936 243 968 domus
258 947 326 968 suae
345 940 473 968 tantuin
490 937 528 967 ad
535 946 627 967 versa
641 936 754 967 sensit.

168 987 257 1015 LXV.
284 985 469 1024 Digressum
495 993 513 1015 a
539 984 696 1022 Lugduno
723 983 890 1014 Vitellium
917 987 959 1014 M.
985 984 1120 1015 Cluvius
1143 984 1248 1016 Rufus
1274 985 1457 1024 assequitur

126 1031 245 1062 omissa
260 1032 429 1071 Pispanffl,
449 1031 595 1061 laetitiam
609 1034 641 1061 et
658 1030 910 1070 gratulationem
927 1031 1018 1061 vultu
1035 1033 1154 1067 terens,
1170 1033 1282 1062 animo
1296 1032 1413 1063 anxius
1427 1034 1460 1064 et

124 1078 265 1119 petitum
290 1088 323 1109 se
347 1078 624 1109 criminationibus
647 1086 775 1116 gnarus.
803 1077 941 1107 Hilarius
963 1079 1099 1108 Caesaris
1120 1078 1255 1109 libertus
1278 1078 1456 1120 detulerat,

127 1127 299 1165 tanquam
319 1125 436 1155 (incedito
459 1126 581 1156 Vitellii
606 1126 638 1155 et
665 1124 805 1155 ollaonis
820 1126 1027 1163 principatu
1052 1127 1234 1164 propriam
1255 1127 1326 1165 ipse
1342 1127 1459 1165 pocen-

127 1174 212 1204 tiam
235 1175 267 1203 et
292 1174 532 1211 possessionem
556 1172 812 1209 Hispaniarum
839 1172 1025 1211 tentasset,
1052 1180 1155 1211 eoque
1181 1170 1453 1211 diplomatibus¹

125 1219 268 1253 nullum
291 1220 487 1257 Principem
512 1219 790 1257 prcescripsissec.
815 1217 1090 1257 interpretabatur
1108 1218 1259 1258 quaedam
1281 1227 1321 1250 ex
1340 1218 1456 1250 oratio-

124 1265 220 1297 nibus
238 1266 305 1304 ejus
321 1265 555 1296 contumeliosa
570 1265 603 1295 iu
618 1265 783 1295 Vitellium
798 1288 806 1303 ,
824 1267 856 1295 et
873 1274 931 1304 pro
946 1274 980 1295 se
998 1265 1069 1305 ipso
1086 1265 1262 1305 popularia.
1282 1266 1457 1298 auctoritas

125 1311 228 1344 Cluvii
244 1311 414 1351 prawaluit
427 1336 434 1349 ,
451 1314 486 1342 ut
505 1312 611 1352 puniri
628 1312 714 1342 ultro
729 1311 879 1342 libertum
896 1321 993 1342 suum
1008 1313 1158 1344 Vitellius
1169 1313 1307 1352 juberet.
1324 1313 1456 1345 Cluvius

124 1360 294 1391 comitatui
314 1359 468 1399 Principis
483 1360 629 1399 adjectus
643 1382 651 1397 ,
670 1368 734 1389 non
754 1358 904 1398 adempta
928 1360 1079 1399 Hispania
1092 1382 1100 1397 ,
1116 1369 1214 1399 quam
1238 1360 1322 1391 rexit
1340 1360 1456 1392 absens

125 1407 274 1445 exemplo
290 1411 321 1437 L.
341 1408 495 1437 Arruntii.
515 1416 589 1437 euin
603 1405 754 1437 Tiberius
774 1411 883 1436 Caesar
899 1406 940 1436 ob
958 1410 1080 1437 metum
1093 1406 1119 1444 ²,
1142 1407 1288 1437 Vitellius
1303 1406 1455 1438 Cluvium

124 1453 213 1485 nulla
230 1453 401 1484 tormidine
419 1454 591 1485 retinebat.
608 1463 672 1484 non
686 1453 771 1484 idem
787 1453 946 1484 Trebellio
961 1454 1100 1484 Maximo
1114 1453 1125 1471 ³
1142 1454 1256 1484 lionos.
1272 1452 1457 1493 profugerat

125 1501 285 1532 Britannia
301 1500 342 1531 ob
359 1501 562 1532 iracundiam
584 1501 729 1531 militum
749 1510 756 1530 :
774 1500 894 1531 missus
917 1503 967 1532 est
990 1501 1022 1531 in
1042 1501 1148 1532 locum
1166 1501 1235 1540 ejus
1256 1502 1383 1532 Vettius
1397 1503 1455 1533 Bo-

124 1547 218 1580 lanus
235 1556 252 1578 e
274 1547 495 1587 praesentibus.

167 1597 272 1627 LXVl.
306 1595 448 1633 Angebat
475 1593 643 1625 Vitellium
671 1593 832 1624 victarum
862 1593 1026 1631 legionum
1052 1593 1305 1633 haudquaquam
1332 1593 1455 1625 fractus

125 1642 264 1675 animus.
286 1651 405 1681 sparsae
428 1651 482 1681 per
506 1641 629 1672 ltaliam
646 1642 679 1671 et
699 1640 880 1671 victoribus
898 1641 1066 1679 permixtae
1083 1641 1212 1671 hostilia
1228 1639 1454 1681 loquebantur,

125 1690 289 1730 praecipua
311 1688 672 1727 quaitadeoinianorum
695 1687 835 1725 ferocia,
858 1688 912 1725 qui
929 1696 962 1717 se
986 1690 1091 1718 viclos
1110 1687 1309 1725 abnuebant,
1328 1689 1454 1728 quippe

125 1735 348 1767 Bedriacensi
365 1737 437 1766 acie
451 1735 649 1766 vexillariis
665 1736 806 1765 cantum
822 1734 932 1773 pulsis
948 1735 1037 1764 vires
1054 1734 1194 1773 legionis
1211 1743 1278 1764 non
1293 1733 1453 1773 quuisse.

125 1782 258 1815 Remini
284 1791 338 1813 eos
357 1783 386 1812 in
402 1783 619 1819 Britanniam,
643 1781 727 1812 unde
751 1790 769 1812 a
792 1785 917 1812 Nerone
940 1781 1037 1810 exciti
1063 1785 1154 1810 erant
1170 1804 1178 1818 ,
1198 1780 1339 1820 placuit,
1359 1782 1455 1822 atque

125 1829 254 1860 interim
275 1832 468 1859 Batavorum
486 1829 636 1860 cohortes
654 1838 717 1859 una
736 1828 871 1859 tendere
886 1828 910 1865 ¹,
928 1827 970 1857 ob
992 1830 1135 1858 veterem
1153 1828 1310 1858 adversus
1326 1830 1452 1867 quarta-

125 1874 312 1906 decimanos
329 1876 531 1907 discordiam.
553 1885 612 1906 nec
632 1875 686 1906 diu
708 1876 741 1906 in
758 1874 856 1906 tantis
875 1877 1072 1906 armatorum
1087 1875 1280 1914 odiis'quies
1300 1874 1372 1906 suit.
1391 1877 1452 1906 Au-

125 1924 228 1961 gustae
241 1924 454 1954 Taurinorum
466 1924 543 1953 dum
557 1923 706 1962 opificem
721 1922 883 1962 quendam
899 1924 1034 1953 Batavus
1048 1925 1083 1953 ut
1096 1922 1311 1953 fraudatorem
1322 1922 1454 1953 insecta-

126 1970 193 2008 tur,
211 1970 402 2009 legionarius
418 1974 454 2002 ut
471 1970 632 2010 hospitem
656 1971 779 2008 tuetur,
795 1969 844 2000 sui
863 1969 981 2008 cuique
1000 1970 1236 2000 commilitones
1256 1968 1418 2009 aggregati
1435 1977 1454 2000 a

127 2017 283 2047 conviciis
300 2018 339 2048 ad
357 2017 477 2048 eaedem
495 2017 661 2048 transiere.
681 2020 713 2048 et
732 2017 879 2056 prcrlium
898 2019 991 2046 atrox'
1012 2017 1203 2054 exarsisset,
1223 2016 1255 2046 ni
1278 2016 1352 2047 duae
1372 2023 1451 2056 prae-

127 2063 218 2094 toriae
233 2065 379 2095 cohortes
391 2073 521 2095 eausam
536 2063 901 2104 quartadecimanorum
918 2067 1040 2094 secutae
1055 2064 1105 2094 liis
1119 2063 1268 2095 fiduciam
1283 2065 1316 2094 et
1329 2064 1451 2093 metum

127 2111 255 2141 Batavis
273 2112 430 2143 fecissent.
457 2121 538 2152 quos
561 2111 707 2143 vitellius
734 2113 864 2151 aqmz'm'
889 2119 951 2141 suo
969 2111 1073 2150 jwzqz'
1100 2112 1135 2140 ut
1162 2110 1264 2148 fidos,
1290 2109 1452 2149 leqt‘onem

133 2157 247 2196 Grajis
263 2159 405 2198 Alpibus
430 2159 633 2191 traductam
651 2167 688 2190 eo
701 2158 807 2199 flexu
832 2159 968 2189 itineris
993 2159 1043 2189 ire
1065 2157 1173 2197 jubet,
1193 2164 1258 2197 quo
1286 2157 1452 2188 Viennam

129 2254 183 2272 —s.
206 2250 345 2273 'reri-endo
359 2249 503 2280 prohibuit.

158 2284 246 2323 inv3
271 2290 277 2308 i
308 2286 521 2325 Non'particeps
533 2285 614 2309 ultius
627 2285 694 2310 faeti
714 2285 762 2309 aut
786 2284 891 2309 consilii
908 2283 1004 2308 tristis.
1016 2288 1079 2308 -2-
1099 2283 1194 2308 Essuso
1215 2283 1453 2314 gratulantiumiet

129 2319 438 2383 adiikliiiuiiuosciliidiii'bus
451 2355 553 2379 dictum
564 2355 598 2379 ad
608 2361 634 2379 c.
650 2360 688 2379 5⁴.
703 2355 787 2379 V.-2.
802 2357 843 2379 ,De
862 2360 915 2384 qna
936 2359 967 2379 re
980 2354 1087 2379 Annal.
1101 2353 1146 2382 Vl,
1157 2359 1250 2379 siz-5.
1262 2355 1302 2379 De
1314 2359 1367 2384 quo
1379 2353 1451 2382 Ιμεο.

163 2389 248 2412 LXVI.
265 2394 284 2412 ι.
296 2390 410 2419 Degere.
423 2392 460 2415 De
474 2392 569 2414 mutuo
584 2391 646 2414 odio
661 2396 686 2415 c.
702 2396 745 2419 απ
758 2391 777 2420 1,
794 2395 831 2420 ⁵9,
845 2394 882 2414 6⁴.
