1539 2668
535 106 571 134 A.
594 107 634 135 U.
657 106 692 135 C.
718 107 791 135 822.
816 107 851 135 A.
878 108 913 137 C.
938 107 990 136 69.
1368 111 1432 141 369

115 183 209 215 sisset
226 179 484 220 intempestivam
506 178 708 219 sapientiam.
735 179 838 212 obviae
865 181 952 211 tuere
974 182 1007 211 et
1027 179 1166 219 virgines
1191 181 1334 213 Vestales
1356 191 1429 215 cum

114 227 256 269 epistolis
273 226 388 258 Vitellii
407 226 447 257 ad
462 225 636 257 Antonium
659 226 796 266 scriptis.
817 228 921 258 eoeimi
943 234 1102 266 supremo
1118 229 1300 259 certamini
1320 238 1430 261 unum

114 274 203 307 diem
216 273 398 314 postulabat
412 283 420 311 ;
437 274 466 304 sz'
480 281 615 304 moram
632 274 878 312 tutemet-issent
891 298 900 312 ‚
911 273 1060 312 facilius
1076 275 1190 304 omnia
1203 278 1428 308 conventura.

113 321 253 361 virgines
270 329 343 351 cnm
362 320 482 350 honore
498 319 661 357 dimissae3
681 320 805 351 Vitellio
824 321 1011 361 rescriptum
1028 320 1141 351 Sabini
1164 320 1253 352 caede
1269 323 1301 353 et
1321 324 1432 354 incen-

113 365 169 399 dio
184 367 345 407 Capitolii
361 366 534 405 dirempta
553 366 634 397 belli
648 369 850 398 commercia
866 367 890 398 ².

154 417 297 446 LXXXII.
322 413 471 445 Tentavit
484 415 591 443 tamen
607 414 766 444 Antonius
782 415 913 445 vocatas
932 413 970 444 ad
988 413 1176 445 concionem
1194 414 1332 453 legiones
1350 416 1432 448 miti-

113 468 205 500 gare,
219 462 259 491 ut
271 462 394 491 castris
403 460 514 499 Juxta
526 462 664 499 pontem
682 461 855 491 Mulvium
871 462 990 500 positis
1008 462 1147 500 postera
1166 461 1218 492 die
1241 462 1359 492 Urbem
1382 464 1431 493 in-

112 506 347 547 9rederentzcr.
363 507 443 537 ratio
456 506 629 537 cunctandi
643 530 651 545 ,
670 516 709 537 ne
723 511 887 546 asperatus
903 507 1012 547 proelio
1029 507 1118 538 miles
1133 516 1195 538 non
1211 508 1328 548 populo
1341 532 1349 545 ‚
1368 518 1432 540 non

112 553 255 591 senatui,
278 562 317 584 ne
339 554 466 593 templis
485 553 616 593 quidem
635 562 672 584 ac
694 554 837 585 delubris
859 555 992 585 deornm
1015 555 1208 585 consuleret.
1229 555 1283 585 sed
1301 564 1431 586 omnem

111 600 322 640 prolationem
341 602 376 631 ut
391 599 553 630 inimicam
569 600 712 631 victoriae
728 601 964 641 suspectabaut.
983 601 1076 632 simul
1096 601 1246 640 fulgentia
1264 610 1318 642 per
1334 602 1435 633 colles

110 646 242 686 vexilla,
256 656 451 687 quamquam
466 646 602 678 imbellis
614 647 752 686 populns
763 651 960 687 sequeretur,
977 648 1114 687 speciem
1130 648 1256 678 hostilis
1269 650 1431 680 exercitus

111 691 262 724 fecerant.
281 694 442 732 tripartito
467 693 593 732 agmine
616 702 709 732 pars,
729 695 765 725 nt
787 694 953 733 astiterat,
976 694 1132 724 Flaminia
1157 696 1226 732 via,
1248 704 1318 734 pars
1338 696 1432 735 juxta

111 739 214 780 ripam
237 740 361 771 Tiberis
378 740 526 778 incessit;
550 740 684 771 tertium
703 749 816 780 agmen
835 750 890 780 per
907 741 1060 772 Salariam
1084 741 1216 772 Collinae
1240 745 1341 781 portae
1362 750 1432 781 pro-

112 786 297 826 pinquabat.
324 786 413 826 plebs
435 786 571 817 invectis
590 787 753 826 equitibus
775 787 863 826 fusa;
887 788 976 818 miles
989 788 1180 819 vitellianus
1197 789 1288 819 trinis
1310 790 1341 819 et
1364 788 1432 827 ipse

112 836 270 875 praesidiis
284 835 437 866 occurrit.
456 835 565 875 proelia
582 837 658 865 ante
672 835 790 866 Urbem
809 836 911 866 inulta
928 839 959 866 et
981 836 1090 875 vai-ia,
1109 837 1163 866 sed
1184 837 1341 868 Flavianis
1358 846 1432 868 con-

111 881 184 913 silio
200 882 319 913 ducum
338 881 567 922 praestantibus
583 882 699 921 saepius
713 891 875 922 prospera.
897 882 918 912 ii
936 885 1060 912 tantum
1076 883 1248 914 conflictati
1267 886 1341 914 sunt
1353 909 1360 922 ,
1376 884 1433 924 qni

111 928 143 960 in
158 930 282 969 partem
296 928 460 960 sinistram
478 928 572 960 Urbis
583 953 592 967 ,
610 928 649 959 ad
663 929 872 960 Sallustianos
886 929 995 960 liortos
1010 929 1033 967 ¹,
1051 938 1107 969 per
1121 935 1252 968 angusta
1266 933 1297 961 et
1311 931 1433 962 lubrica

110 974 236 1006 viarum
262 975 430 1007 flexerant.
455 978 672 1015 superstantes
700 976 848 1007 maceriis
873 976 1041 1006 hortorum
1068 976 1231 1007 Vitelliani
1259 977 1298 1007 ad
1324 986 1432 1009 serum

110 1032 212 1063 usqne
235 1023 319 1055 diem
345 1023 431 1054 saxis
452 1024 588 1064 pilisque
611 1024 786 1055 subeuntes
806 1024 975 1063 arcebant,
999 1024 1101 1055 donec
1117 1024 1157 1055 ab
1176 1025 1339 1064 equitibus
1352 1050 1360 1064 ‚
1378 1025 1433 1065 qni

112 1072 202 1109 porta
216 1070 337 1102 Collina
353 1070 546 1109 irruperant,
561 1070 881 1101 circumvenirentur.
898 1072 1088 1101 concurrere
1102 1073 1133 1101 et
1146 1071 1176 1101 in
1192 1081 1305 1111 campo
1321 1071 1433 1102 Martio

113 1115 238 1148 infestae
252 1116 345 1147 acies.
361 1125 417 1155 pro
429 1116 585 1147 Flavianis
602 1116 729 1147 fortuna
740 1119 770 1147 et
783 1119 871 1156 parta
883 1117 978 1148 toties
987 1117 1122 1148 victoria
1132 1127 1138 1147 :
1149 1119 1309 1149 Vitelliani
1325 1119 1434 1158 ‹lespe-

113 1164 237 1194 ratione
252 1163 319 1194 sola
332 1163 469 1194 ruebant
483 1174 491 1200 ;
503 1166 534 1194 et
553 1172 749 1202 quamquam
765 1164 863 1203 pulsi,
877 1172 986 1194 rursus
1001 1164 1032 1194 in
1047 1164 1132 1195 Urbe
1146 1168 1429 1204 congregabantur.

154 1213 313 1241 LXXXIII.
338 1210 456 1241 Aderat
476 1209 692 1249 pugnantibus
709 1213 871 1250 spectator
885 1210 1021 1250 populus
1036 1234 1043 1249 ,
1062 1212 1162 1250 utque
1177 1211 1207 1241 in
1227 1211 1350 1241 ludicro
1365 1220 1433 1241 cer—

113 1256 249 1295 tamine,
269 1257 344 1296 lios,
362 1264 472 1287 rursus
491 1256 562 1287 illos
584 1257 723 1287 clamore
744 1259 775 1287 et
799 1257 911 1296 plausu
931 1256 1073 1288 fovebat.
1095 1257 1193 1296 quoti·
1207 1266 1221 1287 s
1242 1267 1314 1297 pars
1334 1258 1435 1288 altera

112 1303 314 1342 inclinasset,
328 1303 456 1333 abditos
472 1303 504 1333 in
519 1303 660 1334 tabernis
676 1305 729 1333 ant
745 1327 753 1341 ,
770 1304 794 1333 si
811 1312 906 1342 qnam
921 1304 953 1333 in
968 1303 1100 1333 domum
1119 1304 1319 1343 perfugerant
1335 1329 1343 1343 ‚
1358 1306 1434 1335 ercet

106 1351 336 1393 juyularique
350 1349 610 1389 expostulantes,
626 1352 715 1390 parte
729 1350 849 1389 majore
864 1350 982 1390 praedae
996 1350 1203 1390 potiebantur
1223 1362 1228 1380 :
1246 1361 1317 1382 naim
1334 1352 1434 1382 milite

112 1397 152 1430 ad
175 1397 362 1436 sanguinem
384 1399 416 1427 et
435 1396 539 1427 caedes
556 1396 692 1427 obverso
711 1396 812 1435 spolia
836 1396 867 1426 in
886 1396 1001 1436 vulgus
1025 1397 1193 1427 cedebant.
1213 1407 1299 1428 Sistit).
1318 1408 1355 1429 ac
1378 1398 1431 1429 (le-

113 1443 223 1475 formis
240 1443 325 1474 Urbe
342 1445 409 1474 tota
426 1443 532 1474 facies.
552 1443 627 1473 alibi
645 1443 755 1483 proelia
771 1447 802 1474 et
819 1444 950 1474 vulnera
962 1467 970 1482 ‚
989 1443 1063 1474 alibi
1079 1444 1213 1474 balinea¹
1226 1445 1433 1484 pomumque,

112 1490 207 1522 simul
225 1498 319 1520 cruor
333 1491 364 1520 et
383 1491 488 1521 strues
503 1499 673 1530 corporum
687 1490 800 1528 ,juxta
816 1493 921 1521 scorta
942 1493 973 1520 et
991 1490 1106 1521 scortis
1119 1491 1257 1530 similes,
1274 1495 1433 1531 quantum

111 1538 145 1570 in
157 1536 324 1568 luxurioso
338 1536 403 1566 otio
418 1536 588 1567 libidinum
602 1561 610 1575 ‚
626 1536 781 1576 quicquid
798 1537 831 1567 in
845 1536 1048 1567 acerbissima
1063 1538 1248 1577 captivitate
1265 1539 1433 1579 scelernm,

112 1592 243 1624 prorsus
261 1585 296 1614 ut
312 1584 446 1614 eandem
469 1583 633 1614 civitatem
660 1586 691 1614 et
709 1584 813 1614 l'nrere
830 1583 975 1614 crederes
998 1585 1029 1614 et
1046 1583 1202 1614 lascivire.
1224 1585 1434 1618 conflixerant

113 1632 186 1663 ante
204 1630 320 1662 armati
337 1631 500 1661 exercitus
514 1630 546 1661 in
560 1630 644 1662 Urbe
659 1631 731 1673 abis
745 1634 776 1661 L.
794 1631 876 1661 Sulla
889 1654 897 1669 ‚
912 1630 1009 1661 semel
1024 1630 1124 1661 Cinna
1138 1631 1316 1662 victoribus
1330 1632 1335 1648 ¹
1349 1643 1357 1670 ;
1375 1642 1433 1664 nec

112 1680 190 1710 tunc
209 1678 314 1708 minus
330 1677 528 1708 crudelitatis
544 1687 550 1707 :
567 1686 653 1708 nune
667 1678 842 1708 inhumana
855 1677 1011 1708 securitas
1020 1701 1037 1716 ,s
1048 1679 1079 1708 et
1093 1686 1133 1708 ne
1151 1677 1286 1708 minimo
1302 1679 1432 1718 quiden]

113 1724 266 1764 temporis
288 1725 470 1763 voluptates
486 1725 687 1756 intermissae.
711 1726 799 1756 velut
822 1725 911 1756 festis
933 1725 1048 1756 diebus
1065 1725 1094 1755 id
1116 1734 1244 1765 quoque
1260 1726 1431 1765 gandium²

114 1770 515 1809 accederet,exsultabant,
525 1771 725 1808 fruebantur,
742 1772 827 1802 nulla
845 1772 982 1811 partium
994 1780 1086 1809 cura,
1101 1773 1193 1802 malis
1205 1772 1338 1811 publicis
1355 1773 1430 1804 laeti.

155 1821 312 1849 LXXXlV.
337 1817 515 1847 Plurimum
533 1817 625 1848 molis
641 1818 674 1848 in
690 1819 927 1857 oppugnatione
942 1820 1120 1849 castrorum
1137 1819 1142 1835 ¹
1162 1819 1239 1856 snit,
1257 1828 1329 1857 quse
1348 1828 1434 1850 acer-

113 1864 215 1896 rimus
230 1863 366 1903 quisque
382 1864 417 1893 ut
430 1863 638 1894 novissimam
655 1872 743 1903 speni
760 1864 949 1895 retinebant.
965 1873 1003 1895 eo
1020 1864 1175 1894 intentius
1190 1864 1340 1903 victores,
1358 1874 1438 1905 prae·

113 1914 209 1954 cipno
222 1915 369 1945 veterum
382 1913 563 1944 cohortium
577 1913 588 1930 ²
605 1913 728 1952 studio,
742 1915 858 1944 cuncta
872 1913 1144 1944 validissimarum
1159 1913 1286 1944 urbium
1299 1915 1434 1947 excidiis

113 1962 239 2001 reperta
259 1960 356 1991 simul
377 1960 571 1999 admovent,
590 1960 783 1991 testudinem
795 1984 804 1999 ,
820 1962 998 1998 tormenta,
1013 1968 1139 2000 aggeres
1156 1960 1319 2000 facesque,
1341 1963 1435 2001 quic-

113 2007 197 2048 quid
212 2008 261 2038 tot
275 2007 406 2046 proeliis
425 2006 553 2038 laboris
569 2015 609 2037 ac
624 2007 773 2046 periculi
787 2007 995 2046 hausissent,
1012 2015 1110 2047 opere
1127 2007 1188 2038 illo
1202 2011 1434 2040 consummari

114 2053 326 2086 clamitantes.
349 2053 470 2085 Urbem
485 2055 622 2084 senatui
645 2062 686 2084 ac
700 2054 828 2093 populo
846 2056 1014 2093 Romano,
1035 2053 1165 2093 templa
1185 2053 1250 2084 diis
1269 2054 1407 2086 reddita
1422 2066 1433 2087 .-

109 2102 293 2142 proprium
306 2108 377 2132 esse
392 2101 515 2132 militis
537 2100 638 2132 decus
655 2102 690 2131 z'n
710 2102 845 2132 castris.
868 2101 969 2132 illam
986 2102 1144 2141 patriam
1156 2122 1165 2138 ,
1182 2101 1259 2132 illos
1277 2103 1429 2140 penales.

114 2148 151 2179 ni
174 2149 294 2180 statim
319 2149 549 2188 recipiantur,
567 2149 696 2179 noctem
721 2149 757 2179 in
782 2149 890 2179 armis
912 2146 1090 2188 aqendam.
1117 2150 1228 2178 contra
1249 2147 1433 2188 Vitelliani,

114 2214 166 2235 *2
175 2211 339 2237 commercia
350 2212 519 2241 bellantium,
530 2212 701 2236 conditiones
715 2212 788 2242 pacis
799 2212 898 2237 bellive
911 2212 1070 2243 agitantium
1077 2218 1085 2240 ‚·
1096 2216 1128 2234 ex
1140 2211 1247 2240 Virgilio
1257 2211 1323 2235 AEn.
1332 2211 1365 2240 X,
1379 2216 1435 2236 55⁹..

145 2246 272 2271 Lxxxn.
290 2248 369 2272 wAd
379 2249 486 2278 portam
501 2247 641 2272 Collinam.

145 2279 286 2306 Lxxxul.
303 2288 321 2306 ι.
337 2283 406 2313 Lege
420 2283 452 2307 de
466 2283 508 2308 his
522 2282 706 2307 invasionibus
722 2284 830 2308 Florum
843 2283 887 2313 111,
899 2288 988 2308 21--2-
1004 2283 1047 2307 Sc.
1058 2280 1199 2312 spectandi
1209 2286 1326 2310 pugnam
1336 2299 1342 2310 ,
1356 2280 1432 2310 quasi

117 2313 209 2338 ludum
225 2316 426 2345 gladiatorium.

147 2348 285 2376 LXXXIV.
302 2357 324 2378 ι.
337 2353 596 2380 Praetorianorum.-
603 2359 624 2379 2.
643 2355 868 2380 praetorianorum
881 2354 1118 2380 exauctoratorum
1128 2358 1143 2378 a
1156 2350 1280 2380 Vitellio,
1294 2356 1308 2374 a
1323 2350 1431 2375 Flavia-

1251 2395 1305 2429 16.
