1539 2668
120 150 181 180 224
500 154 633 184 TACITI
655 154 862 186 ANNALIUM
883 157 956 187 LIB.
979 159 1058 188 xlv.

124 240 141 254 «
160 225 267 257 delicti
285 234 412 266 poenam
424 227 522 259 statui
540 237 596 268 par
610 228 719 260 ruisse.
738 233 880 261 ceterum
904 239 937 262 se
949 253 958 269 ,
986 231 1042 272 qui
1056 232 1262 265 severitatem
1276 233 1444 265 decernen-

126 285 142 299 κ
160 272 243 303 tium
269 273 482 314 impediturus
500 275 614 313 suerit,
638 275 895 309 moderationem
912 287 977 309 non
1000 278 1193 318 prohibere:
1211 281 1389 312 statuerent
1408 281 1446 312 ut

125 332 140 347 α
161 321 296 360 vellent3
318 321 427 352 datam
439 321 535 352 etiam
549 321 739 354 absolvendi
759 324 961 356 licentiam».
984 325 1040 357 His
1059 328 1156 366 atque
1171 326 1287 358 talibus
1302 326 1445 358 recitatis

124 369 157 399 et
171 368 348 399 offensione
370 368 552 407 manifesta,
579 377 644 400 non
661 369 733 401 ideo
759 373 814 402 aut
839 372 986 403 consules
1002 375 1168 404 mutavere
1187 373 1372 405 relationem
1389 375 1446 406 aut

122 416 262 447 Thrasea
284 415 424 446 decessit
449 415 629 455 sententia,
645 417 783 449 ceterive
810 427 881 458 quae
898 420 1112 459 probaverant
1141 420 1327 458 deseruere,
1353 429 1444 460 pars,

124 472 164 493 ne
187 462 367 502 Principem
388 462 541 501 objecisse
566 462 697 495 invidiae
712 464 910 504 viderentur,
929 466 1035 506 plures
1060 475 1194 498 numero
1208 466 1287 506 tuti,
1305 466 1445 498 Thrasea

123 510 217 543 sueta
234 508 431 539 firmitudine
454 508 553 540 animi
571 510 602 540 et
617 519 657 541 ne
673 511 770 550 gloria
787 512 992 544 intercideret

166 556 199 582 L.
226 550 317 581 Haud
339 549 457 589 dispari
483 551 617 582 crimine
645 551 807 584 Fabricius
832 554 965 585 Veiento
981 555 988 571 ¹
1023 555 1226 586 conflictatus
1255 556 1323 592 est,
1357 553 1447 595 quod

122 599 238 630 mulla
253 600 285 628 ec
294 597 461 636 probrosa
477 599 512 628 in
522 599 644 629 Patres
657 601 690 630 et
703 600 894 632 sacerdotes
908 603 1143 641 composuisset
1157 604 1198 633 iis
1212 601 1448 641 libris,quibus

127 653 248 677 nomen.
264 643 502 674 codicillorum
518 644 671 677 dederat.
697 647 869 685 adjiciebat
886 648 992 678 Talius
1015 650 1168 679 Geminus
1189 650 1354 679 accusator
1372 655 1448 679 ven-

124 694 240 726 dilala
255 691 298 722 ab
312 700 348 721 co
363 699 511 722 munera
531 694 702 732 Principis
715 693 726 710 ²
753 696 786 725 ct
802 693 1103 733 adipiscendorum
1118 696 1285 727 honorum
1291 695 1362 734 jus.
1375 702 1448 734 quae

127 748 225 771 causa
244 738 362 770 Neroni
393 738 453 769 fuit
469 738 665 778 suscipiendi
690 740 826 780 judicii,
853 742 1102 782 convictumque
1128 741 1338 773 Veientonem
1359 740 1450 772 ltalia

127 786 251 827 depulit
266 787 298 816 ct
312 785 412 816 libros
422 785 513 816 exuri
525 785 635 825 jussit,
646 787 845 827 conquisitos
858 788 1096 829 lectitatosque,
1107 789 1208 820 donec
1221 796 1295 819 cum
1309 787 1451 828 periculo

125 833 323 875 parabantur
341 842 347 861 :
364 841 440 862 mox
457 832 585 864 licentia
604 833 743 865 habendi
765 834 957 866 oblivionem
974 836 1092 867 attulit.

169 885 219 912 LI.
244 879 302 912 sed
320 879 585 918 gravescentibus
610 879 643 910 in
669 880 736 912 dies
759 881 894 921 publicis
920 883 1010 913 malis
1039 882 1181 913 subsidia
1207 880 1450 918 minuebantur,

126 927 348 966 concessitque
366 926 433 956 vita
446 929 563 957 Burrus
574 950 583 965 ,
603 926 764 958 incertum
786 929 969 960 valetudine
986 938 1024 960 an
1040 938 1174 961 veneno.
1192 928 1344 959 valetudo
1357 936 1397 958 ex
1414 935 1452 958 eo

128 974 379 1014 conjectabatur,
395 972 482 1012 quod
499 974 530 1003 in
551 973 606 1004 se¹
625 975 882 1006 tumescentibus
900 976 1065 1015 paullatim
1081 976 1228 1007 faucibus
1243 977 1277 1006 et
1294 973 1450 1014 impedito

127 1024 235 1053 meatu
260 1020 413 1060 spiritum
432 1018 601 1051 finiebat2.
621 1021 728 1060 plures
742 1022 830 1061 jussu
850 1024 1002 1061 Neronis,
1021 1024 1110 1063 quasi
1129 1023 1305 1054 remedium
1323 1020 1452 1052 adhibe-

128 1072 230 1108 retur,
251 1069 370 1099 illitum
388 1067 530 1107 palatum
547 1066 616 1105 ejus
634 1068 731 1098 noxio
760 1069 971 1100 medicamine
989 1071 1216 1101 asseverabant
1230 1093 1239 1108 ‚
1261 1070 1294 1100 et
1317 1072 1452 1099 Burrum

127 1117 293 1150 intellecto
308 1114 428 1145 scelere
444 1138 453 1153 ,
481 1123 581 1153 quum
599 1115 639 1145 ad
653 1115 825 1146 visendum
841 1125 914 1146 eum
932 1117 1081 1157 Princeps
1102 1116 1263 1155 venisset,
1288 1114 1452 1155 aspectum

128 1165 200 1204 ejus
210 1164 392 1194 aversatum
409 1161 589 1192 sciscitanti
603 1161 758 1193 hactenus
773 1163 988 1202 respondisse,
1003 1172 1061 1204 eqo
1074 1172 1127 1195 mc
1146 1152 1225 1195 beni!
1239 1162 1345 1194 habeo
1362 1160 1387 1192 ³.
1404 1158 1452 1192 Ci-

127 1211 220 1242 vitati
239 1208 358 1248 grande
374 1207 570 1239 desiderium
588 1208 656 1247 ejus
672 1209 790 1240 mansit
811 1219 864 1249 per
878 1211 1065 1241 memoriam
1086 1210 1218 1242 virtutis
1232 1210 1264 1241 et
1288 1216 1455 1240 successo-

129 1267 202 1289 rum
220 1256 354 1287 alterius
380 1263 509 1294 segnem
527 1255 760 1295 innocentiam,
779 1256 913 1288 alterius
929 1257 1169 1297 flagrantissima
1186 1256 1307 1296 flagitia
1320 1257 1350 1286 et
1367 1254 1454 1286 adul·

127 1306 211 1338 teria
238 1303 357 1343 quippe
369 1306 475 1333 Caesar
491 1302 572 1333 duos
583 1304 741 1343 praetoriis
751 1303 937 1335 cohortibus
950 1305 1159 1344 imposuerat,
1169 1305 1301 1335 Fenium
1316 1299 1452 1333 Rusum4

128 1364 169 1386 ex
181 1351 268 1390 vulgi
283 1349 393 1380 favore
406 1373 414 1388 ,
432 1349 508 1388 quia
521 1358 587 1380 rem
602 1350 850 1381 frumentarium
864 1351 933 1381 siue
948 1352 1073 1391 quaestu
1093 1351 1270 1389 tractabat,
1286 1348 1452 1380 Sofonium

129 1396 359 1440 Tigellinu1n⁵‚
383 1398 526 1427 veterem
541 1398 780 1437 impudicitiam
796 1401 891 1438 alque
907 1399 1070 1429 infamiam
1085 1399 1117 1429 in
1131 1407 1168 1429 eo
1199 1399 1337 1428 secutus.
1357 1397 1454 1434 atque

129 1449 178 1481 illi
195 1454 253 1487 pro
270 1443 406 1483 cognitis
417 1444 563 1474 moribus
579 1444 590 1462 ⁶
610 1442 698 1476 suere
711 1469 719 1484 ,
740 1445 877 1476 validior
890 1446 1065 1484 Tigellinus
1083 1446 1114 1476 in
1129 1445 1235 1476 animo
1252 1443 1408 1482 Principis
1423 1445 1455 1474 et

129 1493 255 1528 intimis
282 1490 472 1522 lihidinibus
489 1494 697 1531 assumptus,
718 1494 872 1532 prospera
891 1493 998 1532 populi
1017 1495 1050 1525 et
1066 1492 1208 1523 militum
1230 1492 1315 1522 sama
1330 1490 1432 1522 Rufus
1448 1500 1455 1520 :

132 1541 222 1584 quod
248 1537 335 1578 apud
350 1542 510 1568 Neronem
529 1538 705 1569 adversum
719 1539 957 1578 experiebatur.

174 1592 239 1620 LIl.
265 1590 350 1616 Mors
371 1584 463 1615 Burri
477 1585 605 1624 infregit
624 1589 750 1616 Senecae
766 1587 956 1624 potentiam,
970 1585 1043 1624 quia
1058 1595 1116 1617 nec
1126 1585 1219 1616 bonis
1232 1584 1355 1615 artibus
1369 1584 1455 1614 idem

131 1636 253 1669 virium
267 1632 335 1662 erat
352 1631 458 1661 altero
474 1632 565 1662 velut
587 1631 668 1662 duce
686 1634 797 1662 amoto
810 1655 818 1669 ,
833 1633 865 1662 et
887 1636 969 1663 Nero
983 1632 1022 1663 ad
1040 1632 1236 1663 deteriores¹
1269 1630 1456 1662 inclinabat.

131 1685 166 1716 hi
185 1679 283 1711 variis
301 1677 585 1708 criminationibus
602 1682 753 1709 Senecam
769 1678 971 1717 adoriuntur,
984 1692 998 1705 ιι
1013 1681 1166 1718 tauquam
1182 1680 1326 1718 ingentes
1345 1680 1377 1709 et
1390 1678 1457 1717 pri-

136 1744 150 1758 ιι
168 1731 281 1759 vatum
308 1733 406 1764 supra
423 1724 556 1755 modum
573 1726 700 1755 evectas
720 1734 797 1765 opes
814 1725 920 1756 adhuc
945 1727 1095 1765 augeret,
1115 1727 1267 1765 quodque
1291 1725 1398 1755 studia
1415 1725 1459 1755 ci-

135 1791 150 1806 »
169 1775 260 1806 vium
274 1772 306 1802 in
320 1779 353 1802 se
367 1772 523 1808 verteret,
551 1771 718 1802 hortorum
743 1781 872 1812 quoquc
891 1773 1077 1803 amoenitate
1099 1776 1131 1805 et
1149 1774 1297 1804 villarum
1314 1772 1458 1810 magnifi—

136 1839 151 1852 η
171 1817 395 1858 centiaquasi²
408 1818 588 1857 Principem
600 1819 1120 1859 supergrederetur.»objiciebant
1130 1821 1224 1851 etiam
1242 1820 1459 1858 «eloquentiae

136 1885 152 1898 ι(
172 1867 298 1900 laudem
319 1865 373 1895 uni
390 1864 450 1894 sibi
468 1865 624 1897 asciscere
640 1868 672 1897 et
687 1866 833 1897 carmina
850 1866 994 1898 crebrius
1020 1868 1168 1898 factitare
1182 1891 1190 1906 ,
1208 1870 1382 1907 postquam
1400 1870 1459 1897 Ne-

136 1930 153 1944 «
172 1914 242 1946 roni
257 1921 347 1944 amor
360 1920 471 1942 eorum
487 1912 637 1944 venisset.
655 1921 729 1943 nam
743 1913 990 1945 oblectamentis
1014 1915 1169 1955 Principis
1188 1915 1291 1954 palam
1311 1913 1457 1953 iniquum

136 1977 152 1991 «ι
172 1962 354 1994 detractare
370 1958 381 1975 ³
401 1958 469 1988 vim
483 1959 552 1998 ejus
565 1968 664 1999 equos
688 1960 826 1999 regentis
839 1985 846 1999 ,
872 1960 1007 1992 illudere
1032 1970 1144 2001 voces,
1168 1961 1296 2000 quotIes
1315 1962 1455 1992 caneret.

137 2024 153 2037 «
172 2016 268 2049 quem
286 2006 326 2037 ad
344 2005 439 2036 tinem
455 2004 464 2022 ⁴
486 2005 563 2036 nihil
582 2005 614 2036 in
632 2006 795 2046 republica
811 2007 932 2038 clarum
953 2009 1036 2048 sore,
1052 2009 1136 2048 quod
1154 2017 1218 2038 non
1241 2007 1280 2038 ab
1297 2007 1352 2038 illo
1368 2016 1458 2047 repe-

137 2071 153 2085 «ι
173 2054 229 2087 riri
251 2053 426 2084 credatur?
452 2055 537 2083 certe
551 2052 672 2084 finitam
689 2054 824 2095 Neronis
838 2055 1008 2094 pueritiam
1022 2056 1054 2086 et
1070 2055 1318 2094 roburjuveutae
1336 2053 1456 2084 adesse.

140 2116 156 2130 «
173 2101 305 2133 exueret
323 2099 514 2138 magistrum
529 2100 605 2131 satis
617 2100 732 2140 amplis
749 2100 935 2132 doctoribus
950 2101 1127 2132 instructus
1139 2125 1148 2139 ‚
1168 2099 1340 2139 majoribus
1353 2100 1429 2131 suis.
1443 2113 1457 2127 »

179 2151 260 2180 LIII.
284 2148 323 2177 At
336 2148 451 2177 Seneca
465 2146 705 2178 criminantium
718 2156 780 2178 non
794 2147 933 2188 ignarus,
948 2147 1155 2189 prodentibus
1172 2147 1209 2178 iis
1225 2146 1342 2187 quibus
1352 2147 1460 2187 aliqua

168 2225 195 2248 1„
216 2227 238 2246 ι.
255 2220 384 2245 Adulator
394 2222 421 2244 et
435 2221 543 2245 delator
553 2221 602 2245 sub
618 2222 773 2246 Domitiano
784 2222 966 2247 famosus—2.
979 2223 1109 2246 Favorein
1124 2222 1194 2251 apud
1210 2222 1370 2251 Principem.

169 2258 209 2281 Ll.
224 2262 244 2280 ι.
259 2257 398 2280 intus-2.
413 2256 474 2279 Non
486 2257 601 2286 amplius
614 2257 714 2281 ducere
734 2259 908 2287 poterae-³.
928 2257 1027 2281 Confer
1043 2263 1103 2286 quae
1115 2257 1147 2280 de
1164 2258 1244 2280 simili
1260 2262 1390 2286 responso
1405 2257 1461 2281 Sci·

137 2293 227 2323 pionis
238 2292 305 2315 dixit
317 2292 421 2315 Seneca
436 2291 528 2320 Epist.
544 2297 581 2316 2⁴.
593 2297 653 2316 -4.
669 2294 706 2317 De
719 2299 773 2322 quo
785 2294 853 2321 Xlll,
865 2298 902 2317 22.
917 2306 944 2310 —
955 2299 977 2317 5.
992 2294 1031 2317 De
1044 2299 1098 2323 quo
1112 2293 1187 2317 Hist.
1209 2293 1230 2321 1,
1241 2297 1279 2316 72.
1293 2305 1321 2309 —
1334 2297 1358 2316 θ.
1374 2292 1417 2317 Sic
1431 2294 1461 2318 ut

138 2328 292 2357 exspectari
311 2327 419 2356 poterat
435 2332 465 2350 ex
478 2327 601 2350 moribus
614 2328 756 2358 utriusque
769 2330 812 2352 sat
824 2329 906 2352 nous.

174 2363 228 2387 Lll.
251 2367 271 2385 l.
291 2363 334 2386 sc.
360 2361 453 2385 duces.
464 2374 491 2378 —
505 2367 527 2386 2.
539 2363 746 2392 Propemodum.
760 2377 789 2381 —
801 2370 824 2388 ³.
840 2363 1018 2393 Frequentms
1036 2363 1189 2393 detrahere,
1203 2362 1370 2388 sermonibus
1387 2364 1460 2388 exte-

137 2402 287 2424 nuarea-a.
297 2398 453 2427 Quousque.
