1539 2668
102 212 164 243 478
560 210 594 239 C.
619 208 805 238 CORNELII
827 210 959 239 TAClTI

102 286 295 326 eloquentiae
312 284 438 325 serunt,
456 283 495 316 ut
517 284 544 315 si
570 285 716 316 omnium
735 283 856 324 pariter
886 283 984 316 libros
1007 283 1040 315 in
1064 292 1199 316 manum
1224 283 1423 324 sumpseris,

102 333 203 372 scias,
221 331 370 372 quamvis
386 332 420 363 in
437 330 577 362 diversis
593 331 731 371 ingeniis
743 355 752 369 ‚
769 339 838 362 esse
855 331 1014 371 quandam
1032 330 1145 370 judicii
1162 339 1200 362 ac
1221 330 1398 362 voluntatis
1410 331 1422 349 ³

101 379 346 412 similitudinem
364 381 396 410 et
413 378 648 418 cognationem
668 387 742 409 nam
767 377 854 418 quod
878 378 1016 410 invicem
1039 387 1074 410 se
1090 377 1376 416 obtrectaverunt,
1393 380 1426 409 et

102 430 178 459 sunt
203 427 312 466 aliqua
338 426 484 466 epistolis
507 435 618 457 eorum
638 426 778 465 inserta,
805 433 843 457 ex
868 426 986 466 quibus
1009 429 1122 457 mutua
1137 425 1319 465 malignitas
1336 424 1423 456 dete-

100 476 197 515 gitur,
217 483 280 506 non
297 475 347 505 est
362 476 526 504 oratorum
542 473 670 512 vitium,
689 474 743 505 secl
759 473 936 505 nominum.
953 484 1025 505 nam
1043 477 1075 505 et
1087 474 1220 505 Calvum
1234 476 1265 504 et
1278 472 1424 504 Asinium

100 528 131 555 et.
148 523 252 564 ipsum
269 523 456 554 Ciceronem
478 522 576 552 credo
595 521 707 554 solitos
723 524 755 554 et
772 522 918 554 invidere
932 526 964 554 et
980 523 1080 555 livere
1096 524 1127 554 et
1144 522 1260 553 ceteris
1275 521 1424 552 numanae

100 570 297 603 infirmitatis
313 569 402 600 vitiis
416 568 500 599 attici
516 578 523 598 :
539 569 641 599 solum
659 569 743 600 inter
760 570 818 601 lios
835 569 975 600 arbitror
992 573 1126 601 Brutum
1145 578 1208 600 nou
1227 568 1425 607 malignitate

100 626 158 649 nec
178 616 318 654 invidia,
337 616 391 647 sed
411 616 605 656 simpliciter
622 619 653 647 et
672 617 810 655 ingenue
824 616 983 656 jiidicium
1006 617 1105 648 animi
1122 616 1171 647 sui
1189 616 1358 647 detexisse.
1383 623 1424 646 an

101 667 153 698 illc
176 664 323 696 Ciceroni
347 664 527 703 invideret,
550 665 604 704 qui
630 665 707 696 milii
732 664 864 696 videtur
887 675 926 697 ne
948 666 1066 697 Caesari
1092 665 1223 705 quidem
1248 663 1425 695 invidisse?

100 712 193 753 Quod
211 712 251 742 ad
267 712 411 744 Serrium
429 712 561 743 Galbam
577 714 608 743 et
623 713 734 743 Caium
751 713 885 744 Laelium
899 714 1033 751 attinet,
1051 714 1083 744 et
1102 712 1129 744 si
1151 721 1230 752 qnos
1250 711 1329 742 alios
1346 710 1423 742 anti-

100 769 238 800 quorum
265 760 383 798 agitare
415 769 477 790 non
506 760 633 791 destitit
654 760 660 777 ⁴
676 785 684 800 ‚
718 769 781 791 non
814 760 914 799 exigit
946 760 1147 791 defensorem
1160 784 1168 799 ‚
1194 768 1295 799 qutun
1325 758 1425 790 fatear

100 808 249 848 quaedam
263 807 457 847 eloquentiae
475 817 586 839 eorum
598 832 606 847 ‚
623 809 659 839 ut
676 807 819 839 nascenti
834 807 941 838 adhuc
955 816 1014 838 nec
1029 808 1104 839 satis
1119 807 1240 839 adulta»
1251 831 1259 846 ,
1276 806 1421 837 defuisse.

141 859 249 886 XXVI.
277 867 290 881 «
317 858 467 886 Ceterum
491 856 517 885 si
542 857 662 887 omisso
683 856 806 896 optimo
830 856 886 887 illo
911 857 944 886 et
965 855 1199 895 perfectissimo
1225 863 1339 895 genere
1360 855 1425 886 elo·

101 903 241 942 quentiae
257 901 403 941 eligenda
419 902 463 933 sit
485 903 587 933 l'orma
605 902 754 942 dicendi,
780 903 890 933 malim
910 902 1017 933 hercle
1032 903 1097 934 Caii
1117 903 1249 936 Gracchi
1267 902 1425 942 impetum

101 952 158 981 aut
172 949 259 981 Lucii
274 950 378 981 Crassi
395 950 614 982 maturitatem
629 959 726 989 quam
742 950 945 981 calamistros
961 950 966 967 ¹
987 950 1169 981 Maecenatis
1185 952 1243 981 aut
1260 949 1398 980 tinnitus
1411 947 1422 965 ²

101 997 264 1028 Gallionis.
281 997 360 1028 adeo
374 997 492 1028 melius
508 1000 558 1029 est
574 1000 735 1028 oratorem
755 997 804 1028 vel
824 997 910 1028 hirta
924 996 935 1013 ³
955 998 1029 1036 toga
1047 997 1179 1028 induere
1196 1005 1292 1036 quam
1310 995 1427 1027 fucatis

99 1045 133 1075 et
149 1042 339 1074 meretriciis
356 1043 501 1074 vestibus
517 1043 683 1083 insignire,
699 1051 804 1083 neque
820 1043 905 1074 enim
924 1043 1084 1074 oratorius
1100 1043 1180 1082 iste,
1197 1043 1297 1073 immo
1321 1041 1425 1072 hercle

100 1099 139 1122 ne
156 1090 256 1121 vii-itis
273 1090 405 1129 quidem
422 1091 530 1120 cultus
544 1093 610 1129 est,
629 1100 693 1130 quo
710 1090 853 1129 plerique
871 1092 1054 1129 temporum
1070 1092 1256 1120 nostrorum
1272 1091 1398 1120 actores
1410 1086 1420 1103 ‘⁸

99 1139 144 1169 ita
165 1138 321 1175 utuntur,
344 1138 379 1167 ut
405 1137 536 1167 lascivia
563 1137 736 1168 verborum
762 1140 793 1168 et
818 1137 952 1168 levitate
979 1137 1215 1167 sententiarum
1239 1139 1271 1167 et
1295 1134 1425 1167 licentia

99 1185 346 1224 compositionis
365 1184 570 1215 histrionales
591 1184 705 1215 modos
718 1184 913 1224 exprimant.
931 1183 1081 1223 qnodque
1098 1185 1150 1215 vix
1165 1183 1278 1214 auditu
1294 1184 1342 1214 sas
1356 1191 1425 1215 esse

98 1232 226 1270 debeat,
244 1232 348 1262 laudis
362 1234 393 1262 et
408 1232 518 1269 gloriae
532 1234 563 1262 et
577 1231 695 1271 ingenii
711 1232 781 1261 loco
796 1232 940 1271 plerique
953 1231 1076 1270 jactant
1092 1232 1214 1262 cantari
1228 1229 1423 1270 saltarique⁵

101 1279 349 1311 commentarios
366 1288 454 1310 suos.
478 1278 562 1309 uude
582 1279 686 1309 oritur
710 1278 752 1309 illi
771 1278 853 1309 sceda
875 1281 906 1309 et
923 1280 1137 1318 praepostera,
1161 1278 1215 1309 sed
1242 1280 1349 1309 tamen
1368 1277 1425 1308 l're-

99 1335 201 1367 quens
215 1326 410 1366 quibusdam
427 1326 616 1357 exclamatio
629 1351 637 1365 ,
658 1328 693 1356 ut
707 1328 851 1357 oratores
864 1326 965 1356 nostri
982 1326 1088 1357 tenere
1101 1325 1241 1364 diceress,
1258 1325 1428 1357 histriones

99 1373 216 1405 diserte
233 1374 347 1404 saltare
361 1374 521 1404 dicantur.
539 1373 691 1413 Equidem
708 1383 768 1404 non
784 1374 967 1413 negaverim
985 1374 1133 1405 Cassium
1147 1378 1313 1412 Severum,
1328 1381 1426 1413 quem

99 1423 203 1453 solum
224 1424 305 1461 Aper
322 1424 428 1451 noster
446 1421 612 1452 nominare
626 1430 726 1452 ausus
744 1423 792 1452 est
804 1446 812 1460 ,
830 1421 856 1451 si
874 1421 912 1452 iis
929 1424 1138 1461 comparetur
1157 1422 1212 1461 qui
1235 1422 1344 1461 postea
1361 1420 1424 1450 fue-

99 1470 188 1508 runt,
207 1477 297 1508 posse
314 1471 473 1499 oratorem
489 1468 609 1507 vocari,
624 1477 821 1508 quamquam
836 1469 866 1498 in
885 1477 1001 1507 magna
1019 1471 1108 1508 parte
1126 1468 1281 1499 librorum
1293 1477 1425 1500 suorum

99 1516 169 1556 plus
187 1517 234 1546 vis
256 1516 371 1546 lrabeat
389 1524 487 1555 (piam
504 1515 705 1554 sanguinis&
724 1515 849 1555 primus
866 1516 951 1546 enim
968 1517 1152 1556 contempto
1167 1516 1277 1546 ordine
1295 1525 1402 1547 rerum
1415 1541 1424 1555 ‚

99 1563 219 1594 omissa
245 1563 402 1594 modestia
420 1572 457 1593 ac
476 1562 599 1603 pudore
623 1563 797 1593 verborum
810 1587 820 1601 ,
840 1562 917 1602 ipsis
943 1563 1040 1594 etiam
1065 1562 1183 1602 quibus
1202 1563 1305 1594 utitur
1328 1564 1426 1595 armis

99 1612 331 1651 incompositus
356 1613 387 1642 et
412 1611 520 1641 studio
547 1610 681 1641 feriendi
699 1610 890 1649 plerumque
909 1609 1053 1648 dejectus
1066 1609 1076 1627 ⁸
1093 1634 1100 1648 ‚
1118 1619 1180 1640 non
1198 1611 1343 1650 pugnat,
1370 1611 1425 1641 sed

99 1658 233 1689 rixatur.
250 1659 393 1689 ceterum
405 1682 415 1696 ‚
430 1660 465 1688 ut
480 1657 558 1694 dixi,
572 1657 788 1696 sequentibus
800 1658 1007 1696 comparatus
1020 1659 1051 1688 et
1066 1657 1222 1688 varietate
1236 1657 1426 1688 eruditionis

99 1708 131 1738 et
154 1708 261 1746 lepore
279 1704 471 1736 urbanitatis
492 1705 524 1734 et
541 1703 684 1743 ipsarum
708 1704 826 1735 virium
848 1704 962 1734 robore
979 1704 1119 1734 multum
1137 1708 1262 1735 ceteros
1277 1705 1425 1744 superat;

100 1762 238 1793 quorum
254 1752 419 1783 neminem
433 1755 516 1791 Aper
531 1751 700 1782 nominare
713 1754 745 1782 et
762 1751 897 1782 velutin
913 1752 1017 1782 aciem
1034 1750 1172 1782 educere
1188 1751 1353 1782 sustinuit.
1369 1759 1427 1791 ego

99 1843 123 1866 si·
137 1841 294 1865 comminus
303 1840 432 1869 fatetur.
444 1852 471 1855 —
490 1844 512 1862 5.
528 1839 689 1868 Principes,
704 1840 734 1862 ut
748 1840 830 1862 vertit
847 1839 927 1863 Burn.
940 1851 967 1855 —
979 1845 999 1863 ιι.
1014 1840 1056 1863 Sc.
1071 1840 1152 1869 Aper,
1169 1839 1223 1864 hoc
1237 1840 1294 1863 sive
1308 1840 1363 1864 haec
1384 1848 1428 1866 res

101 1883 154 1901 non
171 1877 261 1905 (²117th
275 1877 325 1899 etc.

129 1913 222 1935 XXVI.
241 1917 262 1934 ι,
291 1910 458 1934 l'azamisrrz·
480 1910 590 1938 proprie
612 1911 676 1933 sunt
692 1911 871 1933 instrumenta
890 1909 977 1933 ferrea
1001 1910 1098 1939 quibus
1115 1910 1254 1934 calefactis
1271 1912 1360 1939 capilli
1377 1914 1427 1936 cri-

99 1949 218 1977 spantur.
232 1948 300 1970 iiiuc
316 1947 479 1971 transfertur
493 1945 525 1967 ad
541 1945 621 1968 molle
638 1947 665 1968 et
682 1946 840 1970 affectatum
855 1946 995 1971 formosuli
1010 1947 1064 1971 stili
1077 1953 1171 1976 genus.
1184 1947 1264 1975 Cujus
1284 1953 1349 1971 ecce
1366 1954 1424 1977 spe-

99 1984 187 2007 cimen
202 1982 234 2006 ab
247 1983 348 2006 Isidoro
362 1983 501 2005 servatum
515 1987 547 2004 cx
561 1981 794 2010 hendecasyllabis
805 1982 836 2006 ad
848 1983 1004 2006 Horatium:

455 2035 597 2064 rai-centes,
611 2042 670 2059 mea
685 2036 749 2063 vita,
763 2041 814 2058 nec
828 2035 994 2064 smaragdos,

457 2071 577 2100 Beryllo*
591 2072 664 2097 milii,
679 2070 784 2097 Flacco,
800 2076 850 2094 nec
865 2071 990 2099 nitentes,

455 2106 510 2129 Nec
525 2106 687 2135 percandida
701 2106 845 2135 margarita
859 2111 959 2135 quaero,

456 2142 510 2165 Nec
525 2147 591 2170 quos
605 2142 726 2171 Tnynica
741 2142 802 2165 lima
819 2141 966 2170 perpolivit

457 2177 636 2206 Aneltos,11ec
650 2178 747 2207 iaspios
761 2176 877 2206 lapillus.

101 2245 127 2247 —
138 2236 159 2253 ρ.
172 2230 306 2258 strepitus
321 2235 399 2253 aures
418 2230 546 2259 implens,
562 2230 647 2253 inanis
661 2230 867 2254 sententiarum.
888 2230 981 2253 Gallio
1000 2229 1094 2253 rhetor
1108 2230 1273 2253 memoratur
1286 2235 1299 2252 a
1320 2230 1426 2258 Quinti—

102 2267 183 2293 liano,
198 2267 307 2288 Seuer-:t-
320 2265 405 2289 frater
419 2271 433 2288 a
445 2267 540 2289 Tacito
552 2268 626 2290 Anu..
641 2267 696 2294 XV.
711 2271 778 2289 75.-
786 2271 807 2289 5.
825 2265 963 2294 incompta
983 2267 1010 2289 et
1022 2266 1148 2294 tanquam
1163 2264 1252 2294 peltis,
1265 2266 1294 2288 ut
1309 2265 1426 2289 Catonis

102 2300 173 2329 apud
188 2301 322 2323 Lucanum
338 2301 368 2328 lt,
380 2305 493 2324 seo—4.
513 2301 643 2324 Oratores
653 2301 679 2324 iu
691 2301 876 2331 judiciis—5.
893 2300 1030 2324 Moriulata
1045 2301 1071 2324 et
1085 2300 1242 2324 cantillante
1252 2306 1319 2324 voce
1333 2300 1424 2325 deela-

103 2336 170 2359 mari
187 2341 237 2358 uua
259 2342 319 2359 cum
342 2336 461 2365 gestibus
481 2337 602 2359 mimicis.
615 2349 642 2353 —
653 2341 678 2361 e.
699 2338 764 2361 Nam
784 2337 893 2366 proprie
907 2336 999 2359 histrio
1013 2337 1108 2359 tenere
1121 2336 1176 2359 sive
1193 2336 1312 2360 molliter
1324 2336 1424 2361 saltare

103 2370 213 2395 dicitur.
236 2371 334 2394 'l'eneri
347 2372 499 2395 saltatores
513 2377 557 2401 ap.
576 2372 663 2395 Cicer.
679 2373 726 2396 Or,
740 2373 770 2396 in
785 2372 879 2395 I'ison.
896 2377 918 2395 c.
933 2377 1032 2395 5‹;.—7.
1049 2371 1108 2395 Plus
1122 2372 1236 2400 impetus
1248 2373 1275 2395 et
1289 2371 1423 2395 violentae

104 2412 183 2435 quam
201 2407 273 2434 sani,
292 2406 373 2429 nativi
389 2408 416 2429 et
430 2407 551 2430 continui
566 2408 673 2435 vigoris,
685 2420 713 2424 —-
725 2413 746 2430 a.
762 2407 917 2436 metaphora
930 2413 944 2430 a
959 2407 1153 2435 gladiatoribus
1166 2407 1264 2436 petita,
1281 2408 1326 2437 qni
1339 2407 1422 2431 nimio

104 2441 218 2465 feriendi
231 2441 321 2464 studio
335 2441 368 2464 de
385 2441 479 2470 ῃνιιαιι
493 2442 698 2467 demorentur:
716 2444 753 2466 sic
765 2444 857 2466 orator
868 2443 949 2466 nimio
961 2443 1058 2466 ardore
1071 2444 1152 2471 atque
1169 2443 1270 2472 impetu
1288 2443 1314 2465 in
1329 2442 1422 2466 adver—
