1539 2668
91 157 154 188 248
476 154 611 184 TACITI
633 153 840 183 ANNALHJM
863 153 937 182 LlB.
959 152 1025 181 XV.

92 230 296 264 adulterum
319 229 515 269 Aqripptnoe
539 229 573 260 et
590 227 757 260 desiderio
782 227 855 267 ejus
879 227 1005 258 ultioni
1026 226 1208 257 intentum.
1235 225 1336 265 Igitur
1361 226 1419 258 ubi

94 276 268 316 conjuratis
280 275 469 316 praesectum
485 284 614 316 quoque
634 275 777 316 praetorii
797 275 830 305 in
858 275 961 315 partes
978 272 1182 304 descendisse
1197 272 1310 304 crebro
1320 273 1420 313 ipsius

94 332 242 356 sermone
258 323 342 354 faeta
357 322 450 363 fides,
473 322 655 363 promptius
669 322 735 362 jam
763 322 803 353 de
819 324 963 362 tempore
983 329 1020 352 ac
1036 321 1106 351 loco
1124 319 1220 351 caedis
1242 320 1417 359 agitabant.

93 377 127 407 et
144 375 267 414 cepisse
283 375 449 413 impetum
465 372 598 404 Subrius
621 371 749 404 Flavius
764 372 923 404 serebatur
940 373 976 402 tn
997 379 1098 402 scena
1114 372 1296 401 canentem
1317 372 1423 402 Nero·

95 430 173 454 nem
194 419 436 461 aqqredz'endz‘,
469 421 533 451 aut
559 427 665 460 quum
690 419 833 451 ardente
856 417 976 450 οἷονηοι
1003 425 1070 457 per
1090 419 1220 448 noctem
1242 416 1309 448 huc
1333 417 1421 449 illuc

94 470 256 502 cursaret
272 466 514 499 incustoditus.
535 467 586 498 hic
613 467 740 498 occasio
756 465 957 505 solitudinis,
985 464 1030 495 ibi
1050 465 1118 504 ipsa
1143 464 1321 504 frequentia
1336 464 1419 496 tanti

93 515 219 548 decoris
245 514 338 545 testis
363 514 614 554 pulcherrimum
631 514 775 546 animum
805 512 1109 551 exstimulaverant,
1134 511 1194 542 nisi
1218 511 1421 551 impunitatis

95 562 214 604 cupido
233 561 429 600 retinuisset,
447 561 570 600 magnis
585 570 711 601 semper
724 560 891 592 conatibus
905 559 1050 591 adversa.

136 613 186 641 LI.
219 607 350 639 Interim
374 607 602 639 cunctantibus
624 607 925 648 prolatantibusque
946 614 1034 646 spem
1054 613 1092 635 ac
1113 605 1236 636 metum
1255 604 1420 645 Epicharis

94 654 423 696 quaedam,incertum
437 663 576 694 quonam
592 654 688 686 modo
701 654 860 686 sciscitata
869 651 1034 693 (nequeilli
1046 653 1120 682 ante
1134 651 1197 682 ulla
1206 660 1312 682 rerum
1323 652 1419 684 hone-

95 704 218 734 starum
232 710 310 732 cura
326 701 459 742 fuerat),
476 702 649 733 accendere
665 702 696 733 et
709 709 842 740 arguere
856 699 863 717 ¹
885 699 1086 738 conjuratos3
1104 706 1141 729 ac
1154 699 1316 737 postremo
1325 698 1420 729 lenti-

94 747 217 780 tudinis
230 756 341 779 eorum
358 750 495 788 pertaesa
509 748 585 779 etin
601 748 776 788 Campania
793 755 889 787 agens
904 746 1060 786 primores
1076 744 1315 776 classiariorum
1331 744 1423 776 Mise-

94 796 244 828 nensium
270 795 445 826 labefacere
461 794 472 812 ²
493 796 525 827 et
546 795 742 827 conscientia
765 794 887 833 illigare
913 791 1049 823 connixa
1074 795 1121 823 est
1142 791 1197 823 tali
1222 791 1326 823 initio.
1353 793 1421 822 erat

94 842 278 875 navarchus·
292 841 303 859 ³
329 842 362 873 in
387 850 424 873 ea
450 842 551 873 classe
571 841 721 872 Volusius
738 840 912 878 Proculus,
939 838 1122 870 occidendae
1144 839 1257 870 matris
1284 838 1420 870 Neronis

94 890 178 921 inter
193 889 375 927 ministros,
398 897 462 919 non
481 897 521 919 ex
545 888 762 927 magnitudine
781 887 909 918 sceleris
924 887 1096 926 provectus
1110 908 1118 924 ‚
1149 888 1185 916 ut
1197 885 1206 903 ⁴
1227 885 1367 916 rebatur.
1392 884 1420 916 is

95 936 222 968 mulien
241 935 317 966 olim
341 936 500 975 cognitus,
518 943 572 966 seu
592 943 703 966 recens
724 936 794 965 orta
811 933 965 972 amicitia,
983 932 1060 962 dum
1079 934 1202 963 merita
1219 941 1301 972 crya
1316 934 1422 963 Nero·

95 991 174 1015 nem
198 991 263 1013 sua
286 984 318 1013 ct
340 990 445 1022 quam
469 983 505 1012 in
526 983 668 1013 irritum
689 980 887 1012 cecidissent
909 979 1011 1019 aperit
1032 978 1207 1018 adjicitque
1231 980 1364 1019 questus
1388 978 1422 1009 et

95 1029 359 1061 destinationem
377 1028 549 1064 vindictae,
569 1030 598 1059 st
611 1027 776 1067 facultas
796 1029 967 1065 oreretur,
982 1034 1071 1066 spem
1086 1026 1175 1057 dedit
1192 1034 1284 1065 posse
1299 1025 1419 1065 impelli

95 1078 128 1108 et
145 1076 253 1116 plures
268 1075 457 1115 conciliare3
474 1084 532 1106 nec
549 1075 618 1106 leve
635 1074 791 1105 auxilium
809 1073 841 1104 in
861 1073 974 1111 classe,
991 1072 1118 1103 crebras
1135 1072 1330 1111 occasiones,
1345 1072 1420 1112 quia

95 1128 178 1155 Nero
192 1122 294 1153 multo
308 1122 394 1162 apud
408 1122 556 1153 Puteolos
570 1123 601 1162 et
616 1121 774 1152 Misenum
789 1120 884 1151 maris
899 1128 959 1150 usu
976 1118 1154 1149 laetabatur.
1170 1127 1244 1158 ergo
1259 1118 1422 1159 Epicharis

95 1170 208 1210 plura3
226 1172 258 1200 et
272 1169 380 1199 omnia
396 1169 513 1200 scelera
527 1168 682 1208 Principis
695 1167 820 1198 orditur
835 1177 842 1198 :
862 1175 969 1207 neque
982 1167 1119 1197 senatui
1135 1165 1220 1206 quid
1229 1166 1239 1183 ⁵
1254 1174 1396 1198 manere
1408 1177 1420 1198 .-

95 1216 156 1248 scd
167 1217 348 1256 provisum
369 1224 520 1256 quonam
537 1214 634 1247 modo
658 1223 780 1256 poenas
797 1223 923 1246 eversce
948 1213 1145 1254 reipubltcoe
1167 1212 1268 1244 claret
1283 1224 1293 1244 .·
1311 1215 1420 1244 accin-

95 1264 236 1303 9eretur
252 1262 351 1293 modo
366 1271 498 1294 navare
515 1271 656 1303 operam
670 1264 702 1293 et
718 1262 870 1293 militum
883 1261 1086 1292 accerrimos
1102 1259 1224 1291 ducere
1238 1262 1272 1291 ‘in
1283 1261 1420 1300 par-tm,

95 1318 137 1342 ac
152 1309 256 1349 diona
269 1311 384 1349 prema
399 1311 626 1349 exspectaret.
647 1309 777 1339 nomina
794 1311 902 1339 tamen
918 1307 1160 1346 conjuratorum
1175 1306 1313 1338 reticuit.
1334 1306 1421 1338 unde

94 1356 225 1388 Proculi
241 1356 395 1386 indicium
411 1356 537 1387 irritum
554 1356 623 1395 fuit,
640 1356 789 1396 quamvis
800 1364 836 1387 ea
851 1364 924 1395 quae
944 1354 1086 1386 audierat
1104 1354 1144 1385 ad
1160 1358 1317 1385 Neronem
1332 1353 1420 1384 detu-

95 1404 195 1435 lisset.
222 1402 322 1434 accita
346 1405 465 1443 quippe
479 1403 641 1443 Epicharis
670 1405 701 1434 et
728 1412 802 1433 cum
827 1401 933 1433 indice
963 1401 1138 1441 composita
1163 1401 1260 1431 nullis
1283 1399 1420 1431 testibus

94 1449 244 1481 innixum
267 1449 359 1481 facile
375 1449 562 1481 confutavit.
594 1449 648 1481 sed
672 1449 738 1490 ipsa
759 1450 791 1480 in
815 1449 958 1481 custodia
982 1449 1105 1480 retenta
1130 1448 1192 1487 est,
1217 1449 1423 1487 suspectante

93 1502 218 1530 Nerone
232 1496 317 1527 haud
336 1497 413 1527 falsa
428 1505 495 1528 esse
511 1497 607 1528 etiam
624 1505 696 1536 quae
713 1505 788 1528 vera
804 1505 867 1527 non
881 1495 1110 1536 probabantur.

89 1555 91 1566 ⁴
136 1547 201 1575 L11.
222 1543 403 1583 conjuratis
419 1546 544 1583 tamen,
559 1544 647 1574 metu
672 1543 862 1584 proditionis
883 1542 1054 1583 permotis,
1078 1541 1231 1582 placitum
1257 1541 1420 1574 maturare

95 1590 216 1622 caedem
233 1590 318 1630 apud
335 1590 424 1621 Baias
440 1591 472 1621 in
488 1591 564 1621 villa
580 1590 723 1630 Pisonis,
740 1591 830 1629 qu'us
846 1589 1031 1620 amoenitate
1048 1592 1161 1628 captus
1186 1592 1292 1619 Caesar
1310 1587 1421 1620 creber

94 1646 134 1669 eo
146 1637 337 1675 ventitabat,
352 1637 546 1676 balneasque
562 1640 594 1667 et
610 1638 718 1676 epulas
734 1636 834 1667 inibat
847 1635 972 1666 omissis
988 1635 1132 1666 excubiis
1147 1636 1179 1666 et
1202 1635 1340 1666 fortunae
1352 1643 1421 1667 suae

94 1684 180 1716 mole
203 1685 224 1714 ¹.
243 1683 300 1714 sed
319 1683 431 1714 abnuit
449 1684 532 1722 Piso,
549 1683 716 1714 mutatam
745 1682 960 1722 praetendens,
987 1684 1016 1713 si
1032 1690 1135 1713 sacra
1152 1690 1279 1713 mensce
1304 1681 1420 1722 diique

95 1730 284 1771 hospitales
300 1730 390 1762 caecle
406 1731 655 1771 qualiscunque
671 1731 843 1769 Principis
860 1731 1131 1761 cruentarentur
1148 1738 1158 1758 :
1183 1728 1307 1760 melius
1325 1728 1420 1768 apud

101 1778 223 1810 Urbem
241 1779 277 1808 in
293 1777 360 1808 illa
377 1779 492 1808 invisa
506 1779 539 1808 et
553 1778 669 1817 spoliis
684 1778 808 1808 civium
829 1778 1009 1808 exstructa
1031 1775 1128 1807 domo
1146 1775 1198 1806 vel
1226 1776 1263 1806 in
1280 1775 1422 1815 publico

92 1826 298 1867 patraturos
315 1823 406 1864 quod
414 1832 481 1864 pro
495 1824 673 1863 republica
688 1825 923 1864 suscepissent.
942 1823 1063 1853 Haecin
1079 1831 1263 1862 commune,
1277 1824 1420 1854 ceterum

93 1873 212 1905 timore
232 1871 359 1902 occulto
385 1879 426 1902 ne
447 1875 481 1902 L.
496 1871 639 1910 Silanus,
666 1870 783 1902 eximia
807 1869 972 1901 nobilitate
991 1869 1221 1910 disciplinaque
1246 1872 1280 1900 C.
1299 1868 1420 1909 Cassii,

95 1919 181 1961 apud
198 1927 294 1958 quem
310 1917 465 1949 educatus
488 1920 568 1958 erat,
592 1918 630 1949 ad
646 1927 773 1949 omnem
796 1917 1021 1949 claritudinem
1038 1917 1187 1949 sublatus
1205 1915 1232 1955 ²,
1250 1915 1421 1956 imperium

95 1966 273 2004 invaderet,
290 1967 435 2005 prompte
448 1965 569 1997 daturis
583 1974 712 2006 operam
728 1966 781 2005 qui
793 1975 811 1996 a
824 1965 1042 2004 conjuratione
1056 1963 1169 2004 integri
1183 1964 1287 1995 essent
1301 1963 1421 2003 quique

95 2013 328 2045 miserarentur
354 2016 512 2044 Neronem
527 2014 694 2053 tamquam
716 2021 772 2053 per
786 2012 889 2044 scelus
904 2012 1118 2043 intersectum.
1140 2010 1282 2051 plerique
1296 2011 1422 2041 Vestini

97 2068 231 2102 quoque
248 2059 399 2090 consulis
421 2068 502 2091 acre
524 2061 699 2100 inqen‘ium
717 2062 879 2091 vitavisse
896 2060 1055 2090 Pisonem
1070 2056 1285 2095 crediderunt,
1313 2064 1353 2087 ne
1373 2055 1421 2087 ad

99 2107 296 2139 libertatem
313 2109 472 2138 oreretur
483 2107 508 2146 ³,
528 2107 582 2139 vel
597 2107 726 2138 delecto
752 2107 966 2146 Imperatore
984 2105 1054 2136 alio
1079 2105 1133 2135 sut
1159 2104 1313 2134 muneris
1330 2110 1419 2133 rem·

127 2187 155 2210 1,.
173 2191 191 2209 ι.
206 2187 301 2215 Aurea,
320 2192 400 2215 quam
415 2188 550 2217 conjurati
560 2187 747 2212 incenderent.
765 2186 816 2212 Sed
830 2185 972 2216 legendum
992 2184 1079 2215 potius
1097 2189 1158 2208 cum
1168 2182 1277 2207 Herelio
1287 2183 1420 2207 sordente

97 2222 194 2249 domo,
209 2221 289 2245 domo
301 2227 347 2244 sua
360 2222 487 2246 fastidita.

129 2257 170 2280 Ll.
188 2261 207 2279 ι.
222 2257 264 2279 Sc.
279 2257 405 2285 tanquam
432 2257 552 2285 ignavos.
565 2270 595 2275 —-
607 2263 629 2281 2.
644 2259 775 2282 Avertere
792 2263 806 2280 a
819 2256 870 2280 tide
884 2257 910 2280 in
928 2255 1073 2279 Neronem.
1086 2267 1114 2272 —
1128 2259 1150 2277 a.
1164 2253 1217 2277 Alii
1229 2252 1418 2281 chiliarchus,

99 2291 144 2320 qui
159 2291 229 2314 roret
244 2291 367 2315 tribunus
381 2291 588 2316 classiariorum.
599 2306 627 2309 —
638 2298 661 2317 ⁴.
680 2290 816 2322 Quantum
841 2297 870 2316 se
884 2290 1087 2321 provehendum
1100 2289 1190 2313 ruisse.
1210 2301 1239 2306 —
1252 2294 1273 2313 s·-
1286 2287 1357 2312 Nihil
1370 2293 1412 2317 po-

100 2326 193 2349 tentiae
207 2327 234 2349 ct
245 2327 424 2351 auctoritatis

129 2360 184 2384 Lll.
201 2367 222 2385 ι.
237 2362 373 2386 comitatu
387 2363 562 2392 imperatorio
576 2363 741 2388 omisso.—-2.
757 2365 796 2388 De
809 2364 886 2393 patre
903 2362 984 2387 Silani
998 2361 1058 2385 vide
1077 2361 1147 2389 xm,
1161 2365 1181 2388 i,
1198 2359 1232 2383 de
1251 2359 1309 2389 ipso
1322 2358 1387 2385 XVI,
1406 2361 1419 2380 ⁷

96 2400 156 2426 aeq.
174 2397 280 2422 Cassius
291 2399 332 2422 est
345 2398 463 2428 optimus
473 2398 517 2422 illc
529 2399 748 2428 jurisconsultus,
760 2400 793 2423 de
806 2404 859 2428 quo
872 2398 929 2427 xli,
947 2402 973 2422 12
987 2398 1014 2421 et
1027 2396 1133 2420 alibi.—
1145 2401 1169 2419 5.
1181 2394 1302 2418 „andam
1313 2392 1419 2418 civitati
