1539 2668
482 172 518 200 A.
543 171 580 200 U.
604 170 640 199 C.
665 169 738 199 776.
763 170 800 199 A.
824 170 859 198 C.
882 169 934 199 23.
1357 172 1396 202 95

69 247 201 288 Sejanus
217 255 351 279 uxorem
366 246 551 286 Apicatam,
576 252 616 275 ex
636 251 700 284 qua
718 245 782 274 tres
798 243 916 275 liberos
939 246 1108 284 genuerat,
1132 253 1172 275 ne
1189 245 1294 285 pellici
1311 246 1322 265 ⁵
1343 255 1396 279 su—

69 296 280 336 spectaretur.
295 295 351 326 sed
364 291 553 333 magnitudo
565 290 719 322 facinoris
731 294 866 331 metum,
877 291 1086 332 prolationes,
1097 291 1224 323 diversa
1234 293 1398 326 interdum

70 343 203 376 consilia
219 342 383 374 afferebat.

113 393 166 421 IV.
192 389 323 421 Interim
345 388 421 420 anni
443 386 603 428 principio
617 389 739 417 Drusus
752 394 792 417 ex
815 385 997 418 Germanici
1018 386 1127 418 liberis
1144 386 1254 426 togam
1270 388 1399 420 virilem

71 437 212 477 sumpsit
219 447 228 475 ς
244 445 379 476 quaeque
396 434 486 466 fratri
501 434 570 474 ejus
584 432 702 465 Neroni
717 432 904 465 decreverat
916 434 1046 465 senatus
1063 434 1070 452 ¹
1085 456 1094 472 ,
1112 434 1258 474 repetita.
1277 435 1402 467 addidit

73 484 248 515 orationem
263 486 369 515 Caesar
383 482 486 512 multa
499 490 574 512 cum
587 480 684 511 laude
698 480 753 511 filii
767 481 817 511 sui
830 507 839 520 ‚
859 481 952 521 quod
965 483 1089 521 patria
1111 481 1348 514 benevolentia
1364 485 1401 514 in

86 532 196 562 ‘ratris
210 530 333 562 liberos
341 530 448 570 sorec.
464 537 540 560 nam
557 532 692 567 Drusus,
706 537 906 568 quamquam
928 528 1066 560 arduum
1079 528 1122 559 sit
1136 528 1248 560 eodem
1267 529 1328 561 loci
1348 538 1402 570 po·

72 577 203 608 tentiam
216 579 248 608 et
261 576 468 608 concordiam
484 584 566 615 esse,
582 583 696 615 aequus
708 574 969 607 adolescentibus
988 578 1046 607 aut
1062 578 1149 607 certe
1167 584 1232 607 non
1248 575 1405 609 adversus

72 622 262 655 habebatur.
285 624 363 656 Exin
382 627 477 655 vetus
504 625 537 654 et
558 631 644 663 saepe
658 621 669 640 ²
693 623 886 654 simulatum
909 622 1132 663 proficiscendi
1155 622 1186 653 in
1220 624 1405 663 provincias

73 671 242 702 consilium
263 672 409 703 refertur.
429 670 693 703 multitudine-m
713 672 958 703 veteranorum
982 670 1182 711 praetexebat
1202 673 1378 711 imperator
1393 696 1405 712 ,

72 720 104 749 et
122 730 137 744 «
148 718 324 750 delentibus
341 718 537 758 supplendos
550 717 724 750 exercitus.
743 726 816 749 nam
832 718 1053 749 voluntarium
1070 717 1208 749 militem
1222 718 1349 758 deesse,
1366 728 1405 750 ac

75 776 91 790 n
105 764 131 795 si
148 765 333 806 suppeditet
346 766 356 782 ³
369 790 379 805 ‚
402 774 466 796 non
480 765 591 796 eadem
606 765 730 796 virtute
748 774 786 796 ac
799 765 958 796 modestia
981 773 1074 805 agere
1086 788 1094 804 ‚
1112 765 1189 805 quia
1215 765 1405 806 plerumque

75 823 90 837 n
105 811 216 852 inopes
232 821 270 843 ac
285 813 356 852 vagi
369 814 484 853 sponte
501 811 648 843 militiam
662 813 802 843 'sumant
819 821 827 843 :
843 825 859 840 n
882 813 1129 853 percensuitque
1153 813 1270 843 cursim
1294 822 1405 845 nume-

73 867 145 889 rum
158 859 319 899 legionum
334 860 366 892 et
377 869 457 900 quas
474 859 656 900 provincias
669 860 864 891 tutarentur.
881 859 976 899 Quod
993 859 1072 890 mihi
1087 867 1215 899 quoque
1231 868 1408 899 exsequen-

73 904 151 937 dum
169 914 258 946 reor,
282 915 354 947 quae
367 909 437 937 tum
455 910 598 938 Romana
612 905 706 946 copia
720 906 753 937 in
774 906 896 946 armis,
919 906 975 947 qui
991 906 1071 938 socii
1088 914 1177 945 reges
1189 929 1198 945 ‚
1222 909 1346 946 quanto
1364 907 1407 938 sit

73 953 240 993 angustius
251 953 262 971 ⁴
278 953 510 994 imperitatum.

115 1003 153 1031 v.
178 1000 303 1032 ltaliam
321 1002 459 1041 utroque
481 1000 588 1032 mari¹
608 1000 684 1032 duae
699 999 817 1032 classes
839 1000 1000 1032 Misenum
1027 1000 1111 1041 apud
1135 1001 1167 1032 et
1192 1003 1404 1037 Ravennam,

74 1047 325 1087 proximumque
340 1048 449 1080 Calliae
463 1048 555 1080 littus
571 1048 721 1080 rostratae
742 1056 839 1079 naves
854 1047 1092 1088 praesidebant,
1110 1056 1192 1088 quas
1208 1048 1335 1079 Actiaca
1358 1049 1408 1079 vi-

73 1093 173 1125 ctoria
184 1096 293 1134 captas
302 1097 466 1135 Augustus
477 1095 510 1127 in
524 1095 679 1135 oppidum
690 1094 909 1134 Forojuliense
923 1094 1053 1127 miserat
1064 1095 1171 1127 valido
1187 1104 1262 1127 cum
1275 1096 1405 1135 remige.

74 1140 129 1172 sed
145 1141 346 1181 praecipuum
369 1143 467 1173 robur
490 1143 640 1174 Rhenum
657 1142 768 1182 juxta,
793 1151 966 1174 commune
985 1142 1018 1174 in
1035 1146 1212 1174 Germanos
1239 1142 1409 1182 Gallosque

76 1186 255 1218 subsidium
267 1211 276 1226 ‚
292 1191 366 1220 octo
381 1189 522 1228 legiones
541 1190 643 1221 erant.
662 1188 827 1229 Hispaniae
848 1198 959 1221 recens
981 1189 1173 1230 perdomitae
1194 1189 1298 1221 tribus
1316 1189 1410 1220 habe-

76 1232 205 1266 bantur.
220 1238 350 1267 Mauros
363 1234 374 1253 ²
390 1239 405 1268 J
409 1235 471 1267 uba
487 1245 542 1267 rex
557 1236 724 1275 acceperat
738 1236 864 1267 donum
881 1236 993 1277 populi
1004 1237 1154 1268 Romani.
1170 1238 1278 1268 cetera
1293 1236 1410 1268 Africae

77 1288 133 1320 per
145 1281 225 1313 duas
239 1282 380 1322 legiones
393 1308 402 1323 ‚
418 1283 554 1324 parique
568 1291 705 1314 numero
723 1287 892 1323 AEgyptus‚
907 1282 1029 1314 dehinc
1041 1283 1137 1316 initio
1149 1283 1189 1315 ab
1201 1284 1291 1324 Syria
1308 1292 1412 1324 usque

77 1327 116 1357 ad
134 1327 254 1360 flumen
268 1329 455 1370 Euphraten
470 1332 631 1370 quantum
651 1330 773 1370 ingenti
797 1332 959 1361 terrarum
977 1329 1054 1361 sinu
1070 1331 1215 1362 ambitur
1228 1355 1237 1370 ‚
1253 1332 1411 1370 quattuor

77 1373 257 1414 legionibus
272 1376 415 1407 coercita
428 1401 437 1417 ‚
457 1377 578 1408 accolis
596 1376 688 1408 lbero
707 1375 894 1417 Albanoque
908 1379 941 1408 et
954 1376 1025 1407 aliis
1040 1377 1188 1416 regibus,
1209 1378 1265 1418 qui
1285 1377 1412 1415 magni·

77 1422 190 1453 tudine
206 1425 316 1454 nostra
328 1426 548 1464 proteguntur
563 1423 743 1455 adversum
761 1425 895 1455 externa
917 1423 1062 1464 imperia.
1081 1425 1113 1455 et
1131 1424 1301 1456 Thraciam
1318 1425 1413 1455 Rhoe-

80 1469 232 1501 metalces
248 1477 286 1501 ac
298 1469 389 1501 liberi
407 1470 531 1510 Cotyis,
549 1470 719 1510 ripamque
735 1470 877 1502 Danubii
897 1470 1062 1509 legionum
1083 1470 1157 1502 duae
1174 1472 1206 1502 in
1233 1472 1412 1513 Pannonia,

80 1515 154 1548 duae
170 1515 203 1547 in
216 1516 329 1549 Moesia
342 1517 526 1549 attinebant
540 1540 550 1556 ,
566 1517 702 1548 totidem
729 1517 815 1557 apud
836 1517 1032 1549 Dalmatiam
1047 1517 1161 1549 locatis
1176 1543 1183 1556 ‚
1210 1528 1284 1558 qua»
1303 1519 1412 1559 positu

80 1563 218 1603 regionis
234 1572 253 1595 a
270 1565 360 1604 tergo
376 1564 448 1599 illis,
462 1573 500 1596 ac
513 1564 538 1596 si
557 1565 763 1604 repentinum
779 1564 938 1595 auxilium
955 1564 1045 1595 ltalia
1065 1568 1221 1605 posceret,
1240 1566 1325 1596 haud
1342 1574 1413 1605 pro-

81 1610 132 1642 cul
147 1610 338 1652 amnentur,
356 1620 556 1652 quamquam
574 1611 730 1643 insideret
748 1611 866 1643 Urbem
885 1612 1038 1652 proprius
1056 1612 1168 1651 miles,
1183 1615 1248 1644 tres
1266 1613 1412 1652 urbana-7

81 1665 198 1689 novem
213 1659 376 1698 praetoriae
395 1659 546 1691 cohortes
558 1683 568 1698 ‚
587 1659 715 1690 Etruria
731 1659 832 1690 ferme
851 1659 1050 1699 Umbriaque
1070 1659 1206 1690 delecta}
1233 1662 1290 1691 aut
1309 1664 1414 1691 vetere

82 1703 170 1736 Latio
182 1706 215 1736 et
230 1705 368 1737 coloniis
383 1706 566 1747 antiquitus
582 1706 739 1738 Romanis
757 1705 784 1736 ³.
803 1709 835 1737 at
855 1706 941 1746 apud
966 1705 1083 1737 idonea
1104 1707 1341 1746 provinciarum
1360 1716 1412 1737 so-

82 1750 140 1782 ciae
153 1751 300 1784 triremes
324 1752 450 1793 alaeque
462 1753 472 1771 ⁴
493 1754 526 1785 et
543 1753 666 1788 auxilia
684 1753 868 1784 cohortium
882 1776 890 1792 ‚
908 1761 1016 1793 neque
1032 1753 1136 1784 multo
1153 1762 1246 1785 secus
1260 1754 1292 1784 in
1308 1754 1346 1785 iis
1365 1753 1413 1783 ri·

82 1798 185 1838 rium;
203 1799 257 1831 sed
274 1801 423 1840 persequi
446 1800 608 1833 incertum
624 1800 707 1840 suit,
731 1809 834 1841 quum
848 1809 889 1832 ex
906 1809 965 1831 usu
983 1801 1142 1841 temporis
1159 1801 1223 1831 huc
1238 1801 1414 1840 illucnmea—

83 1847 166 1885 rent,
187 1846 360 1885 gliscerent
375 1856 512 1878 numero
527 1850 560 1879 et
576 1846 749 1887 aliquando
764 1846 1001 1879 minuerentur.

126 1895 179 1924 VI.
203 1896 389 1933 Congruens
406 1893 596 1925 crediderim
615 1902 780 1925 recensere
797 1897 920 1925 ceteras
936 1903 1067 1935 quoque
1082 1894 1270 1936 reipublicae
1294 1897 1414 1934 partes,

85 1939 203 1978 quibus
218 1939 323 1971 modis
339 1940 379 1971 ad
395 1949 467 1971 eam
485 1940 570 1972 diem
589 1940 710 1972 habitae
725 1941 811 1981 sint,
828 1941 960 1982 quando
978 1941 1109 1974 Tiberio
1129 1942 1246 1973 mutati
1271 1942 1304 1972 in
1326 1942 1415 1972 dete-

86 1985 153 2018 rius
169 1987 368 2028 principatus
384 1988 516 2020 initium
541 1987 595 2020 ille
617 1997 723 2020 annus
740 1987 858 2020 attulit.
879 1992 951 2019 Jam
967 1988 1110 2029 primum
1139 1989 1268 2029 publica
1287 1988 1415 2028 negotia

86 2035 118 2065 et
129 2034 329 2074 privatorum
346 2035 486 2066 maxima
500 2035 584 2076 apud
603 2037 711 2068 Patres
729 2036 974 2076 tractabantur,
1001 2035 1204 2076 dabaturque
1221 2034 1416 2076 primoribus

87 2080 260 2122 disserere,
276 2082 308 2113 et
322 2082 354 2113 in
368 2082 585 2115 adulationem
600 2082 707 2124 lapsos
721 2083 896 2114 cohibebat
910 2083 999 2123 ipse3
1013 2082 1251 2123 mandabatque
1266 2083 1416 2119 honores,

88 2127 288 2162 nobilitatem
299 2129 472 2169 maiorum,
483 2129 709 2163 claritudinem
722 2130 860 2171 militiae,
874 2130 1016 2162 illustres
1027 2130 1114 2161 domi
1129 2132 1213 2161 artes
1226 2130 1414 2170 spectando,

92 2177 127 2206 ut
142 2175 220 2207 satis
234 2178 394 2209 constaret
409 2186 476 2209 nou
492 2178 574 2210 alios
589 2177 732 2218 potiores
754 2177 863 2210 ruisse.
882 2185 942 2210 sua
967 2176 1178 2218 consulibus,
1194 2185 1252 2209 sua
1270 2177 1416 2217 praetori-

93 2268 240 2298 (Vulsinils)
251 2271 328 2295 nato.
340 2283 370 2289 —
382 2276 407 2295 ες.
420 2270 508 2296 Liviae.

92 2304 169 2363 TlY·
190 2309 214 2327 ¹·
229 2304 259 2328 V·
276 2305 322 2334 11¹,
334 2311 370 2330 29.
382 2318 410 2323 —
422 2312 446 2331 2.
458 2307 489 2332 V.
501 2307 520 2336 1.
532 2311 577 2333 ⁴⁷:
591 2305 635 2336 ni,
649 2311 676 2332 zi
689 2307 717 2331 et
733 2311 808 2332 ⁴7.-—
823 2311 845 2331 s.
862 2307 1008 2338 suppetat.
1023 2318 1052 2325 --
1063 2311 1078 2331 4
1111 2307 1154 2331 sc.
1172 2311 1252 2336 quam
1267 2311 1340 2330 nunc
1365 2305 1417 2330 sub

115 2343 304 2404 Quinimmo
316 2377 372 2401 sive
381 2377 532 2408 Tyrrheno,
548 2382 653 2408 supero
663 2378 720 2402 sive
732 2378 884 2403 Adriatico.
896 2390 926 2396 —
938 2383 964 2402 2.
981 2377 1179 2403 Mauretaniam
1196 2378 1347 2406 utramque,
1363 2377 1416 2400 cae-

95 2409 241 2433 sartensem
253 2412 281 2435 et
289 2411 467 2441 Tingitanam.
477 2414 581 2442 partem
592 2413 791 2438 occidentalem
801 2413 938 2438 hodiernae
947 2413 1110 2438 Barbarioe.
1121 2424 1151 2430 —
1160 2419 1183 2437 5.
1196 2413 1259 2442 Quae
1272 2418 1413 2441 opponun-

95 2443 139 2468 tur
156 2445 314 2470 militaribus
328 2447 439 2472 coloniis
451 2448 561 2472 Caesaris
574 2450 602 2473 et
615 2449 736 2479 Augusti.
753 2454 812 2474 -4-
826 2449 947 2479 Equites.
962 2448 1062 2477 Soctoe,
1078 2448 1148 2478 apud
1162 2448 1249 2471 socios
1263 2448 1412 2472 collocatae.
