1539 2668
67 150 126 182 190
147 154 154 161 ⁸
435 151 569 180 TACITI
591 151 800 180 ANNALIUM
821 152 893 180 LIB.
919 151 1002 181 xin.

66 224 128 256 bus
140 224 290 256 sedentes
303 224 310 242 ¹
329 224 415 255 vesci
433 224 464 255 in
478 226 612 265 aspectu
632 225 889 265 propinquorum
901 249 910 264 ,
927 224 1060 265 propria
1073 227 1105 256 et
1120 224 1264 265 parciore
1277 233 1399 258 mensa.
1414 235 1416 239 ’

66 271 133 302 illic
153 271 305 312 epulante
323 271 525 311 Britannico,
554 271 631 311 quia
653 271 744 303 cibus
767 275 929 312 potusque
956 273 1024 312 ejus
1050 272 1164 303 delecti
1181 281 1221 303 ex
1239 272 1400 304 ministris

66 319 163 359 gustu
185 318 425 358 explorabatur,
440 327 480 350 ne
499 319 705 350 omitteretur
719 319 905 351 institutum
920 321 976 351 aut
991 319 1161 359 utriusque
1175 321 1278 350 morte
1291 319 1403 359 prode·

67 367 155 398 retur
170 366 293 403 scelus,
312 366 387 397 talis
401 366 495 397 dolus
512 368 658 405 repertus
671 369 730 397 est.
747 366 876 397 innoxia
889 367 995 398 adbuc
1008 375 1045 397 ac
1060 366 1233 407 praecalida
1253 367 1285 398 et
1302 365 1402 397 libata

66 415 162 453 gustu
183 413 271 453 potio
290 413 431 444 traditur
455 413 661 453 Britannico;
688 413 775 453 dein,
802 416 975 454 postquam
1003 414 1127 445 fervore
1154 412 1401 453 aspernabatur,

67 461 181 501 frigida
198 460 230 491 in
245 469 327 500 aqna
344 460 524 491 affunditur
538 469 697 492 venenum
709 484 718 500 ,
737 460 820 500 qnod
838 461 882 492 ita
901 464 1038 492 cunctos
1054 461 1124 500 eJus
1139 463 1229 492 artus
1247 458 1402 500 pervasit,

67 509 106 539 ut
121 517 183 539 vox
202 507 320 548 pariter
339 509 371 538 et
387 508 519 547 spiritus
533 511 732 548 raperentur.
751 508 931 548 trepidatur
943 518 962 539 a
984 507 1315 545 circumsedentibns;
1332 506 1403 538 dis-—

68 555 197 595 fugiunt
230 554 453 594 imprudentes
478 564 485 585 z
513 557 546 586 at
575 555 692 594 quibus
721 555 815 586 altior
837 555 1019 587 intellectus
1033 580 1042 595 ,
1069 556 1221 586 resistunt
1244 553 1341 586 delixi
1369 553 1403 586 et

67 606 228 633 Neronem
262 601 433 632 intuentes.
462 601 514 633 ille
527 626 535 641 ,
557 605 592 632 ut
614 605 681 633 erat
708 602 836 633 recl-inis
852 604 885 633 et
903 603 1011 633 nescio
1029 602 1163 640 similis,
1193 602 1334 632 solitum
1348 602 1403 632 ila
1423 621 1425 627 «

67 649 112 680 ait
120 658 186 689 per
196 649 403 680 comitialem
420 648 587 689 morbum,
602 658 668 689 quo
680 651 836 689 primum
850 649 893 680 ab
907 649 1060 688 infantia
1076 648 1317 689 afflictaretur
1326 648 1403 679 Bri·
1424 668 1425 671 =

69 697 252 737 tanmem,
276 697 310 727 et
333 695 506 727 redum-os
527 697 724 736 paullatim
746 699 837 728 visus
851 705 1047 737 sensusque.
1067 698 1099 727 at
1112 695 1294 735 Agrippinae
1309 695 1337 725 is
1350 703 1403 734 pa-

68 751 140 782 vor,
155 752 192 774 ea
203 743 419 774 consternatio
435 743 565 783 mentis,
577 744 726 784 quamvis
738 744 830 775 vultu
848 746 1056 783 premeretur,
1069 742 1215 781 emicuit,
1226 745 1262 772 ut
1273 740 1403 781 perinde

70 790 213 829 ignaram
241 790 337 821 fnisse
362 799 399 820 ac
428 792 599 821 Octaviam
615 800 758 822 sororem
786 791 957 822 Britannici
976 790 1180 821 constiterit:
1198 789 1316 828 qnippe
1342 787 1406 819 sibi

68 845 256 877 supremum
270 838 428 869 auxilium
444 840 590 878 ereptum
609 842 640 870 et
657 838 820 879 parricidii
836 839 1020 877 exemplum
1041 836 1250 876 intelligebat.
1268 835 1405 867 octavia

70 893 219 925 qnoque,
249 885 399 925 quamvis
428 885 564 917 rudibus
590 887 704 926 annis,
729 886 893 925 dolorem,
913 886 1080 917 caritatem
1095 909 1103 923 ,
1133 892 1244 915 omnes
1268 883 1406 914 affectus

69 932 266 964 abscondere
286 933 453 963 didicerat.
470 932 515 963 ita
530 936 603 972 post
615 933 714 964 breve
729 933 895 964 silentium
913 933 1047 973 repetita
1063 931 1202 963 convivii
1222 931 1346 962 laetitia.

110 983 207 1011 XVII.
231 985 301 1011 Nox
319 980 429 1011 eadem
453 989 563 1011 necem
580 980 752 1011 Britannici
779 982 811 1011 et
837 989 951 1020 rogum
972 979 1163 1019 conjunxit,
1181 978 1311 1018 proviso
1329 978 1404 1009 ante

69 1025 196 1058 funebri
217 1030 351 1068 paratu,
369 1027 426 1067 qui
450 1027 596 1059 modicus
622 1028 693 1059 fuit.
712 1028 744 1059 in
761 1037 876 1068 eampo
904 1030 1011 1058 tamen
1038 1027 1148 1058 Martis
1174 1026 1320 1065 sepultus
1336 1027 1402 1064 est,

69 1074 148 1105 adeo
164 1075 303 1106 turbidis
320 1075 497 1113 imbribus,
519 1078 555 1105 ut
576 1075 692 1114 vulgus
715 1075 795 1105 iram
813 1075 910 1105 deum
933 1074 1080 1114 portendi
1103 1072 1275 1104 crediderit
1293 1072 1406 1104 adver-

68 1129 123 1152 sns
138 1122 281 1160 facinus,
300 1122 351 1152 cni
375 1122 519 1161 plerique
534 1122 631 1152 etiam
655 1122 823 1152 bominum
850 1121 1077 1160 ignoscebant,
1104 1120 1253 1159 antiquas
1271 1120 1404 1151 fratrum

68 1168 246 1199 discordias
262 1171 292 1199 et
309 1169 497 1199 insociabile
513 1170 647 1207 regnum
662 1169 871 1199 restimantes.
886 1168 1033 1199 Tradunt
1047 1166 1189 1207 plerique
1200 1175 1312 1197 eorum
1326 1168 1404 1198 tem-

68 1224 184 1255 porum
206 1216 397 1255 scriptores,
425 1215 555 1246 crebris
578 1217 660 1246 (inte
688 1217 835 1246 exiti'zmz
857 1215 975 1246 diebus
1001 1215 1147 1245 ‘illusum
1165 1215 1228 1245 isse
1240 1215 1408 1253 pueritiae

69 1264 263 1294 Britannici
280 1264 471 1300 Neronem,
500 1263 536 1292 nt
552 1261 618 1300 J'an]
642 1271 706 1293 non
731 1262 925 1301 praematnra
950 1270 1056 1301 neque
1080 1270 1167 1292 saeva
1187 1269 1275 1291 mors
1302 1260 1405 1292 videri

68 1312 188 1349 queat,
204 1309 354 1349 quamvis
370 1309 453 1339 iuter
471 1318 562 1340 sacra
579 1318 701 1340 mensae
715 1309 739 1348 ¹,
757 1318 796 1340 ne
818 1311 961 1349 tempore
984 1308 1115 1348 quidem
1140 1307 1179 1338 ad
1199 1307 1405 1347 complexum

68 1356 232 1387 sororum²
249 1356 419 1395 dato,ante
435 1356 547 1387 oculos
561 1356 685 1387 inimici
702 1359 871 1396 properata
886 1356 927 1386 sit
942 1356 974 1386 in
998 1356 1089 1386 illum
1106 1364 1293 1394 supremum
1310 1355 1405 1386 Clau·

69 1403 197 1434 diorum
214 1403 416 1443 sangninem.
437 1404 687 1434 Festinationem
706 1404 933 1443 exsequiarum
948 1402 1053 1433 edicto
1071 1406 1175 1433 Caesar
1192 1401 1348 1441 defendit,
1372 1401 1405 1432 id

69 1458 87 1480 a
100 1451 276 1490 majoribus
290 1451 475 1482 institutum
493 1450 644 1489 referens,
662 1464 677 1477 «
692 1450 881 1481 subtrahere
895 1450 994 1481 oculis
1006 1449 1121 1480 acerba
1131 1448 1142 1466 ³
1162 1449 1284 1486 funera,
1301 1457 1408 1488 neque

71 1509 85 1523 «
106 1498 348 1529 laudationibus
370 1499 426 1528 aut
448 1506 566 1537 pompa
584 1497 737 1528 detinere.
755 1500 898 1528 ceterum
915 1498 948 1527 et
965 1496 1040 1533 sibi,
1055 1495 1172 1527 amisso
1187 1495 1293 1526 fratris
1312 1494 1405 1526 auxi·

71 1556 87 1570 «ι
105 1544 164 1582 lio,
189 1545 327 1585 reliquas
340 1554 413 1585 spes
431 1545 464 1575 in
481 1544 646 1584 republica
667 1545 763 1583 sitas,
781 1546 813 1575 et
826 1546 917 1575 tanto
938 1544 1038 1582 magis
1056 1542 1232 1574 fovendum
1258 1542 1408 1574 Patribus

72 1604 88 1618 ιι
108 1593 293 1632 populoque
309 1592 487 1632 Principem
500 1615 509 1630 ‚
527 1591 583 1631 qui
597 1600 682 1622 unus
699 1592 884 1631 superesset
899 1599 916 1622 e
931 1591 1051 1621 familia
1067 1598 1236 1621 summum
1261 1589 1302 1620 ad
1318 1588 1405 1620 fasti-

71 1650 87 1665 «
106 1640 195 1678 gium
214 1639 330 1678 genita.
347 1652 362 1666 »

111 1689 224 1717 XVIII.
249 1687 328 1717 Exin
345 1685 512 1725 largitione
529 1685 715 1725 potissimos
735 1684 914 1715 amicornm
938 1684 1040 1715 auxit.
1059 1692 1119 1714 nec
1135 1683 1266 1714 defuere
1286 1683 1340 1722 qui
1360 1691 1406 1714 ar·

70 1736 208 1774 guerent
221 1734 309 1764 viros
323 1734 515 1773 gravitatem
532 1736 750 1763 asseverantes
770 1732 793 1771 ¹,
813 1731 903 1772 quod
918 1731 1053 1771 domos,
1071 1731 1175 1762 villas
1193 1730 1229 1761 id
1245 1731 1406 1769 temporis

70 1782 171 1821 quast
187 1780 345 1820 praedam
362 1780 566 1811 divisissent.
595 1779 647 1810 alii
665 1779 888 1811 necessitatem
904 1778 1082 1809 adhibitam
1102 1777 1276 1809 credebant
1289 1776 1404 1808 aPrin-

70 1828 140 1867 cipe
153 1828 283 1858 sceleris
296 1827 355 1858 sibi
375 1828 505 1857 conscio
521 1828 554 1858 et
564 1827 693 1857 veniam
709 1826 860 1866 sperante
871 1849 880 1865 ,
894 1826 920 1856 si
937 1825 1157 1865 largitionibus
1167 1824 1406 1856 validissimum

71 1884 233 1915 quemque
250 1874 488 1906 obstrinxisset.
518 1875 559 1905 At
586 1874 701 1905 matris
725 1874 772 1904 ira
796 1873 882 1904 nulla
906 1872 1123 1904 munificentia
1140 1871 1248 1910 leniri,
1269 1870 1325 1902 sed
1341 1879 1408 1902 am·

71 1923 168 1963 plecti
184 1923 364 1961 Octaviam,
382 1921 496 1952 crebra
508 1930 583 1952 cum
601 1921 714 1952 amicis
728 1924 851 1952 secreta
868 1920 984 1951 habere
995 1944 1004 1959 ,
1030 1929 1126 1960 super
1141 1919 1316 1958 ingenitam
1332 1926 1408 1949 ava-

71 1970 178 2001 ritiam
197 1970 339 2010 undique
357 1969 507 2009 pecunias
522 1968 612 2008 quasi
629 1970 662 1999 in
675 1967 855 1999 subsidium
872 1967 1067 2007 corripiens3
1081 1966 1231 1998 tribunos
1249 1967 1281 1996 et
1295 1965 1407 1996 centu-

72 2017 178 2048 riones
202 2017 338 2048 comiter
365 2017 532 2055 excipere3
556 2015 686 2046 nomina
716 2016 747 2046 et
772 2015 908 2046 virtutes
929 2014 1107 2052 nobilium,
1130 2013 1185 2053 qui
1209 2012 1307 2044 etiam
1334 2012 1405 2043 tum

72 2065 283 2104 supererant,
308 2064 341 2094 in
361 2064 482 2094 bonore
500 2063 619 2094 habere
632 2087 641 2103 ‚
660 2062 755 2102 quasi
779 2063 937 2102 quaereret
959 2061 1074 2092 ducem
1094 2061 1126 2092 et
1147 2060 1263 2100 partes.
1294 2058 1407 2098 Cogni-

72 2114 142 2144 tum
157 2111 189 2142 id
206 2111 343 2149 Neroni,
357 2111 586 2151 eoec'ubtasque
599 2110 789 2149 (utillimos,
806 2117 899 2149 quae,
918 2110 953 2140 ut
966 2107 1093 2148 conjugi
1108 2106 1312 2146 Imperatoris
1332 2104 1405 2137 soli·

73 2160 154 2198 tum,
165 2158 202 2190 ut
216 2158 311 2189 matri
323 2158 547 2197 servabantur,
557 2159 590 2189 et
604 2159 792 2190 Germanos
802 2155 814 2174 ²
827 2165 923 2197 super
936 2155 1073 2187 eundem
1090 2155 1244 2185 bonorem
1253 2152 1404 2184 custodes

103 2266 169 2290 XVI.
188 2270 210 2290 ι.
227 2265 270 2288 Sic
281 2264 407 2288 solebant
422 2265 517 2288 liberi:
532 2265 593 2293 viri,
607 2265 660 2294 jam
673 2264 779 2288 femina*
791 2269 898 2293 quoqne
912 2261 1134 2286 discumbebant.

103 2302 184 2326 XVll.
202 2306 223 2324 ι.
234 2300 303 2324 Nam
320 2306 334 2324 a
349 2301 523 2324 discubituris
540 2306 634 2329 preces
652 2301 680 2324 et
698 2300 844 2324 libationes
858 2299 908 2322 diis
925 2298 1037 2323 fiebant.
1050 2311 1078 2314 —
1093 2303 1119 2321 2.
1137 2297 1258 2321 Octaviae
1271 2296 1298 2321 et
1315 2295 1402 2320 Anto·

73 2337 133 2361 niae.
151 2349 178 2353 -
189 2341 214 2359 5.
228 2337 408 2364 Praematura,
422 2336 580 2365 metaphora
594 2342 608 2358 a
623 2335 757 2359 fructibus
770 2335 889 2359 nondum
900 2334 1012 2357 maturis
1026 2333 1119 2362 petita.

104 2372 202 2396 xvnl.
217 2375 237 2394 ι.
250 2372 414 2395 constanter
433 2371 605 2395 affectantes.
626 2371 698 2395 Dicit
717 2371 830 2396 Burrum
845 2371 873 2394 et
891 2371 1030 2394 Senecam.
1048 2379 1075 2387 -
1098 2373 1121 2394 2.
1141 2368 1212 2398 Quos
1223 2366 1346 2393 Tiberius
1356 2371 1403 2391 cu-

74 2408 171 2432 stodes
184 2407 332 2431 babuerat:
347 2413 372 2432 v.
388 2407 408 2437 1,
422 2412 458 2431 2⁴.
753 2417 769 2433 f
