1539 2668
125 168 186 198 106
500 165 634 195 TACITI
658 164 870 193 ANNALIUM
891 165 965 193 LIB.
989 164 1054 193 XII.

122 242 284 274 celebrata
302 241 324 272 ¹.
349 241 450 281 Igitur
476 241 591 273 excitis
619 248 758 280 quorum
788 239 828 271 de
847 239 1006 271 sententia
1033 238 1153 279 petitus
1179 247 1255 280 rex,
1276 240 1458 282 positisque

122 289 238 320 castris
262 289 345 329 apud
372 294 529 328 Zeugma,
555 288 641 318 unde
660 287 802 318 maxime
824 287 957 327 pervius
977 286 1099 325 amnis,
1127 288 1300 326 postquam
1313 287 1460 322 illustres

122 335 232 368 Parthi
247 344 369 376 rexque
388 336 528 367 Arabum
547 334 558 352 ²
576 334 719 366 Acbarus
736 333 927 373 advenerat,
954 335 1064 365 monet.
1080 333 1303 373 Meherdaten,
1334 334 1462 367 barba·

122 392 244 414 rorum
259 385 407 423 impetus
426 391 540 421 acres,
557 383 775 413 cunctatione
798 382 1018 421 lanquescere
1031 382 1095 412 aut
1121 382 1157 411 in
1170 381 1360 421 perfidiam
1383 390 1461 415 ‘mu-

125 431 504 470 tc11·i,·itaq‘zceurqeret
520 430 640 469 ecepta.
668 428 753 468 quod
779 431 922 468 spretum
939 428 1051 459 fraude
1068 427 1200 467 Acbari,
1225 428 1280 468 qui
1301 428 1457 468 juvenem

122 476 270 516 ignarum
294 479 325 508 et
352 485 513 508 summam
542 476 706 507 fortunam
723 475 757 506 in
776 475 853 506 luxu
881 477 987 506 ratum
1016 475 1137 506 multos
1156 484 1211 515 per
1232 475 1300 507 dies
1323 476 1457 509 attinuit

122 523 209 563 apud
226 524 383 564 oppidum
400 524 559 555 Edessam.
587 524 619 554 et
633 524 770 554 vocante
783 526 904 554 Carene
920 522 931 540 ³
946 524 1197 563 promptasque
1210 531 1265 554 res
1282 524 1460 565 ostentate,

75 607 77 610 Α
120 570 151 599 si
175 571 234 601 citi
251 570 488 610 advenissent,
512 579 575 601 non
595 570 742 602 cominus
768 569 1052 610 Mesopotamiam,
1078 570 1136 600 sed
1163 569 1249 601 ssexu
1271 570 1456 602 Armeniam

120 618 253 657 petunt,
272 617 304 648 id
321 618 474 658 temporis
492 619 728 658 importunam,
745 617 821 658 quia
834 618 938 649 hiems
950 616 1140 657 occipiebat.

163 667 255 695 XIII:¹
263 665 341 695 Exin
360 665 493 697 nivibus
504 665 712 697 etmontibus
726 664 801 696 sessi
812 688 821 703 ,
841 666 1016 704 postquam
1030 673 1161 704 campos
1177 663 1452 704 propinquabant¹

121 710 221 750 copiis
238 712 408 743 Carrhenis
421 712 655 752 adjunguntur.
673 712 889 752 tramissoque
903 720 997 743 amne
1009 712 1114 751 Tigri,
1140 711 1306 751 permeant
1322 710 1458 743 Adiabe-

120 765 197 795 nos,
215 767 355 798 quorum
377 769 432 791 rex
451 762 551 791 Izates
565 761 751 791 societatem
767 760 959 791 Meherdatis
975 759 1083 799 palam
1100 758 1268 797 induerat,
1285 758 1318 788 in
1344 760 1456 789 Gotar-

121 813 178 835 zen
193 813 249 844 per
263 806 389 838 occulta
406 808 438 838 et
453 808 554 847 magis
570 808 631 838 fida
645 807 833 838 inclinabat.
848 806 902 838 sed
918 807 1058 846 captain
1076 805 1215 837 transitu
1234 805 1309 836 urbs
1323 805 1455 844 Ninos'-',

120 852 342 884 vetustissima
361 854 453 885 sedes
470 855 628 894 Assyriae,
658 854 702 895 [et
726 853 867 894 Arbela,]
894 854 1061 885 castelium
1084 853 1208 893 insigne
1233 853 1338 891 fama,
1368 850 1457 892 quod

120 900 286 937 postremo
304 902 387 932 inter
406 902 538 933 Darium
554 904 652 942 atque
665 901 884 933 Alexandrum
897 900 1009 941 proelio
1025 904 1195 931 Persarum
1212 899 1278 930 illic
1291 907 1369 940 opes
1382 907 1456 930 con-

120 945 275 979 ciderant.
304 950 428 980 Interea
448 951 598 981 Gotarzes
613 949 700 989 apud
726 949 868 980 montem
883 948 934 979 cui
951 957 1069 979 nomen
1085 947 1265 979 Sambulos
1278 971 1287 986 ,
1304 947 1381 978 vota
1394 945 1458 977 diis

120 993 184 1024 loci
203 994 418 1035 suscipiebat,
439 997 604 1037 praecipua
617 996 772 1035 religione
788 995 936 1034 Herculi3
956 995 1012 1035 qui
1028 996 1174 1034 tempore
1189 995 1274 1025 stato
1296 1002 1353 1033 per
1367 993 1455 1033 quie-

118 1040 185 1071 tem
206 1043 318 1073 monet
339 1043 522 1074 sacerdotes
535 1068 544 1082 ‚
573 1046 614 1075 ut
630 1044 798 1083 templum-
810 1044 924 1082 juxta
940 1042 950 1060 ³
975 1051 1077 1083 equos
1104 1043 1247 1073 venatui
1264 1040 1455 1072 adornatos

118 1089 258 1120 sistant.
286 1090 358 1129 equi
378 1090 431 1121 ubi
449 1091 616 1130 pharetras
632 1090 705 1121 telis
721 1093 855 1121 onustas
881 1098 1049 1128 accepere,
1074 1097 1133 1129 par
1146 1088 1245 1120 saltus
1261 1088 1333 1127 vagi
1358 1088 1453 1118 nocte

119 1134 252 1165 demum
268 1137 380 1167 vacuis
394 1137 554 1177 pharetris
572 1138 675 1168 multo
692 1145 766 1167 cum
792 1136 936 1167 anhelitu
966 1136 1112 1166 redeunt.
1142 1144 1254 1166 rursus
1277 1134 1373 1172 deus,
1389 1141 1455 1174 qua

119 1181 219 1213 silvas
245 1185 476 1224 pererraverit,
505 1186 666 1216 nocturno
696 1185 769 1215 visu
786 1183 797 1202 ³
828 1183 1049 1223 demonstrat,
1078 1183 1347 1223 reperiunturque
1371 1182 1453 1214 fusae

116 1230 238 1267 passim
256 1231 344 1263 ferae„

159 1279 240 1308 XIV.
266 1280 416 1310 Ceterum
439 1280 608 1318 Gotarzes,
626 1277 773 1309 nondum
798 1277 878 1309 satis
899 1279 994 1308 aucto
1010 1277 1153 1308 exercitu
1168 1301 1176 1316 ‚
1191 1277 1322 1308 flumine
1337 1280 1456 1308 Corma

118 1331 177 1362 pro
196 1325 402 1357 munimento
422 1327 486 1366 uti,
513 1329 546 1358 et
562 1335 759 1366 quamquam
785 1334 841 1365 per
856 1325 1084 1356 insectationes
1101 1327 1133 1356 et
1148 1325 1280 1356 nuntios
1303 1324 1343 1355 ad
1367 1333 1454 1364 proe-

117 1369 198 1401 lium
216 1375 400 1412 vocaretur,
428 1374 556 1404 nectere
572 1382 697 1412 moras,
727 1373 814 1403 locos
831 1374 979 1411 mutare,
1011 1373 1044 1403 et
1074 1372 1184 1403 missis
1208 1372 1453 1412 corruptoribus

118 1418 300 1450 exuendam
318 1420 356 1450 ad
376 1420 473 1450 iidem
489 1420 600 1451 hostes
617 1419 786 1451 emercari.
811 1428 850 1450 ex
869 1421 941 1459 quis
957 1420 1059 1450 Izates
1079 1419 1276 1458 Adiabenus,
1293 1428 1371 1449 mox
1394 1422 1453 1450 Ac-

118 1464 215 1497 barus
230 1467 371 1498 Arabum
386 1475 460 1497 cum
475 1467 619 1498 exercitu
637 1466 837 1505 abscedunt,
864 1467 996 1498 levitate
1013 1467 1142 1507 gentili,
1166 1468 1198 1498 et
1222 1466 1298 1506 quia
1325 1466 1454 1507 experi-

118 1512 239 1543 mentis
255 1514 421 1553 cognitum
435 1515 485 1544 est.
501 1513 654 1545 barbaros
670 1514 764 1544 malle
784 1518 886 1545 Roma
902 1515 1011 1554 petere
1028 1522 1135 1553 reges,
1156 1521 1253 1554 quam
1271 1512 1399 1544 habere.
1412 1515 1454 1545 At

118 1559 338 1600 Meherdates,
366 1561 480 1592 validis
512 1561 640 1592 auxiliis
666 1561 828 1601 nudatus,
861 1564 1042 1592 ceterorum
1068 1561 1251 1601 proditione
1280 1562 1452 1600 suspecta,

118 1607 205 1646 quod
226 1617 327 1639 unum
350 1609 534 1648 reliquum,
557 1617 626 1639 rem
652 1608 686 1638 in
713 1617 827 1639 casum
855 1608 931 1639 dare
965 1608 1144 1648 proelioque
1161 1607 1299 1647 experiri
1325 1607 1451 1638 statuit.

117 1663 177 1685 nec
194 1654 386 1686 detrectavit
400 1664 542 1695 pugnam
560 1656 726 1694 Gotarzes,
754 1654 931 1686 deminutis
951 1654 1099 1686 hostibus
1123 1654 1222 1686 ferox.
1242 1663 1452 1685 concursum-

118 1710 181 1740 que
196 1710 311 1739 magna
329 1702 418 1733 caede
439 1705 471 1734 et
492 1703 644 1741 ambiguo
670 1705 810 1742 eventu,
828 1701 930 1733 donec
946 1703 1103 1733 Carenem
1115 1726 1123 1740 ‚
1144 1701 1320 1741 profligatis
1337 1701 1454 1732 obver-

118 1747 163 1778 sis
180 1748 187 1765 ¹
214 1748 342 1788 longius
355 1751 506 1780 evectum
521 1774 529 1789 ,
547 1750 669 1789 integer
681 1758 700 1780 a
718 1750 808 1789 tergo
823 1749 938 1789 globus
965 1749 1226 1780 circumveniret.
1256 1753 1339 1779 Tum
1362 1748 1451 1779 omni

119 1805 176 1836 spe
193 1798 337 1838 perdita,
355 1799 573 1838 Meherdates,
593 1799 751 1839 promissa
776 1798 943 1830 Parrhacis
958 1823 966 1838 ,
987 1798 1110 1838 paterni
1134 1798 1276 1836 clientis,
1299 1799 1453 1838 secutus,

119 1843 194 1875 dolo
209 1845 276 1884 ejus
294 1845 452 1885 vincitur,
476 1846 678 1885 traditurque
692 1846 819 1877 victori.
835 1847 931 1886 atque
947 1846 1000 1877 ilie
1017 1854 1081 1876 non
1091 1847 1327 1886 propinqmmz
1344 1854 1454 1888 neque

121 1893 255 1922 Arsacis
272 1892 313 1923 (Ic
330 1895 440 1933 pente,
460 1893 520 1924 secl
534 1893 764 1933 alicniqenam
779 1895 812 1924 et
825 1896 1020 1925 Romanum
1034 1893 1355 1933 increpans,anrilms
1368 1894 1454 1926 deci-

119 1940 163 1970 sis
176 1939 287 1970 vivere
292 1939 545 1979 juhet,ostentui
556 1941 735 1972 clementiae
751 1949 819 1972 suae
833 1941 908 1972 etin
924 1949 982 1971 nos
994 1940 1291 1972 dehonestamento.
1305 1941 1388 1972 Dein
1396 1945 1452 1973 Go-

118 1987 220 2017 tarzes
236 1985 349 2017 morbo
367 1987 458 2026 obiit,
477 1988 662 2028 accitusque
676 1988 708 2019 in
724 1996 856 2028 regnum
871 1992 1032 2026 Vonones,
1049 1988 1159 2018 Medos
1174 1989 1244 2018 tum
1262 1988 1450 2027 praesidens.

118 2033 205 2064 nulla
223 2033 297 2064 huic
314 2042 468 2074 prospera
484 2036 540 2065 aut
556 2035 702 2074 adversa,
722 2037 795 2075 quis
809 2037 1042 2066 memoraretur
1061 2044 1068 2065 ε
1084 2034 1175 2065 brevi
1191 2036 1223 2066 et
1239 2035 1374 2074 inglorio
1389 2035 1451 2066 im-

118 2081 206 2119 perio
220 2080 411 2120 perfunctus
420 2082 480 2121 est,
499 2090 614 2122 resque
630 2082 824 2113 Parthorum
840 2081 874 2112 in
887 2081 990 2112 filium
1001 2082 1071 2122 eJus
1085 2081 1262 2121 Vologesen
1273 2081 1449 2114 translatae.

149 2173 209 2197 XII.
224 2178 246 2196 ¹.
261 2174 288 2197 C.
306 2174 411 2198 Cassius
432 2175 538 2204 (postea
554 2177 661 2200 occisor
672 2175 806 2204 Caesaris),
817 2175 922 2204 Crasso,
934 2175 1010 2204 cuius
1022 2176 1140 2204 quaestor
1151 2177 1217 2203 erat,
1233 2181 1247 2199 a
1262 2175 1366 2199 Parthis
1381 2181 1449 2201 caeso

119 2214 143 2231 a.
155 2209 182 2232 U.
196 2213 247 2237 700,
258 2210 362 2238 Syriam
373 2213 470 2234 contra
486 2211 598 2235 Parthos
611 2217 742 2240 prospere
754 2211 838 2234 tuitus
852 2211 921 2233 erat.
937 2222 966 2226 —-
982 2215 1004 2233 2.
1016 2211 1082 2234 Tum
1100 2210 1127 2233 in
1141 2212 1219 2239 parte
1234 2210 1347 2234 australi
1362 2212 1448 2237 Meso-

120 2244 245 2271 potamiae
260 2244 449 2274 habitantium,
465 2246 512 2269 ubi
523 2247 632 2274 Edessa,
648 2246 720 2276 apud
736 2248 817 2275 Syros
830 2244 932 2268 Erech.
949 2258 977 2261 —
988 2250 1008 2267 5-
1022 2245 1183 2269 Parthorum
1195 2246 1273 2269 duce.

151 2278 219 2302 xiil.
234 2284 251 2301 ι.
267 2279 310 2302 Sic
324 2279 484 2303 Sallustius:
502 2282 622 2310 Bithyni
643 2281 873 2311 propinquantes
894 2280 953 2309 jam
975 2285 1097 2304 amnem.
1109 2293 1138 2297 —
1152 2286 1174 2303 2.
1189 2281 1249 2304 Sive
1264 2281 1379 2305 Ninive.
1395 2282 1447 2307 Sed

120 2313 270 2336 secundum
285 2314 432 2338 nonnullos
446 2316 503 2339 haec
517 2317 612 2340 Ninive
627 2317 773 2340 Adiabena}
786 2316 838 2340 alia
859 2317 902 2339 cst
923 2320 975 2339 nec
989 2315 1191 2344 contundenda,
1207 2318 1237 2340 ut
1250 2316 1315 2341 [ecit
1327 2317 1448 2347 Tacitus,

121 2353 183 2407 elffii]
209 2349 321 2378 antiquo
345 2351 436 2379 capite
460 2352 587 2381 Assyriae.
601 2365 629 2368 —-
643 2357 668 2375 3.
695 2352 777 2376 Juxta
799 2350 940 2381 templum.
953 2364 982 2367 —
1000 2355 1023 2375 ⁴.
1049 2351 1251 2381 Sacerdotibus,
1275 2353 1305 2376 ut
1330 2352 1448 2382 videtur,

122 2389 137 2407 o
170 2384 223 2406 ato.

150 2418 217 2442 xlv.
234 2424 253 2443 ι.
267 2420 315 2444 Hic
329 2421 509 2452 manuscripti
523 2420 737 2453 obusis,cbusis,
749 2422 776 2447 in
786 2428 839 2453 quo
849 2422 966 2448 fortasse
981 2422 1069 2453 gentis
1079 2428 1178 2448 nomen
1189 2423 1264 2454 latet,
1274 2424 1303 2448 ut
1313 2422 1446 2449 Odrusis.
