1539 2668
106 173 163 203 192
477 174 612 203 TACITI
635 175 845 204 ANNALIUM
868 176 940 204 LIB.
966 176 1049 204 XIII.

104 246 296 287 Agrippina,
321 246 450 278 ferociae
464 256 600 286 memor,
629 261 643 274 α
664 252 734 279 Non
755 249 867 288 miror,
880 262 896 277 n
917 249 1034 289 inquit,
1059 261 1074 275 «
1092 247 1243 288 Silanam,
1272 255 1437 289 nunquam

106 306 123 320 «ι
140 293 228 324 edito
253 295 368 333 partu,
395 295 537 325 matrum
557 295 694 326 affectus
719 295 844 335 ignotos
870 296 998 327 habere.
1024 304 1128 336 neque
1150 295 1237 326 enim
1264 296 1396 335 perinde
1417 305 1438 328 a

105 352 121 367 α
137 340 327 381 parentibus
343 339 455 380 liberi,
470 350 568 381 quam
582 341 622 372 ab
638 342 801 382 impudica
813 343 950 374 adulteri
969 342 1166 374 mutantur&
1180 351 1257 381 nec,
1275 342 1302 373 si
1316 343 1437 376 Iturius

104 399 120 414 «
138 390 171 418 et
187 387 362 426 Calvisius,
380 387 486 419 adesis
503 389 655 420 omnibus
671 389 823 430 fortunis,
840 390 1052 421 novissimam
1069 389 1286 430 suscipiendae
1304 398 1437 421 accusa·

103 448 120 463 ι(
134 436 234 468 tionis
262 445 393 476 operam
421 437 499 468 anui
518 437 530 455 ²
549 439 748 479 rependunt,
774 439 845 471 ideo
861 442 916 471 aut
933 440 1012 470 mihi
1041 440 1172 471 infamia
1188 439 1355 479 parricidii
1380 441 1437 473 aut

101 497 117 512 «
137 484 256 516 Caesari
274 484 470 515 conscientia
490 485 658 517 subeunda
672 488 734 518 est.
762 496 837 518 nam
851 487 1009 518 :Domitiae
1027 487 1206 518 inimicitiis
1222 486 1343 526 gratias
1362 494 1437 526 age·

99 545 115 560 «
136 540 225 570 rem,
242 531 269 561 si
282 530 507 563 benevolentia
521 541 649 564 mecum
663 533 696 564 in
716 537 876 565 Neronem
894 543 1003 565 meum
1032 538 1172 565 certaret
1189 543 1197 566 :
1219 543 1306 565 nunc
1329 541 1384 574 per
1397 531 1436 563 li-

96 590 112 605 «
135 577 263 610 bertum
275 578 451 610 Atimetum
464 581 497 610 et
511 579 701 611 histrionem
715 581 862 612 Paridem
879 581 971 621 quasi
982 590 1088 612 scenae
1098 581 1110 599 ³
1121 582 1244 612 fabulas
1256 580 1434 621 componit.

97 637 112 651 ιι
134 626 282 665 Bajarum
304 634 436 656 suarum
454 626 596 666 piscinas
613 627 790 659 extollebat
805 627 831 666 ⁴,
849 636 951 667 quum
976 627 1059 659 meis
1087 628 1230 659 consiliis
1254 628 1385 669 adoptio
1404 627 1438 659 et

96 684 111 699 «
134 673 365 713 proconsulare
379 673 432 712 J'us
447 676 480 705 et
494 673 672 714 designatio
696 675 881 706 consulatus
908 677 940 706 et
970 678 1076 706 cetera
1100 675 1275 715 apiscendo
1299 675 1436 715 imperio

95 731 111 746 «
134 722 405 760 praepararentur.
424 722 481 752 aut
495 722 629 753 exsistat
645 723 702 762 qui
717 723 866 754 cohortes
889 723 921 753 in
940 722 1024 754 Urbe
1041 724 1181 753 tentatas
1193 747 1201 761 ‚
1225 723 1280 762 qui
1298 723 1435 762 provin-

97 777 113 792 «
137 767 259 798 ciarum
277 767 373 799 fidem
391 767 622 800 labefactatam
636 792 645 808 ‚
664 769 804 810 denique
819 779 927 801 servos
945 770 995 800 vel
1011 770 1143 801 libertos
1166 770 1207 800 ad
1232 770 1337 800 scelus
1363 778 1436 800 cor-

99 826 114 839 <ι
138 816 250 854 ruptos
268 816 390 855 arguat.
421 815 531 847 vivere
544 825 621 856 eg0‚
645 817 829 848 Britannico
846 817 990 857 potiente
1018 825 1143 856 rerum,
1162 818 1332 857 poteram?
1347 825 1386 848 ac
1407 816 1434 847 si

99 861 264 893 «Plautus
292 863 349 893 aut
374 862 447 902 quis
476 862 558 894 alius
580 864 814 904 rempublicam
839 864 1044 904 judicaturus
1060 864 1070 881 ⁵
1095 863 1293 902 obtinuerit,
1317 863 1435 895 desunt

99 922 114 936 κ
134 909 254 941 scilicet
270 909 350 940 mihi
367 911 588 950 accusatores,
603 911 659 951 qui
677 921 743 942 non
764 911 863 943 verba
877 904 1078 950 impatientia
1096 910 1238 941 caritatis
1261 910 1435 950 aliquando

99 968 115 982 α
133 956 278 995 incauta,
291 956 344 988 sed
359 965 395 987 ea
409 956 544 988 crimina
558 958 721 998 objiciant,
733 959 851 998 quibus
867 958 928 989 nisi
942 967 960 989 a
974 958 1038 989 lilio
1053 958 1175 988 absolvi
1192 966 1256 988 non
1270 958 1404 997 possim.
1414 971 1430 986 n

97 1004 274 1035 commotis
291 1004 346 1044 qui
361 1003 513 1043 aderant,
539 1005 690 1045 ultroque
717 1006 850 1046 spiritus
872 1006 940 1046 ejus
957 1005 1201 1044 mitigantibus,
1220 1005 1432 1045 colloquium

87 1049 161 1089 filii
178 1051 325 1091 exposcit
342 1061 349 1081 :
368 1051 423 1082 ubi
444 1052 523 1083 nihil
541 1061 599 1091 pro
616 1052 818 1092 innocentia,
845 1054 937 1092 quasi
954 1052 1130 1087 diffideret,
1160 1060 1218 1083 nec
1249 1051 1410 1083 beneficiis
1423 1076 1432 1090 ,

96 1098 189 1138 quasi
206 1098 435 1140 exprobraret,
455 1099 632 1139 disseruit,
651 1099 707 1131 sed
727 1100 884 1131 ultionem
902 1101 935 1131 in
951 1100 1110 1131 delatores
1139 1102 1170 1130 ct
1192 1098 1327 1139 praemia
1356 1100 1434 1130 ami—

97 1145 142 1176 cis
158 1144 313 1177 obtinuit.
1456 1144 1459 1147 “

138 1195 233 1224 XXII.
258 1192 455 1224 Praefectura
481 1202 619 1224 annonae
640 1193 738 1225 Fenio
756 1193 859 1232 Ruso,
881 1202 958 1224 cura
978 1192 1151 1230 ludorum,
1176 1192 1234 1233 qui
1262 1201 1281 1224 a
1306 1196 1432 1225 Caesare

98 1238 307 1279 parabantur,
326 1239 477 1271 Arruntio
493 1240 617 1280 Stellae,
637 1241 786 1280 AEgyptus
803 1244 837 1272 C.
864 1240 997 1271 Balbillo
1014 1241 1258 1279 permittuntur.
1284 1241 1374 1279 Syria
1395 1244 1430 1271 P.

98 1285 212 1317 Anteio
229 1285 393 1317 destinata
410 1296 417 1317 ε
435 1289 468 1318 et
487 1287 586 1318 variis
602 1296 679 1318 mox
696 1284 819 1319 artibus
835 1288 961 1325 elusuS‚
988 1287 1028 1317 ad
1058 1289 1261 1326 postremum
1288 1286 1320 1317 in
1349 1287 1434 1319 Urbe

96 1334 240 1365 retentus
257 1335 317 1365 est.
337 1335 371 1365 at
389 1334 495 1365 Silana
518 1335 551 1365 in
569 1335 719 1366 exsilium
736 1335 818 1365 acta.
837 1334 995 1366 Calvisius
1018 1343 1148 1373 quoque
1163 1335 1195 1365 et
1215 1334 1339 1365 Iturius
1356 1334 1433 1365 rele-

95 1382 221 1420 gantur.
241 1380 280 1412 de
290 1381 430 1412 Atimeto
449 1381 644 1421 supplicium
659 1381 1005 1421 sumptum,validi0re
1016 1381 1102 1420 apud
1115 1380 1262 1411 libidines
1275 1381 1433 1421 Principis

96 1428 208 1459 Paride
232 1437 330 1468 quam
350 1430 386 1460 ut
408 1437 503 1469 poena
529 1429 720 1461 afficeretur.
753 1429 886 1461 Plautus
900 1429 939 1461 ad
957 1437 1098 1469 praesens
1111 1428 1252 1468 *silentio
1265 1428 1432 1459 transmis—

99 1483 155 1506 sus
167 1476 226 1506 est.

137 1526 246 1553 XXIII.
265 1522 459 1554 Deferuntur
476 1522 961 1563 dehincfconsensisse'Pallas
988 1532 1031 1554 ac
1054 1525 1215 1561 Burrus,
1244 1524 1285 1553 ut
1312 1524 1433 1554 Corne·

98 1569 166 1600 lius
182 1570 282 1601 Sulla
305 1569 517 1601 claritudine
543 1572 675 1610 yeneris
698 1573 732 1602 et
756 1570 932 1610 affinitate
960 1570 1124 1608 Claudii,
1154 1569 1206 1600 cui
1227 1578 1282 1609 per
1304 1569 1431 1609 nuptias

97 1616 268 1647 Antoniae¹
290 1625 386 1656 gener
403 1619 494 1656 erat,
514 1617 560 1648 ad
581 1619 765 1657 imperium
782 1619 974 1650 vocaretur.
996 1617 1064 1656 ejus
1089 1616 1305 1646 accusationis
1320 1618 1432 1647 auctor

96 1663 224 1694 exstitit
242 1665 349 1694 Paetus
365 1663 496 1703 quidam
508 1687 517 1703 ,
534 1663 722 1695 exercendis
738 1663 825 1704 apud
846 1663 997 1694 aerarium
1011 1662 1208 1694 sectionibus
1224 1662 1235 1679 2
1266 1663 1395 1694 tamosu

97 1712 128 1741 et
147 1712 216 1740 tum
234 1709 412 1741 vanitatis³
432 1710 631 1742 manifestus.
657 1719 715 1741 nec
736 1712 803 1741 tam
827 1712 915 1749 grata
940 1710 1091 1741 Pallantis
1115 1708 1300 1740 innocentia
1329 1718 1394 1749 qua

96 1757 203 1796 gravis
231 1756 383 1796 superbia
403 1757 464 1787 suit
482 1767 490 1788 τ
508 1758 628 1797 quippe
654 1757 829 1788 nominatis
855 1757 976 1787 libertis
1000 1755 1090 1795 ejus,
1114 1765 1195 1795 quos
1213 1756 1360 1787 conscios
1378 1756 1433 1787 ha-

97 1804 184 1835 beret
198 1827 206 1843 ‚
228 1803 391 1843 respondit
409 1817 414 1832 :
433 1804 523 1835 nihil
542 1813 699 1845 unquam
714 1813 748 1835 se
774 1804 865 1835 domi
889 1805 955 1835 nisi
982 1805 1072 1834 nutu
1091 1805 1153 1834 aut
1172 1811 1280 1834 manu
1305 1803 1432 1844 siqnisi-

95 1859 209 1889 casse,
236 1851 288 1881 vel
316 1852 344 1881 εὶ
367 1851 480 1890 plura
503 1851 778 1882 demonstranda
807 1853 936 1888 essent,
958 1852 1086 1890 scripto
1112 1859 1233 1889 usum,
1264 1859 1306 1881 ne
1321 1859 1432 1882 vocem

95 1899 318 1929 consociaret.
336 1899 477 1936 Burrus,
494 1897 645 1937 quamvis
668 1907 761 1937 reus,
786 1897 869 1929 inter
885 1897 1011 1937 judices
1028 1897 1218 1928 sententiam
1238 1897 1330 1928 dixit.
1349 1897 1430 1929 exsi-

95 1944 241 1984 liumque
258 1944 438 1976 accusatori
455 1944 652 1985 irrogatum,
670 1947 705 1977 et
717 1945 835 1976 tabulae
851 1946 976 1976 exustae
992 1946 1090 1984 sunt,
1110 1944 1230 1985 quibus
1247 1944 1431 1976 oblitterata

95 1991 201 2022 aerarii
215 1991 346 2022 nomina
364 1991 546 2023 retrahebat
556 1996 566 2010 ⁴
575 2016 582 2024 .

126 2078 197 2102 XXI.
217 2083 238 2102 ι.
250 2079 409 2103 Mutantur
421 2080 449 2103 in
465 2080 554 2109 priore
578 2079 701 2104 membro
722 2078 929 2108 intelligendum
949 2079 983 2102 de
1000 2079 1103 2103 affectu
1120 2084 1185 2107 ergo
1199 2078 1300 2102 liberos
1311 2077 1428 2102 transte—

96 2116 183 2139 rendo
198 2116 224 2139 in
244 2116 319 2140 alios.
333 2129 362 2133 —
375 2122 397 2140 2.
415 2117 527 2146 Silanae‚
551 2117 679 2147 verqenti
699 2117 794 2145 annis,
811 2118 841 2141 ut
860 2122 884 2140 c.
905 2122 931 2140 ¹9
949 2116 1061 2140 dictum.
1081 2129 1108 2132 —
1123 2122 1147 2139 5.
1164 2117 1284 2140 nativus.
1298 2127 1328 2132 —
1340 2120 1363 2140 4.
1377 2116 1430 2140 Ex·

98 2150 222 2175 struebat
233 2151 331 2179 Silana,
351 2152 414 2175 dum
426 2153 573 2182 Agrippina
590 2153 691 2177 Neroni
704 2159 819 2181 regnum
836 2151 959 2182 parabat.
975 2152 1103 2175 Piscinas
1118 2157 1166 2180 per
1181 2152 1365 2180 contemptum
1383 2157 1429 2175 no-

95 2187 184 2210 minat
192 2186 302 2209 villasin
314 2187 429 2210 molibus
439 2188 506 2211 mari
518 2188 626 2217 injectis
637 2189 798 2217 exstructas,
814 2188 848 2211 ob
859 2188 1022 2211 suavitatem
1037 2186 1180 2216 temperati
1194 2187 1272 2214 aeris,
1287 2186 1320 2210 de
1332 2186 1428 2216 quibus

98 2221 169 2245 <villis
186 2221 312 2245 Horatius
325 2222 488 2246 canitOdar.
502 2224 532 2250 ll,
546 2227 583 2252 27,
595 2228 639 2252 20‚·
651 2224 695 2251 Ill,
709 2223 728 2252 1,
743 2229 772 2246 35
783 2228 843 2253 sqq.
861 2236 887 2239 —
900 2228 923 2246 ὅ.
938 2224 977 2246 Sc.
993 2228 1043 2245 me.

128 2257 226 2280 xxm.
246 2262 267 2280 l·
282 2256 355 2280 Filiae
368 2255 472 2281 Claudii
484 2264 516 2281 cx
531 2258 599 2282 AElia
611 2259 713 2282 Petina.
729 2259 789 2286 —12
799 2258 889 2282 sectio
903 2259 944 2281 est
958 2257 1076 2280 venditio
1088 2256 1220 2280 bonorum
1238 2257 1271 2280 ad
1285 2257 1398 2286 hastam,
1413 2262 1428 2280 a

98 2292 230 2320 secando,
245 2292 306 2321 quia
324 2293 378 2315 tota
404 2294 494 2322 empta
519 2300 533 2317 a
552 2293 706 2318 sectoribus
730 2294 927 2318 dividebantur.
950 2294 1041 2322 Neque
1065 2294 1154 2316 tamen
1182 2294 1303 2316 sectores
1325 2294 1427 2317 vende-

102 2326 170 2351 bant
196 2328 302 2351 tantum
325 2327 396 2352 bona
428 2328 579 2357 publicata:
606 2329 763 2353 indicabant
791 2330 872 2353 etiam
902 2334 1078 2358 quaecumque
1100 2328 1194 2351 aerario
1219 2329 1266 2351 aut
1290 2328 1355 2352 fisco
1382 2329 1427 2353 ob—

102 2363 183 2387 noxia
207 2364 234 2386 et
259 2362 349 2386 debita
375 2365 478 2388 essent:
495 2370 579 2393 quare
599 2371 675 2394 :eque
695 2371 727 2388 ac
741 2365 876 2388 delatores
891 2367 970 2388 crant
988 2365 1093 2388 ramosi.
1117 2377 1146 2381 —
1173 2370 1197 2388 5.
1227 2364 1368 2387 Fraudum.
1397 2376 1427 2381 -

102 2402 128 2421 4.
137 2400 187 2422 Per
195 2404 263 2427 quas
276 2399 360 2422 Paetus
372 2399 399 2422 in
408 2398 495 2423 lucem
509 2399 667 2424 retrahebat
678 2401 787 2424 nomina
796 2400 948 2424 debitorum
960 2399 1152 2424 aerariidudum
1161 2399 1258 2428 deleta,
1267 2399 1327 2429 quia
1334 2398 1425 2423 debita

100 2433 285 2458 exsolverunt.
