1539 2668
662 140 882 169 GERMANiA.
1363 137 1422 166 449

102 218 245 253 tionibus
261 219 293 249 et
308 216 496 247 muneribus
511 216 680 254 ornantur,
697 216 730 246 et
747 215 816 254 ipsa
832 214 1022 254 plerumque
1039 212 1124 243 sama
1140 210 1222 242 bella
1240 210 1422 250 profligant.

143 269 224 297 XIV.
249 269 355 303 Quum
373 266 508 294 ventum
530 263 561 293 in
581 262 702 301 aciem,
727 264 823 302 turpe
845 260 981 301 principi
996 259 1116 290 virtute
1130 257 1237 296 vinci;
1257 258 1352 297 turpe
1371 265 1422 288 co-

102 312 229 344 mitatui
254 311 407 341 virtutem
429 309 583 350 principis
608 318 673 339 non
689 309 871 348 adaequare.
898 307 965 346 jam
989 315 1066 337 vero
1091 305 1213 336 infame
1238 303 1271 334 in
1293 312 1423 335 omnem

101 360 202 391 vitam
224 367 261 389 ac
285 357 475 397 probrosum
493 356 701 396 superstitem
720 355 856 396 principi
878 363 937 386 suo
960 363 1000 385 ex
1019 353 1087 384 acie
1112 351 1308 384 recessisse.¹
1332 351 1423 382 illum

100 406 281 443 defendere,
301 404 395 442 tueri,
413 413 470 435 sua
485 412 614 443 quoque
633 404 728 434 fortia
743 404 827 434 facta
842 402 952 442 gloriae
966 401 1034 440 eJus
1047 400 1209 439 assignare
1221 400 1424 439 praecipuum

101 456 338 484 sacramentum
356 455 415 482 est.
435 450 596 491 principes
612 460 672 490 pro
693 451 831 481 victoria
846 452 1013 490 pugnant,
1032 449 1166 479 comites
1188 455 1246 486 pro
1264 446 1424 487 principe„

100 499 126 529 si
143 499 258 530 civitas
270 523 278 537 ,
293 498 324 528 in
340 507 403 538 qua
417 497 479 528 orti
496 499 590 536 sunt,
606 497 701 537 longa
715 506 793 537 pace
806 500 838 528 et
857 496 924 528 otio
940 497 1083 535 torpeat,
1103 493 1246 534 plerique
1268 493 1424 525 nobilium

101 545 352 576 adolescentium
370 547 486 585 petunt
502 544 587 575 ultro
604 553 659 576 eas
672 545 832 583 nationes,
847 552 920 583 quae
933 546 1002 574 tum
1018 542 1139 573 bellum
1152 540 1282 581 aliquod
1296 542 1423 580 gerunt,

99 592 176 632 quia
189 593 222 622 et
236 591 361 631 ingrata
375 592 462 630 genti
476 591 566 630 quies
576 616 584 630 ‚
600 594 632 623 et
647 591 769 622 facilius
783 591 867 622 inter
882 590 1035 630 ancipitia
1049 589 1243 626 clarescunt,
1258 595 1424 626 magnum-

99 646 164 678 que
176 638 365 669 comitatum
389 647 454 669 non
478 638 538 668 nisi
557 638 590 668 vi
611 638 762 678 belloque
778 640 901 668 tueare.
919 638 1050 676 exigunt
1066 635 1151 667 enim
1166 659 1174 674 ,
1197 634 1353 674 principis
1376 634 1425 666 sui

98 683 290 717 liberalitate
305 709 313 724 ,
335 685 427 715 illum
452 684 640 715 bellatorem
660 694 799 726 equum,
820 685 907 716 illam
923 686 1089 715 cruentam
1110 681 1341 721 victricemque
1362 680 1424 712 sra-

99 739 217 763 meam.
242 741 317 763 nam
335 732 458 772 epulae,
476 741 663 771 quanquam
682 732 859 771 incompti,
878 731 954 771 largi
974 733 1084 762 tamen
1100 731 1275 770 apparatus
1290 736 1348 768 pro
1365 729 1424 759 sti-

99 779 219 820 pendio
233 780 363 811 cedunt.
379 779 515 810 materia
529 779 762 810 munificentiae
777 788 833 818 per
851 778 933 810 bella
950 779 983 809 et
997 781 1119 817 raptus.
1133 785 1192 808 nec
1204 784 1293 807 arare
1306 778 1424 806 terram

99 829 156 858 aut
174 828 362 866 exspectare
384 825 528 856 annum²
548 828 616 857 tam
640 826 733 857 facile
755 825 971 865 persuaseris,
989 833 1087 865 quam
1107 832 1224 854 vocare
1244 824 1369 854 hostem
1394 824 1424 853 et

98 872 234 904 vulnera
247 873 373 904 mereri.
388 873 515 913 pigrum
531 873 610 912 quin
631 873 698 904 imo
718 875 749 904 et
771 873 857 904 iners
873 872 1002 904 videtur
1020 872 1137 903 sudore
1153 870 1321 911 acquirere
1337 870 1425 910 quod

99 920 204 960 possis
220 920 374 960 sanguine
391 929 515 960 parare.

139 970 204 998 XV.
219 968 353 1006 Quoties
368 967 451 997 bella
465 976 527 997 non
543 967 677 1005 ineunt,
692 976 755 997 non
774 967 912 997 multum
929 966 1099 996 venatibus
1115 966 1139 1004 ¹,
1155 966 1228 1005 plus
1245 974 1301 1005 per
1317 965 1421 996 otium

98 1014 297 1054 transigunt,
314 1014 416 1044 dediti
434 1022 549 1044 somno
565 1014 706 1054 ciboque
719 1037 727 1051 ,
747 1014 940 1045 fortissimus
957 1013 1094 1053 quisque
1109 1022 1147 1043 ac
1162 1012 1425 1043 bellicosissimus

98 1060 178 1091 nihil
192 1070 288 1099 agens
301 1085 309 1099 ,
324 1060 467 1099 delegata
479 1060 593 1091 domus
607 1064 638 1091 et
652 1062 817 1100 penatium
834 1064 866 1091 et
881 1069 1029 1099 agrorum
1047 1069 1123 1091 cura
1138 1059 1267 1091 feminis
1282 1058 1426 1089 senibus-

98 1116 163 1148 que
179 1111 210 1138 et
232 1107 450 1138 infirmissimo
467 1107 585 1147 cuique
600 1116 639 1138 ex
663 1107 797 1138 sam-ilia.
825 1107 885 1146 ipsi
913 1107 1029 1138 hebent
1051 1107 1133 1137 mira
1159 1106 1347 1137 diversitate
1367 1113 1423 1135 na-

97 1155 181 1185 turae
193 1178 201 1192 ‚
219 1163 320 1193 quum
337 1154 434 1184 iidem
452 1154 599 1185 homines
616 1153 662 1184 sic
678 1156 787 1185 ament
803 1154 954 1185 inertiam
978 1155 1010 1185 et
1029 1153 1157 1184 oderint
1176 1153 1329 1193 quietem.
1354 1155 1423 1183 Mos

98 1202 147 1232 est
166 1200 352 1232 civitatibus
370 1200 457 1231 ultro
478 1209 516 1231 ac
535 1200 658 1231 viritim
680 1201 824 1232 conferre
844 1199 1047 1241 principibus
1063 1200 1114 1230 vel
1131 1202 1355 1230 armentorum
1371 1198 1423 1230 vel

97 1246 227 1287 frugum
240 1248 326 1287 quod
339 1256 397 1287 pro
412 1247 534 1278 honore
548 1249 718 1286 acceptum
731 1248 828 1278 etiam
843 1247 1091 1278 necessitatibus
1104 1246 1268 1277 subvenit.
1284 1246 1425 1286 gaudent

97 1295 262 1334 praecipue
276 1294 488 1325 finitimarum
502 1294 648 1334 gentium
666 1294 758 1325 donis
770 1318 778 1333 ,
796 1304 870 1334 quae
883 1303 948 1325 non
969 1293 1067 1324 modo
1084 1302 1102 1324 a
1126 1293 1259 1332 singulis
1270 1316 1278 1331 ‚
1291 1293 1348 1324 sed
1365 1303 1423 1334 pu—

98 1339 182 1373 blice
199 1343 382 1378 mittuntur,
397 1341 491 1373 electi
505 1341 599 1381 equi,
611 1350 726 1381 magna
739 1350 847 1380 arma,
863 1342 1004 1382 phalerae
1020 1344 1229 1381 torquesque.
1240 1341 1308 1380 jam
1323 1343 1355 1372 et
1370 1350 1422 1382 pe-

98 1388 229 1419 cuniam
243 1388 388 1427 accipere
404 1388 585 1419 docuimus.

140 1438 219 1466 XVI.
238 1435 348 1466 Nullas
364 1437 599 1467 Germanorum
620 1435 747 1475 populis
766 1435 882 1466 urbes¹
908 1434 1046 1466 habitari
1069 1435 1145 1466 satis
1164 1437 1277 1466 notum
1295 1436 1365 1475 est;
1382 1444 1423 1468 ne

97 1481 166 1521 pati
180 1482 311 1521 quidem
328 1482 412 1513 inter
424 1492 459 1513 se
476 1482 603 1521 junctas
623 1482 727 1513 sedes.
744 1482 856 1513 colunt
869 1482 1002 1513 discreti
1019 1482 1212 1522 ac.diversi,
1231 1484 1268 1513 ut
1282 1482 1371 1520 sons,
1385 1484 1423 1513 nt

96 1537 244 1568 campus,
264 1531 299 1560 ut
316 1538 430 1560 nemus
445 1530 577 1569 placuit.
594 1529 683 1559 vicos
699 1529 818 1567 locant,
834 1539 898 1560 non
913 1530 945 1560 in
964 1534 1111 1560 nostrum
1130 1538 1253 1560 morem
1268 1531 1423 1561 connexis

97 1577 129 1605 et
150 1575 551 1607 cohaerentibus'aedificiis
567 1585 575 1606 ε
594 1584 685 1606 suam
705 1576 842 1616 quisquc
860 1576 995 1607 domum
1011 1577 1115 1616 spatio
1135 1575 1336 1614 circumdat,
1354 1577 1422 1608 sive

97 1620 252 1653 adversus
271 1632 363 1653 casus
380 1623 463 1662 ignis
481 1623 658 1654 remedium
673 1647 682 1662 ,
697 1623 764 1653 sive
782 1623 909 1653 inscitia
924 1623 1119 1653 aedificandi.
1136 1632 1175 1654 ne
1189 1626 1421 1655 caementorum

96 1668 228 1708 quidem
243 1669 327 1708 apud
342 1669 413 1700 illos
426 1672 482 1700 aut
496 1669 678 1709 tegularum
694 1679 771 1701 usus
788 1679 795 1700 ε
813 1670 949 1701 materia
961 1669 1003 1700 ad
1015 1670 1125 1700 omnia
1140 1672 1278 1701 utuntur
1292 1670 1421 1701 informi

96 1715 129 1746 et
155 1714 235 1746 citra
248 1715 258 1732 ²
286 1716 426 1754 speciem
446 1718 503 1746 aut
529 1716 786 1748 delectationem.
811 1717 960 1757 quaedam
988 1716 1059 1748 loca
1084 1717 1271 1756 diligentius
1292 1717 1421 1748 illinunt

95 1760 182 1792 terra
199 1762 244 1792 ita
259 1771 339 1802 pura
353 1771 390 1793 ac
406 1762 606 1802 splendente,
621 1766 657 1794 ut
673 1764 831 1803 picturam
845 1773 883 1794 ac
895 1764 1092 1795 lineamenta
1103 1764 1248 1794 colorum
1264 1764 1419 1796 imitetur.

95 1809 200 1839 solent
213 1811 245 1839 et
258 1809 486 1840 subterraneos
503 1818 619 1849 specus
636 1810 758 1849 aperire
775 1820 896 1850 eosque
913 1809 1016 1841 multo
1029 1810 1160 1850 insuper
1174 1811 1249 1841 limo
1263 1814 1418 1849 onerant,

95 1855 273 1895 suffugium
292 1855 392 1887 hiemi
413 1859 447 1888 et
465 1856 702 1896 receptaculum
721 1857 866 1897 frugibus
884 1866 892 1887 :
910 1857 990 1898 quia
1008 1857 1148 1896 rigorem
1165 1857 1318 1897 frigorum
1336 1859 1420 1898 ejus·

122 1961 190 1985 ΣΝ.
205 1967 224 1986 ι.
236 1962 392 1991 Exemplum
406 1962 493 1985 refert
509 1962 667 1986 Ammianus
680 1962 852 1986 Marcellinus
863 1963 935 1988 XVI.
953 1967 997 1986 ¹⁴2:
1014 1962 1134 1987 Comites
1143 1963 1346 1993 Chrodomarii,
1359 1965 1418 1989 Ale-

94 2002 255 2020 mannorum
274 1997 360 2026 regis,
376 1996 492 2020 ducenti
506 2003 625 2021 numero
642 1999 669 2021 et
685 2000 742 2021 tres
755 1998 1025 2027 amicijnnctissimi
1038 1998 1186 2027 flaqitium
1200 1998 1340 2023 arbitrati
1356 2002 1420 2029 post

93 2035 186 2060 reqem
202 2031 295 2055 vivere
313 2032 357 2055 vel
369 2037 422 2061 pro
435 2038 500 2061 reqe
514 2037 570 2056 ηοη
583 2032 667 2061 mori,
679 2033 703 2056 si
717 2034 758 2056 ita
773 2033 874 2056 tulerit
887 2039 957 2060 sors,
971 2033 1120 2057 tradidere
1132 2039 1161 2057 se
1173 2033 1345 2058 vinciendos.
1356 2048 1382 2052 ——
1395 2041 1416 2059 ει.

91 2066 166 2092 conf.
182 2066 215 2090 ad
232 2066 327 2096 Aqric.
343 2073 366 2090 c.
381 2072 417 2090 si.

122 2102 178 2126 XV.
194 2107 215 2125 i.
229 2102 274 2125 llis
288 2102 378 2126 verbis
393 2103 531 2132 corrigere
544 2102 662 2126 voluisse
682 2103 789 2127 videtur
801 2103 909 2127 Tacitus
922 2103 994 2133 quod
1011 2103 1098 2127 Caesar
1117 2103 1222 2128 dixerat
1238 2105 1365 2135 nimium,
1383 2107 1414 2131 15.

94 2136 168 2160 Gall.
181 2137 223 2164 Vl,
235 2142 281 2161 21:
306 2137 376 2161 Vita
389 2137 479 2161 omnis
502 2138 712 2162 Germanorum
730 2139 757 2162 in
779 2139 927 2162 venatione
944 2139 1028 2168 atque
1042 2139 1072 2162 in
1091 2139 1196 2163 studiis
1218 2141 1262 2163 rei
1278 2141 1417 2167 militaris

91 2171 228 2195 consistit.

121 2205 188 2229 XVI.
204 2212 221 2229 i.
236 2207 365 2231 Nimirum
379 2209 463 2231 muris
478 2208 658 2231 circumdatas
676 2209 703 2231 et
720 2208 894 2232 aedificiorum
917 2210 1015 2233 ornatu
1027 2209 1154 2238 insignes.
1177 2210 1331 2234 Ammianus
1345 2212 1416 2235 Mar-

91 2239 205 2263 cellinus
218 2242 297 2265 etiam
312 2243 345 2266 de
357 2243 398 2266 sui
409 2243 538 2272 temporis
552 2243 692 2266 Germanis
704 2243 782 2270 (xw,
796 2244 836 2270 2):
851 2243 915 2272 Ipsa
929 2244 1043 2273 oppida,
1059 2247 1092 2268 ut
1103 2245 1289 2268 circumdata
1308 2246 1416 2270 retibus

92 2275 196 2302 lustra,
209 2276 362 2301 declinant.
376 2278 469 2306 Neque
480 2278 506 2301 in
519 2277 595 2301 bellis
609 2279 703 2301 contra
716 2279 863 2301 Germanos
877 2278 982 2302 urbium
996 2281 1220 2308 oppugnatarum,
1233 2280 1415 2309 obsessarum,

92 2310 232 2338 captarum
247 2310 276 2334 fit
296 2313 406 2336 mentio.
420 2313 546 2336 Tencteri
563 2313 646 2340 (Hist.
662 2314 702 2339 lv,
717 2316 755 2336 3⁴3
776 2314 1018 2342 Agrippinensibus
1032 2314 1126 2338 urbem
1140 2314 1325 2339 habitantibus
1340 2316 1414 2339 dixe-

90 2346 155 2367 runt-
167 2350 173 2366 :
186 2346 273 2369 etiam
280 2346 350 2374 sera
361 2347 510 2376 animalia,
521 2348 545 2372 si
558 2348 659 2372 clausa
671 2349 772 2378 teneas,
786 2349 903 2373 virtutis
914 2348 1185 2373 obliviscuntur.—2.
1200 2350 1255 2374 Vid.
1270 2351 1302 2374 ad
1318 2352 1412 2381 ,Δανάῃ

91 2384 136 2404 αι
155 2396 161 2407 ,
172 2381 228 2403 not.
242 2385 265 2404 ες.
