1539 2668
472 169 509 198 A.
533 169 573 199 U.
597 169 635 199 C.
660 169 731 198 782.
756 170 792 197 A.
818 169 854 198 C.
879 168 931 198 29.
1339 167 1399 197 123

80 248 233 288 Augustae
242 244 407 283 floruerat,
426 246 521 283 aptus
541 243 719 274 alliciendis
738 243 928 274 feminarum
942 241 1069 279 animis,
1089 241 1184 273 dicax
1208 242 1293 273 idem
1309 244 1342 275 et
1357 242 1410 274 Ti-

79 294 209 329 berium
223 291 346 325 acerbis
364 291 488 322 facetiis
506 290 639 322 irridere
654 290 789 329 solitus,
806 298 945 330 quarum
959 289 1046 330 apud
1060 290 1277 330 praepotentes
1291 289 1323 320 in
1335 289 1408 321 lon-

79 350 157 384 gum
175 340 332 373 memoria
346 341 406 370 est.

123 392 180 422 111.
205 391 352 420 ceterum
366 394 404 416 ex
420 394 458 416 eo
474 393 519 425 pr·
514 385 659 425 i¹erupta
674 384 743 423 jam
761 386 792 416 et
813 394 928 425 urgens
948 383 1138 415 dominatio.
1160 392 1235 414 nam
1251 382 1410 414 incolumi

79 437 225 477 Augusta
239 436 309 466 erat
329 433 435 464 adhuc
459 433 641 472 perfugium
655 456 665 471 ,
688 433 764 472 quia
788 433 915 463 Tiberio
931 432 1148 464 inveteratum
1175 439 1248 470 erga
1275 432 1411 462 matrem

79 482 291 523 obsequium,
309 488 412 519 neque.
425 480 556 519 Sejanus
569 480 707 511 audebat
723 480 908 511 auctoritati
924 481 1067 519 parentis
1080 478 1211 510 anteire
1230 481 1308 508 tunc
1322 476 1413 508 velut

79 530 180 562 frenis
193 527 332 560 exsoluti
349 529 576 567 proruperunt,
592 527 768 567 missaeque
784 528 814 558 in
830 527 1036 567 Agrippinam
1052 535 1090 557 ac
1105 530 1263 557 Neronem
1279 525 1410 563 litterae,

80 586 161 618 quas
174 575 298 617 pridem
313 574 425 605 allatas
442 576 474 604 et
491 573 652 606 cohibitas
677 575 717 605 ab
734 578 878 614 Augusta
907 574 1043 605 credidit
1058 574 1198 613 vulgus3
1222 571 1309 604 haud
1324 570 1412 603 enim

78 623 218 656 multum
242 623 317 662 post
337 623 474 652 mortem
498 620 567 659 eius
591 622 734 653 recitatae
751 623 838 652 sunt.
866 621 963 652 verba
989 622 1112 652 inerant
1131 598 1266 661 qua’esita
1288 616 1412 659 asperi·

77 671 169 704 tate·
182 669 240 702 sed
255 678 320 700 non
334 677 446 706 arma,
461 677 526 698 non
543 677 650 699 rerum
670 678 829 700 novarum
850 669 1016 708 studium,
1039 670 1281 708 tur-pissimum
1303 668 1413 706 impu·

79 718 237 752 dicitiam
252 716 362 755 nepoti
384 715 576 755 objectabat.
602 716 635 746 in
659 725 778 746 nurum
803 725 843 746 ne
869 715 900 746 id
922 716 1052 755 quidem
1079 716 1260 753 confingere
1287 721 1408 752 ausus,

80 765 321 804 arroqantmm
344 765 414 793 oris
437 764 471 793 et
493 765 730 794 contumacem
755 765 911 794 animum
929 763 1113 803 incusavit,
1140 771 1256 802 magno
1281 763 1413 793 senatus

79 820 200 853 pavore
221 819 258 841 ac
274 810 420 849 silentio,
438 810 540 841 donec
565 811 677 850 pauci,
697 813 770 850 quis
788 811 876 841 nulla
900 819 940 841 ex
964 810 1100 840 honesto
1125 819 1198 850 spes
1215 812 1263 846 (et
1282 807 1412 849 publiea

78 859 165 892 mala
191 857 326 896 singulis
353 857 388 887 in
408 857 610 888 occasionem
636 859 746 896 gratiae
764 857 975 894 trabuntur),
1000 860 1040 888 ut
1055 857 1249 896 referretur
1270 853 1414 895 postula-

77 914 167 945 vere,
184 904 429 945 promptissimo
443 903 454 921 ²
475 905 569 935 Cotta
588 905 778 943 Messalino,
797 913 871 935 curn
890 904 991 934 atroci
1015 905 1174 935 sententia
1187 903 1212 935 ³.
1238 903 1293 934 sed
1308 902 1380 933 aliis
1395 909 1414 931 a

78 952 276 994 primoribus
298 952 504 992 maximeque
521 961 539 983 a
562 952 806 991 magistratibus
822 951 1044 992 trepidabatur
1068 961 1077 982 :
1097 953 1215 992 quippe
1240 950 1388 982 Tiberius
1403 973 1413 987 ,

79 1000 141 1032 etsi
154 999 279 1031 infense
293 999 453 1036 invectus,
469 1001 576 1030 cetera
592 1000 743 1036 ambigua
760 1000 943 1039 reliquerat.

120 1050 174 1078 IV.
192 1046 265 1078 Fuit
279 1046 312 1077 in
327 1049 440 1077 senatu
452 1047 570 1077 Junius
585 1047 753 1085 Rusticus,
770 1047 1003 1087 componendis
1020 1048 1151 1078 Patruin
1166 1045 1258 1076 actis'
1271 1044 1415 1075 delectus

79 1101 99 1124 a
113 1097 250 1132 Caesare,
267 1102 370 1133 eoque
385 1093 608 1125 meditationes
623 1094 694 1133 ejas
718 1095 927 1134 introspicere
944 1093 1098 1125 creditus.
1116 1094 1143 1124 is
1165 1093 1253 1124 fatali
1271 1091 1413 1132 quodam

78 1141 170 1171 motu
195 1140 313 1180 (neque
332 1140 419 1170 enim
437 1141 511 1171 ante
527 1141 692 1180 specimen
709 1141 899 1172 constantim*v
924 1140 1089 1180 dederat),
1106 1149 1163 1171 seu
1184 1148 1284 1180 prava
1301 1139 1415 1169 soller-

78 1187 141 1226 tia,
165 1186 244 1218 dum
264 1186 506 1217 imminentium
523 1187 644 1217 oblitus
661 1187 786 1218 incerta
813 1188 927 1226 pavet,
946 1187 1086 1218 inserere
1109 1196 1143 1219 se
1168 1185 1413 1223 dubitantibus,

79 1242 117 1265 ac
130 1242 260 1264 monere
274 1233 425 1264 consules
451 1242 493 1264 ne
517 1234 717 1265 relationem
740 1236 952 1274 incipet-enm
983 1234 1228 1273 disserebatque
1252 1232 1414 1264 brevibus

79 1282 259 1312 momentis
275 1289 411 1312 summa
426 1282 512 1311 verti
528 1289 635 1320 posse,
655 1280 860 1321 quandoque
879 1282 1073 1312 Germanici
1092 1283 1237 1312 exitium
1251 1281 1415 1320 poem‘ten-

81 1329 141 1358 11·oe
165 1326 370 1358 sent².simul
381 1327 529 1366 populus,
545 1327 855 1367 effigiesAgi-ippinae
869 1336 906 1357 ac
920 1328 1057 1359 Neronis
1067 1326 1414 1367 gerens‚circumsistit

79 1374 215 1412 curiam,
233 1374 422 1412 infestisque
439 1373 471 1403 in
489 1377 646 1404 Caesarem
662 1374 957 1412 oiniuibusfalsas
976 1375 1118 1406 litteras
1136 1377 1169 1406 et
1188 1376 1349 1413 Principe
1366 1374 1413 1403 in·

78 1422 148 1451 vito
163 1422 313 1452 ezitium
328 1420 445 1451 domui
462 1421 535 1460 ejus
554 1421 684 1452 intendi
709 1421 864 1452 clamitat.
882 1421 926 1451 ita
944 1421 1022 1452 nibil
1043 1422 1135 1452 triste
1154 1421 1207 1452 illo
1229 1421 1281 1451 die
1302 1422 1413 1460 patra-

77 1470 160 1498 tum.
180 1467 363 1499 serebantur
377 1467 473 1498 etiam
490 1467 550 1498 sub
567 1468 753 1499 nominibus
780 1468 998 1499 consularium
1015 1468 1100 1499 fictae
1118 1469 1151 1499 in
1174 1469 1323 1508 sejanum
1341 1475 1413 1498 sen-

78 1514 190 1546 tentiae
201 1538 211 1554 ,
228 1514 454 1546 exercentibus
470 1515 631 1555 plerisque
652 1524 708 1555 per
723 1515 888 1546 occultum
902 1539 909 1553 ,
928 1517 1026 1555 atque
1041 1524 1080 1547 eo
1096 1514 1283 1555 procacius,
1303 1514 1412 1545 libidi-

78 1569 153 1592 nem
167 1561 380 1601 ingeniorum.
399 1561 485 1592 unde
502 1561 548 1593 illi
567 1562 613 1593 ira
636 1562 809 1593 violentior
833 1564 864 1593 et
883 1563 1033 1594 materies
1053 1562 1246 1593 criminandi
1267 1571 1274 1592 ε
1298 1574 1313 1588 «ι
1329 1570 1415 1601 spre-

80 1620 98 1635 n
113 1609 183 1640 tum
201 1609 345 1640 dolorem
368 1608 525 1649 Principis
553 1609 593 1640 ab
618 1612 751 1648 senatu,
779 1609 953 1640 descivisse
974 1610 1152 1650 populuum
1171 1609 1274 1640 audiri
1298 1610 1364 1649 jam
1383 1611 1415 1639 et

82 1667 99 1683 «ι
115 1655 175 1695 legi
200 1665 301 1686 novas
316 1655 327 1674 ³
347 1656 520 1687 conciones
534 1681 543 1695 ,
567 1665 652 1687 nova
671 1660 802 1688 Patrum
830 1656 999 1695 consulta;
1018 1657 1094 1697 quid
1117 1657 1277 1696 reliquum
1299 1656 1360 1687 nisi
1379 1657 1414 1687 ut

80 1714 98 1730 ε(
115 1705 267 1743 caperent
282 1703 403 1734 serrum
419 1706 450 1734 et
463 1728 471 1742 ‚
488 1713 627 1743 quorum
644 1704 800 1743 imagines
817 1713 875 1744 pro
893 1704 1019 1735 vexillis
1043 1704 1145 1736 secuti
1165 1698 1294 1742 forent,
1315 1703 1415 1734 duces

80 1762 96 1777 «
115 1750 391 1791 imperatoresque
405 1750 599 1791 deligerent?
613 1764 628 1778 υ

120 1800 159 1828 V.
183 1797 284 1837 Igitur
300 1801 418 1837 Caesar,
445 1799 592 1838 repetitis
608 1798 781 1829 adversum
798 1801 948 1839 nepotem
967 1799 999 1830 et
1016 1806 1135 1829 nurum
1153 1797 1293 1838 probris,
1305 1797 1412 1829 incre-

77 1843 210 1884 pitaque
221 1852 278 1884 per
294 1845 436 1875 edictum
450 1845 555 1885 plebe,
573 1848 708 1885 questus
725 1845 812 1885 apud
823 1848 933 1877 Patres
947 1845 1180 1886 quodfraude
1195 1847 1301 1876 unius
1313 1853 1413 1875 sena-

78 1891 163 1922 toris
180 1892 403 1930 imperatoria
419 1892 587 1930 majestas
603 1892 703 1922 elusa
724 1892 865 1931 publice
874 1892 975 1931 foret
989 1916 999 1930 ‚
1022 1894 1161 1932 inteqra
1178 1894 1292 1923 tamen
1319 1891 1385 1922 sibi
1400 1890 1407 1907 ¹

79 1938 206 1969 cuncta
219 1937 405 1978 postulavit.
422 1946 483 1969 nec
498 1938 583 1968 ultra
596 1937 824 1978 deliberatum,
839 1939 1016 1978 quominus
1034 1947 1099 1968 non
1116 1938 1248 1978 quidem
1265 1939 1411 1968 extrema

79 1983 289 2015 decernerent
306 1984 350 2024 (id
367 1984 453 2016 enim
469 1984 639 2026 vetitum),
659 1984 737 2016 sed²
750 1988 900 2026 paratos
919 1985 967 2017 ad
986 1986 1154 2017 ultionem
1173 1987 1204 2016 υἱ
1234 1986 1412 2025 Principis

77 2031 239 2072 impediri
252 2033 461 2064 testarentur.

118 2081 172 2110 VI.
194 2078 250 2096 ***
266 2078 274 2096 ¹
293 2081 455 2119 Quattuor
468 2080 502 2111 et
516 2078 729 2120 quadraginta
742 2080 904 2112 orationes
916 2088 1011 2120 super
1027 2088 1064 2112 ea
1080 2088 1115 2112 re
1127 2079 1256 2111 habitae.
1279 2088 1320 2111 ex
1335 2080 1410 2120 quis

108 2176 154 2202 m.
166 2181 188 2200 ι
197 2177 335 2208 Praeceps,
352 2172 519 2214 ἀπότομος
531 2184 592 2203 —2.
607 2180 649 2204 Sc.
663 2180 698 2204 ad
717 2179 907 2209 postulandam
920 2179 1091 2205 relationem.
1104 2185 1167 2204 —s.
1181 2180 1268 2210 Quam
1283 2178 1408 2210 postula-

79 2210 154 2238 tio'ni
161 2216 216 2236 suae
227 2212 374 2237 addebant.

108 2251 152 2275 lv.
169 2254 191 2274 ι.
202 2249 279 2274 Conf.
293 2250 327 2274 ad
341 2250 390 2278 111,
407 2257 429 2275 5.
446 2252 500 2277 Sed
512 2254 617 2277 secreta
630 2253 802 2277 habebantur
817 2252 851 2276 ab
869 2254 992 2283 Augusto
1007 2254 1034 2277 et
1046 2252 1165 2283 Tiberio,
1180 2254 1226 2282 qui
1242 2253 1354 2283 insuper
1372 2252 1410 2276 si-

80 2285 229 2317 gnificabat
242 2289 416 2316 componenti
428 2294 487 2318 quae
497 2289 581 2313 vellet
594 2289 657 2313 addi
670 2291 717 2313 aut
730 2289 827 2313 omitti.
838 2302 867 2306 -e
877 2294 898 2313 ε.
909 2289 992 2314 Simul
1003 2292 1088 2320 atque
1096 2289 1234 2314 leerium
1247 2289 1408 2320 poenitentia

79 2321 186 2350 ceperit
197 2321 323 2345 interitus
335 2323 442 2347 familiae
453 2323 615 2347 Germanici.
628 2330 688 2348 —5.
699 2325 741 2348 Ad
753 2330 799 2349 res
813 2330 899 2349 novas
915 2326 1071 2354 spectantes
1079 2344 1086 2355 ,
1096 2325 1249 2349 seditiosas.

109 2356 142 2380 V.
156 2361 178 2381 ι.
193 2356 278 2381 Unice
289 2357 323 2381 ad
336 2358 420 2387 ipsius
433 2358 575 2383 arbitrium
592 2359 687 2383 relata.
697 2373 726 2377 —
736 2365 758 2383 2.
770 2361 814 2384 Sc.
831 2360 873 2384 ut.

108 2391 154 2416 vt.
173 2396 196 2415 ι.
213 2391 378 2417 Exciderunt
390 2393 434 2418 hic
447 2396 524 2423 gesta
538 2400 622 2424 usque
636 2395 671 2418 ad
685 2395 766 2419 finem
783 2395 864 2424 hujus
877 2395 941 2420 anni
953 2401 1006 2423 782,
1020 2397 1097 2426 gesta
1110 2396 1174 2420 anni
1193 2401 1245 2424 783,
1262 2396 1291 2419 et
1310 2395 1407 2419 decem

79 2428 127 2458 ⁴vel
137 2429 266 2456 undecim
272 2431 406 2457 mensium
417 2432 480 2457 anni
489 2436 542 2458 ⁷⁸4.
552 2432 648 2464 Neque
658 2435 768 2459 constat
778 2434 812 2459 ad
823 2439 968 2464 quemnam
979 2434 1123 2460 referenda
1136 2435 1191 2460 sint
1201 2433 1317 2460 frustula
1327 2432 1410 2463 hujus
