1539 2668
117 169 174 200 182
510 167 642 195 TACITI
665 167 873 194 ANNALIUM
896 167 970 194 Lm.
995 167 1061 195 XII.

113 242 185 272 t'um
202 249 376 281 erumpens
388 239 415 280 ²,
433 241 465 272 et
479 240 618 280 obliquis
630 240 740 271 subter
755 240 857 272 undas
872 240 959 272 saxis
975 239 1127 271 exterrita
1138 264 1147 279 ‚
1160 240 1279 271 omisso
1294 240 1443 274 alterius³

113 287 230 319 littoris
247 287 330 319 flexu
346 313 354 328 ‚
377 287 436 318 hos
451 288 491 318 ad
509 290 622 328 portus
637 288 790 319 defertur.
811 288 895 319 unde
914 289 1018 328 primo
1034 287 1208 327 quaestuosi
1224 289 1256 320 et
1274 289 1441 328 opulenti;

112 336 185 375 post
202 335 421 375 magnitudine
437 343 571 366 onerum
590 339 741 374 urgente,
760 335 869 375 finem
883 337 946 366 aut
963 335 1102 366 'modum
1115 334 1260 373 orabant,
1278 336 1443 368 annitente

110 382 277 422 Principe,
297 382 353 422 qui
375 382 519 413 Thracio
536 385 802 423 Bosporanoque
816 383 904 414 bello
919 381 929 400 ⁴
950 390 1067 414 recens
1077 381 1189 421 fessos
1197 382 1443 424 juvandosque

111 429 234 460 retulit.
251 429 294 459 ita
312 429 433 460 tributa
449 428 480 459 in
499 430 759 468 quinquennium
777 430 921 461 remissa.

153 479 257 507 LXIV.
279 480 319 506 M.
336 475 463 514 Asinio,
478 476 531 506 Μ’.
549 476 650 507 Acilio
667 477 757 508 Coss.
777 477 783 494 ¹
803 476 1014 508 mutationem
1035 485 1142 508 rerum
1159 476 1192 507 in
1214 476 1354 508 deterius
1369 485 1442 516 por-

108 523 199 555 tendi
216 524 380 562 cognitum
395 525 443 553 est
460 523 580 554 crebris
596 524 760 563 prodigiis.
779 524 869 563 signa
885 533 922 555 ac
938 524 1073 555 tentoria
1085 524 1223 555 militum
1235 525 1307 564 igne
1321 523 1443 555 caelesti

109 578 238 600 arsere:
255 570 382 609 fastigio
393 570 540 610 Capitolii
556 579 691 602 examen
705 571 812 611 apium
828 571 959 602 insedit:
974 571 1124 602 biformes
1135 571 1301 602 hominum
1317 571 1441 611 partus,

106 616 141 647 et
154 617 223 647 suis
247 617 346 647 l'etum
362 617 487 648 editum
502 618 552 648 cui
573 617 763 658 accipitrum
783 627 904 658 ungues
931 618 1082 649 inessent.
1104 618 1333 649 numerabatur
1357 618 1442 649 inter

106 664 234 694 ostenta
263 664 451 695 deminutus
474 665 620 696 omnium
649 665 896 705 magistratuum
925 674 1078 696 numerus
1090 690 1098 704 ,
1119 667 1300 705 quaestore,
1330 665 1416 696 aedili
1428 689 1439 706 ,

107 710 241 753 tribuno
258 719 295 741 ac
309 713 446 751 praetore
459 714 492 743 et
504 712 638 743 consule
652 721 772 752 paucos
788 713 871 743 intra
884 721 1010 743 menses
1024 712 1193 743 defunctis.
1210 712 1268 743 Sed
1283 712 1315 742 in
1330 712 1440 752 pracci-

107 765 172 797 puo
187 766 304 797 pavore
319 758 491 798 Agrippina
503 783 511 798 ‚
529 767 643 790 vocem
662 759 809 798 Claudii,
828 768 926 799 quam
946 759 1144 790 temulentus
1169 758 1439 797 Jecerat,satale

102 804 171 835 sibi
194 806 234 835 snt
251 805 434 845 conjzcyum
443 805 587 845 flaqz’lia
598 807 728 846 ferret,
743 806 820 838 dein
835 808 989 846 puniret,
1015 808 1178 844 metuens,
1199 814 1289 845 agere
1311 807 1343 837 et
1362 806 1441 837 cele-

107 859 179 882 rare
199 852 330 890 statuit,
348 852 472 892 perdita
490 853 577 892 prius
594 854 733 884 Domitia
759 853 893 893 Lepida,
922 853 1133 884 muliebribus
1152 853 1275 892 causis,
1292 852 1368 892 quia
1384 857 1438 884 Le·

107 897 179 938 pida
192 922 199 935 ,
217 898 340 929 minore
358 900 492 930 Antonia
507 900 628 940 genita,
641 902 801 932 avunculo
819 902 972 940 Augusto,
985 900 1165 941 Agrippinae
1180 900 1309 931 sobrina
1322 899 1425 940 prior²

106 953 144 975 ac
154 946 246 977 Gnaei
260 970 268 985 ,
284 947 391 977 mariti
407 947 475 986 ejus
488 972 496 985 ‚
511 956 613 986 soror,
631 957 739 988 parem
753 949 813 979 sibi
829 948 1056 979 claritudinem
1077 947 1237 979 credebat.
1252 956 1309 978 uec
1322 947 1437 987 forma,

101 992 198 1031 aetas,
213 1001 291 1032 opes
306 993 444 1023 multum
463 994 645 1034 ‹listabant3
658 997 689 1026 et
703 995 1026 1035 utraqueimpudica,
1040 994 1175 1032 infamis,
1189 994 1341 1034 violenta,
1353 994 1439 1026 baud

106 1038 213 1069 minus
233 1040 322 1070 vitiis
342 1040 581 1072 aemulabantur
595 1050 692 1081 quam
708 1042 735 1072 si
753 1051 817 1081 qua
841 1051 881 1072 ex
909 1042 1039 1072 fortuna
1061 1050 1213 1081 prospera
1233 1043 1435 1081 acceperant.

99 1085 269 1116 enimvero
295 1088 457 1117 certamen
480 1087 672 1118 acerrimum
683 1112 690 1122 ,
722 1091 820 1119 amita
846 1089 954 1128 potius
978 1098 1017 1119 an
1043 1090 1144 1120 mater
1166 1088 1251 1127 apud
1279 1092 1437 1120 Neronem

104 1133 292 1170 praevaleret
308 1144 315 1163 :
332 1142 405 1164 nam
424 1134 541 1173 Lepida
558 1134 785 1165 blandimentis
802 1136 834 1165 et
860 1135 1080 1173 largitionibus
1097 1135 1273 1174 juvenilem
1292 1135 1438 1167 animum

102 1178 322 1218 devinciehat,
339 1181 420 1212 truci
440 1184 553 1212 contra
570 1190 607 1212 ac
625 1182 743 1212 minaci
761 1178 934 1222 Agrippina
947 1207 955 1220 ‚
970 1191 1044 1222 quac
1057 1182 1121 1212 tilio
1137 1181 1213 1213 dare
1226 1182 1397 1221 imperium
1409 1181 1438 1223 ³,

102 1226 238 1257 tolerare
254 1227 493 1267 imperitantem
509 1228 674 1268 nequibat.

143 1276 232 1303 LXV.
254 1277 403 1305 Ceterum
433 1274 559 1313 obJecta
585 1277 661 1306 sunt
691 1275 782 1315 quod
805 1276 983 1315 conflassem
1006 1277 1178 1315 Principis
1206 1275 1439 1307 devotionibus

98 1321 275 1358 petivisset
294 1321 318 1360 ¹,
337 1321 494 1362 quodque
505 1331 637 1361 parum
657 1324 811 1353 coercitis
823 1331 889 1362 per
913 1322 1114 1354 Calabriam
1129 1331 1307 1354 servorum
1326 1323 1436 1362 aymi-

99 1366 200 1397 m‘bus
216 1376 338 1407 pacem
354 1369 471 1399 Italia?
488 1369 658 1400 turbaret.
678 1369 726 1400 Ob
746 1369 815 1399 liaeo
835 1378 920 1400 mors
933 1369 1053 1400 indicta
1065 1394 1074 1408 ,
1092 1369 1230 1400 multum
1245 1369 1433 1400 adversante

100 1414 246 1445 Narcisso
261 1438 269 1452 ,
289 1415 344 1454 qui
364 1415 573 1455 Agrippinam
598 1416 697 1454 magis
720 1416 885 1456 mas->isque
901 1417 1090 1456 suspectans
1104 1440 1112 1455 ,
1139 1415 1334 1455 prompsisse
1352 1415 1437 1446 inter

98 1460 264 1499 proximos
278 1462 452 1501 ferebatur,
480 1475 495 1489 «
511 1466 633 1493 certam
658 1463 717 1493 sibi
737 1464 931 1502 perniciem,
948 1471 1002 1493 seu
1022 1462 1224 1493 Britannicus
1248 1471 1354 1493 rerum
1377 1470 1434 1493 seu

100 1518 116 1533 π
134 1511 218 1539 Nero
232 1510 408 1548 poteretur.
425 1518 539 1540 verum
554 1510 598 1540 ita
613 1510 652 1541 dc
669 1519 702 1541 se
725 1511 877 1541 meritum
896 1514 1053 1541 Caesarem
1066 1533 1074 1547 ‚
1099 1511 1134 1541 ut
1150 1509 1250 1540 vitam
1271 1509 1345 1540 usui
1364 1509 1434 1549 ejus

99 1566 116 1581 «ι
134 1553 344 1594 impenderet.
360 1556 561 1587 convictam2
583 1557 785 1588 Messalinam
797 1561 828 1588 et
844 1558 965 1588 Silium.
989 1566 1081 1597 pares
1104 1556 1218 1587 iterum
1235 1555 1407 1587 accusandi
1419 1554 1432 1572 ³

93 1605 117 1627 ἰ(
135 1609 247 1633 causas
268 1611 335 1633 esse
351 1612 358 1633 :
381 1612 529 1635 novercae
552 1604 677 1635 insidiis
699 1604 831 1635 domum
857 1613 986 1635 omnem
1003 1604 1160 1642 convelli,
1179 1604 1298 1643 majore
1316 1603 1434 1643 flagitio

102 1661 117 1674 «ι
136 1657 232 1688 quam
248 1650 274 1680 si
291 1650 529 1689 impudicitiam
546 1651 662 1691 prioris
678 1651 824 1690 conjugis
838 1651 1036 1682 retinuisset.
1053 1660 1249 1690 quamquam
1267 1659 1307 1681 ne
1324 1650 1433 1690 impu-

92 1692 115 1721 ἰ(
134 1694 276 1727 dicitiam
292 1697 422 1737 quidem
434 1706 520 1728 nunc
531 1697 640 1729 abesse
651 1722 659 1737 ‚
678 1698 820 1729 Pallante
840 1698 1000 1737 adultero,
1013 1707 1052 1729 ne
1066 1699 1139 1738 quis
1153 1697 1306 1735 ambigat,
1321 1696 1430 1737 decus,

99 1754 115 1767 α
135 1742 291 1781 pudorem
305 1768 312 1783 ‚
330 1746 447 1775 cuncta
463 1753 560 1784 regno
575 1744 687 1775 viliora
706 1745 822 1775 babere
838 1744 862 1776 ²¹.
878 1757 893 1772 »
914 1749 988 1776 Haec
1004 1749 1100 1786 atque
1112 1745 1188 1776 talia
1204 1744 1355 1775 dictitans
1367 1753 1433 1775 am-

96 1788 192 1828 plecti
208 1789 441 1830 Britannicum‚
468 1792 575 1822 robur
589 1793 707 1823 oetate's
724 1801 829 1832 quam
845 1794 1099 1823 maturrimum
1119 1792 1254 1832 precari,
1269 1791 1365 1822 modo
1391 1791 1431 1822 ad

95 1835 174 1867 deos
187 1860 195 1875 ‚
216 1837 314 1867 modo
331 1837 372 1868 ad
386 1838 492 1877 ipsum
510 1838 642 1870 tendere
661 1847 775 1869 manus
789 1864 796 1878 ,
814 1839 1033 1877 adolesceret,
1053 1841 1171 1879 patris
1195 1840 1350 1870 inimicos
1374 1838 1431 1870 de-

95 1883 256 1924 pelleret,
278 1887 402 1916 matris
417 1887 521 1917 etiam
537 1886 776 1924 interfectores
791 1887 1028 1918 ulcisceretur.

138 1932 240 1962 LXVI.
257 1935 293 1962 In
309 1933 398 1963 tanta
414 1932 499 1964 mole
515 1941 665 1964 curarum
682 1934 865 1965 valetudine
887 1934 1022 1965 adversa
1040 1933 1212 1974 corripitur
1230 1934 1255 1974 ¹,
1281 1932 1430 1965 refoven-

132 2040 154 2057 2.
165 2034 252 2058 Ponto
264 2035 425 2059 catervatim
438 2036 590 2065 egrediens,
601 2037 720 2065 utsupra
732 2037 750 2065 Ι,
759 2042 787 2060 zo
795 2038 822 2060 et
836 2036 899 2060 alibi
910 2036 1007 2066 eyredz·
1020 2038 1060 2060 est
1071 2042 1131 2060 cum
1146 2036 1309 2060 accusativo.
1320 2035 1427 2061 Thunni

93 2070 122 2093 et
136 2068 294 2099 pelamydes
307 2071 440 2099 stupenda
460 2072 539 2100 copia
551 2077 615 2095 vere
629 2071 656 2095 in
670 2073 783 2096 Pontum
798 2073 1010 2101 congregantur,
1026 2071 1123 2095 deinde
1137 2071 1206 2094 benc
1223 2071 1270 2094 alti
1288 2071 1315 2094 iu
1328 2068 1427 2100 palude

94 2105 219 2128 Maeotide
240 2107 371 2129 autumno
382 2108 483 2130 exeunt
495 2109 522 2131 et
535 2108 726 2136 capiuntur.-—
738 2113 759 2130 5.
775 2107 897 2131 Asiatici.
912 2108 1037 2130 Ceterum
1049 2107 1093 2130 illa
1104 2108 1180 2130 tanta
1195 2107 1337 2130 diversitas
1354 2105 1425 2130 litto—

93 2145 153 2163 rum
171 2141 199 2163 in
219 2143 357 2169 proventu
371 2142 476 2171 piscino
490 2142 572 2166 hodie
582 2148 637 2166 non
648 2143 779 2167 cernitur.
792 2147 853 2166 -4,
868 2143 907 2166 De
920 2142 961 2166 his
973 2142 1050 2166 bellis
1061 2148 1086 2165 v.
1095 2142 1136 2172 lv,
1148 2147 1176 2166 ac
1189 2148 1256 2171 sqq.;
1271 2141 1351 2170 hujus
1363 2140 1425 2166 libri

93 2178 117 2197 c.
135 2179 210 2198 nxz-21.

124 2210 212 2233 LXIV.
229 2216 248 2234 ι.
266 2212 295 2235 Α.
310 2212 338 2235 U.
355 2218 406 2240 307,
422 2219 446 2241 p.
464 2213 525 2237 chr.
542 2218 579 2236 5⁴.
593 2226 624 2230 —
636 2218 658 2237 2.
679 2213 806 2242 Proprior
826 2214 963 2242 Augusto:
977 2218 1039 2237 nam
1062 2212 1161 2242 Lepida
1182 2213 1242 2236 erat
1260 2218 1294 2236 ex
1307 2211 1423 2236 Octavia

93 2243 200 2271 (sorore
212 2246 372 2275 Augustijet
386 2249 474 2271 matre
488 2248 605 2272 Antonia
623 2249 727 2272 minore
740 2255 747 2277 ;
763 2248 909 2278 Agrippina
924 2254 955 2271 ex
970 2248 1093 2276 Octavia,
1106 2248 1207 2277 maj0re
1221 2247 1339 2272 Antonia
1352 2247 1421 2275 avia,

91 2278 154 2308 ejus
168 2278 224 2303 silio
242 2279 404 2304 Germanico
414 2284 502 2311 patre.
518 2296 545 2300 —
561 2288 582 2307 5.
596 2283 695 2313 Supple
709 2283 816 2313 quibat,
834 2289 864 2306 ex
876 2283 998 2312 sequenti
1012 2283 1143 2312 opposito.

126 2314 203 2337 LXV.
218 2321 237 2338 ι.
250 2315 484 2341 Incantntionibus
495 2318 607 2347 magicis
618 2320 646 2342 et
658 2318 898 2347 imprecationibus
912 2319 1045 2343 insectata
1061 2320 1141 2342 esset.
1153 2331 1178 2334 —
1193 2323 1216 2342 2.
1230 2319 1273 2342 Sc.
1297 2323 1325 2341 se
1339 2321 1420 2341 accu-

90 2350 178 2376 sante.
192 2350 237 2379 XI,
252 2356 336 2374 ⁴so-w.
348 2357 409 2374 ..5‚
434 2354 477 2377 Sc.
498 2352 611 2376 alteram
633 2359 741 2383 quoquc
764 2359 889 2382 uxorem,
908 2353 1096 2383 Agrippinam,
1111 2359 1169 2383 quae
1182 2353 1278 2377 deinde
1301 2356 1420 2376 noverca

90 2384 214 2408 'vocaturn
228 2386 289 2410 Post
298 2392 356 2410 esse
365 2387 452 2410 delevi
463 2387 547 2411 verba
558 2394 617 2418 quae
630 2389 832 2419 interpolatoris
842 2395 901 2413 esse
911 2390 1021 2419 agnovit
1034 2390 1165 2413 nitterus:
1179 2390 1203 2413 si
1214 2389 1292 2413 Nero
1303 2387 1420 2417 impera·-

93 2420 178 2448 taret,
193 2421 363 2445 Britannico
377 2428 543 2452 successore,
558 2424 673 2448 nullum
687 2425 818 2454 principi
828 2424 963 2448 meritum
977 2431 996 2448 a
1009 2425 1053 2448 vel
1065 2430 1165 2449 {ra—4.
1179 2426 1219 2450 Sc.
1236 2424 1418 2454 Agrippinam.

126 2456 212 2480 LXVI.
232 2462 250 2481 ι.
264 2459 303 2482 Sc.
319 2458 470 2483 Narcissus
486 2459 514 2483 ln
526 2458 689 2484 editionibus
709 2459 832 2485 omnibus
852 2459 951 2490 legitur
972 2460 1112 2486 Claudius
1125 2479 1130 2490 ‚
1142 2461 1175 2486 ad
1186 2466 1265 2491 quem
1280 2459 1335 2484 ba‘e
1349 2455 1420 2482 male
