1539 2668
131 169 190 201 232
508 167 641 198 TACITI
662 166 871 198 ANNALIUM
892 167 966 197 Lm.
988 167 1056 198 XV.

126 244 272 276 crimine
292 250 375 275 esse.
402 242 499 283 atque
521 242 651 274 interim
673 242 809 283 reliquas
829 242 972 283 legiones
989 252 1048 283 pro
1071 241 1141 283 ripa
1164 242 1445 286 Euphratislocat,

125 290 372 322 tumultuariam
390 289 636 330 provincialium
653 298 785 322 manum
802 291 922 329 armat,
937 290 1070 321 hostiles
1082 289 1265 329 ingressus¹
1285 292 1447 331 praesidiis

124 336 300 378 intercipit.
324 339 357 368 et
374 336 449 377 quia
468 345 566 377 egena
592 345 750 377 aquarum
772 337 858 377 regio
874 338 943 376 est,
965 337 1097 368 castella
1115 336 1256 368 fontibus
1273 337 1445 381 imposita;

122 386 281 428 quosdam
298 386 383 418 rivos
399 387 549 425 congestu
568 394 673 417 arenae
690 385 823 417 abdidit.

163 437 217 466 IV.
243 438 285 465 Ea
301 433 380 464 dum
398 441 416 463 a
437 432 617 464 Corbulone
639 432 768 464 tuendae
785 433 883 473 Syriae
900 435 1066 473 parantur,
1092 433 1165 464 acto
1182 433 1299 473 raptim
1317 434 1447 474 agmine

121 486 266 515 Moneses
280 504 288 519 ‚
306 482 343 511 ut
359 480 477 510 samam
495 480 545 511 sui
564 480 709 520 praeiret,
734 489 799 511 non
816 480 888 512 ideo
905 481 1049 512 nescium
1072 481 1129 511 aut
1151 480 1316 512 incautum
1334 481 1446 521 Tigra·

120 537 184 560 nen
201 527 347 558 offendit.
366 529 581 567 occupaverat
596 527 839 567 Tigranocerta,
867 527 979 558 urbem
998 529 1088 568 copia
1104 527 1307 559 defensorum
1322 531 1353 559 et
1376 536 1447 559 ma-

120 575 290 615 gnitudine
304 574 461 604 moenium
476 573 625 605 validam.
649 574 690 604 ad
710 574 772 605 hoc
795 574 1004 614 Nicephorius
1027 574 1130 605 amnis
1157 575 1240 605 haud
1268 574 1448 615 spernenda

119 622 290 654 latitudine
311 623 435 660 partem
458 629 626 652 murorum
643 621 746 653 ambit
759 632 767 660 ;
786 623 818 652 et
832 621 928 652 ducta
943 621 1053 660 ingens
1067 622 1164 660 fossa,
1179 631 1242 661 qua
1255 621 1352 652 ssuvio
1365 621 1447 653 diffi-

121 669 267 702 debatur.
284 668 475 707 inerantque
494 668 609 699 milites
624 670 656 699 et
668 668 790 708 provisi
807 668 881 699 ante
895 670 1114 699 commeatus:
1133 678 1270 708 quorum
1288 669 1448 699 subvectu

120 716 213 757 pauci
229 715 358 746 avidius
382 714 542 755 progressi
570 717 602 746 et
619 715 819 755 repentinis¹
854 715 1001 746 hostibus
1026 715 1258 754 circumventi,
1282 716 1328 746 ira
1350 716 1449 755 magis

120 771 217 805 quam
235 764 324 793 metu
341 765 467 793 ceteros
494 761 718 793 accenderant,
747 761 806 793 Sed
821 762 939 793 Partho
967 761 1007 792 ad
1023 761 1241 801 exsequendas
1266 761 1450 793 obsidiones

119 809 208 841 nulla
228 810 375 841 cominus
402 809 560 840 audacia:
580 809 660 840 raris
687 809 812 849 sagittis
839 818 942 849 neque
967 809 1091 840 clausos
1118 810 1260 840 exterret
1289 811 1321 839 et
1348 811 1449 841 semet

119 856 305 889 frustratur.
325 856 478 887 Adiabeni
499 864 599 896 quum
613 865 804 896 promovere
822 857 924 888 scalas
941 858 973 887 et
987 856 1245 887 machinamenta
1260 856 1449 896 inciperent,

119 903 210 936 facile
226 905 367 943 detrusi,
385 912 462 934 mox
477 903 723 943 erumpentibus
739 905 858 934 nostris
874 903 1055 935 caeduntur.

162 956 198 983 V.
225 952 363 984 Corbulo
378 953 498 989 tamen,
517 951 664 990 quamvis
676 951 825 981 secundis
840 950 946 990 rebus,
964 950 1195 980 moderandum
1211 950 1347 981 fortunae
1362 952 1450 981 ratus

121 999 210 1030 misit
228 998 268 1030 ad
294 998 472 1035 Vologesen
501 997 555 1037 qui
578 998 821 1037 expostularent
849 999 915 1028 vim.
929 999 1116 1037 provincis&
1140 998 1305 1028 illatam:
1322 998 1450 1027 socium

120 1048 339 1086 amicumque
365 1053 478 1085 repom
495 1044 649 1076 cohortes
675 1046 848 1075 Romanas
867 1044 1124 1076 circumsedere.
1149 1046 1320 1075 omitteret
1336 1046 1451 1084 potius

119 1092 337 1132 obsidionem,
353 1094 417 1123 aut
429 1100 463 1122 sc
476 1100 609 1131 quoquc
622 1093 657 1122 in
673 1100 758 1131 (tyro
772 1091 891 1122 hostili
908 1093 1027 1122 castra
1049 1093 1258 1131 positurwn.
1283 1091 1451 1130 Casperius

119 1140 266 1171 centurio
280 1139 312 1169 in
327 1147 398 1169 eam
422 1139 616 1177 legationem
631 1138 775 1168 delectus
794 1137 880 1178 apud
896 1138 1051 1177 oppidum
1075 1138 1195 1168 Nisibin
1212 1140 1333 1178 septem
1350 1139 1382 1169 et
1394 1137 1450 1169 tri-

119 1187 208 1225 ginta
230 1186 373 1217 millibus
390 1194 543 1225 passuum
563 1194 581 1215 a
596 1185 824 1223 Tigranocerta
841 1184 1014 1216 distantem
1030 1185 1107 1215 adiit
1124 1194 1229 1223 regem
1252 1187 1283 1216 et
1300 1185 1452 1217 mandata

119 1233 267 1264 ferociter
284 1232 396 1263 edidit.
416 1232 567 1271 Vologesi
584 1234 681 1262 vetus
697 1234 729 1263 et
746 1231 875 1272 penitus
891 1231 1026 1262 infixum
1050 1234 1117 1263 erat
1134 1241 1223 1263 arma
1242 1236 1385 1263 Romana
1404 1233 1450 1263 vi-

118 1280 207 1313 tandi
222 1281 228 1297 ¹
243 1292 252 1320 ;
268 1288 327 1311 nec
344 1279 516 1319 praesentia
530 1288 682 1319 prospere
697 1279 848 1310 fluebant.
868 1279 993 1310 irritum
1011 1278 1169 1309 obsidium
1179 1290 1188 1318 3
1204 1281 1294 1310 tutus
1310 1288 1405 1310 manu
1420 1282 1451 1311 et

120 1328 221 1368 copiis
234 1329 404 1367 Tigranes;
432 1327 531 1366 fugati
549 1328 606 1367 qui
624 1326 897 1367 expugnationem
921 1329 1143 1366 sumpserant3
1162 1327 1268 1358 missae
1294 1326 1325 1357 in
1340 1330 1451 1358 Arme—

119 1376 209 1407 niam
226 1375 384 1414 legiones,
399 1376 430 1405 et
446 1375 516 1405 aliae
533 1383 592 1414 pro
617 1373 704 1414 Syria
723 1376 843 1414 paratae
860 1373 945 1405 ultro
959 1374 1156 1414 irrumpere;
1172 1374 1232 1404 sibi
1252 1374 1449 1405 imbecillum

119 1422 260 1462 equitem
290 1421 397 1462 pabuli
424 1421 533 1461 inepia
549 1431 555 1452 ε
572 1431 647 1453 nam
668 1422 780 1452 exorta
794 1421 847 1453 vis
862 1421 1059 1452 locustarum
1084 1421 1273 1452 ambederat
1295 1420 1449 1461 quicquid

121 1469 295 1502 herbidum
313 1471 369 1499 aut
387 1468 587 1499 frondosum.
610 1470 707 1509 igitur
720 1471 807 1501 metu
825 1469 974 1500 abstruso
993 1469 1120 1500 mitiora
1140 1468 1316 1500 obtendens
1327 1470 1451 1499 missu-

120 1525 201 1549 rum
224 1516 271 1548 ad
291 1517 546 1556 Imperatorem
574 1519 765 1548 Romanum
791 1516 920 1557 legatos
948 1525 1054 1556 super
1063 1515 1215 1556 petenda
1238 1518 1401 1548 Armenia
1419 1518 1451 1547 εί

114 1563 299 1604 firmanda
330 1571 415 1603 pace
435 1562 617 1603 respondet.
644 1568 794 1595 Monesen
816 1565 973 1595 omittere
989 1565 1236 1603 Tim-auocerta
1253 1563 1362 1602 jubet3
1382 1563 1450 1602 ipse

122 1613 208 1643 retro
228 1610 387 1641 concedit.

163 1663 216 1690 VI.
242 1662 317 1689 Hire
341 1657 449 1696 plures
465 1658 501 1686 ut
514 1657 704 1696 ¹formidine
728 1659 816 1698 reqis
838 1659 872 1689 et
896 1656 1098 1689 Corbulonis
1114 1658 1217 1687 minis
1242 1658 1387 1696 patrata
1410 1666 1451 1690 ac

121 1706 304 1747 mayrzv'fica
321 1704 529 1735 extollebant.
548 1705 600 1735 alii
613 1705 744 1736 occulte
756 1706 921 1745 pepiqtsse
938 1704 1233 1744 interpretabantur
1249 1717 1264 1731 «
1282 1706 1318 1735 ut
1331 1704 1452 1736 omisso

125 1767 141 1781 a
158 1753 321 1792 utrimque
336 1751 418 1782 bello
440 1753 472 1782 et
489 1751 625 1782 abeunte
642 1752 797 1791 Vologese
810 1752 962 1792 Tigranes
978 1760 1110 1791 quoque
1130 1751 1279 1782 Armenia
1296 1751 1450 1783 abscede-

126 1814 141 1828 «
160 1803 217 1832 ret.
235 1809 292 1831 cur
308 1799 393 1830 enim
413 1800 590 1830 exercitum
608 1803 787 1831 Romanum
806 1808 824 1830 a
840 1799 1074 1838 Tigranocertis
1091 1798 1294 1830 deductum?
1321 1807 1378 1829 cur
1394 1799 1449 1831 de-

124 1861 140 1875 «
157 1849 240 1879 serta
258 1856 313 1887 per
340 1846 465 1877 otium*
501 1855 573 1886 quae
596 1847 679 1877 bello
705 1846 942 1878 defenderant?
961 1855 1002 1877 an
1029 1846 1146 1877 melius
1173 1845 1392 1877 hibernavisse
1417 1846 1450 1876 in

123 1908 137 1923 «
156 1895 301 1927 extrema
318 1892 537 1933 Cappadocia,
552 1894 669 1934 raptim
691 1894 805 1926 erectis
817 1893 973 1933 tuguriis,
992 1902 1089 1933 quam
1104 1893 1137 1924 in
1154 1894 1229 1924 sede
1247 1893 1334 1933 regni
1350 1892 1448 1924 modo

124 1956 139 1971 «
159 1941 294 1973 retenti?
312 1940 409 1971 dilata
422 1950 554 1981 prorsus
570 1950 660 1973 arma
671 1965 679 1980 ,
697 1943 734 1972 ut
747 1941 918 1980 Vologeses
940 1949 1014 1972 cum
1039 1940 1102 1971 alio
1118 1949 1217 1981 quam
1234 1949 1308 1971 cum
1329 1940 1449 1972 Corbu-

124 2002 140 2016 «
158 1988 231 2020 lone
257 1989 410 2028 certaret,
431 1988 569 2020 Corbulo
596 1988 720 2020 meritae
742 1989 792 2020 tot
811 1997 866 2028 per
882 1996 984 2019 annos
1008 1987 1118 2027 gloriae
1141 1997 1204 2019 non
1225 1988 1309 2019 ultra
1326 1988 1449 2027 pericu-

123 2036 223 2067 «lum
252 2036 381 2067 faceret.
398 2047 414 2063 υ
438 2044 534 2074 nam,
569 2036 606 2066 ut
633 2035 769 2076 retuli²‚
796 2035 962 2077 proprium
991 2035 1107 2066 ducem
1135 2035 1263 2066 tuendae
1287 2034 1447 2066 Armeniae

122 2084 331 2124 poposcerat,
347 2085 379 2115 et
395 2082 568 2115 adventare
592 2083 781 2116 Caesennius
809 2085 917 2116 Paetus
940 2082 1140 2114 audiebatur.
1159 2083 1290 2123 Jamque
1315 2081 1448 2123 aderat,

152 2194 198 2218 Ill.
215 2199 236 2218 1.
249 2195 321 2218 Loca
335 2199 385 2224 per
399 2200 458 2224 quae
470 2195 577 2226 ingredi
590 2195 617 2219 in
628 2195 798 2226 provinciam
808 2195 913 2221 soleant
920 2196 967 2220 aut
975 2195 1080 2225 possint
1092 2194 1193 2219 Parthi.

152 2230 195 2253 lv.
215 2235 235 2254 1.
250 2231 371 2260 Repente
386 2231 580 2260 ingruentibus.

152 2265 182 2289 V.
196 2269 217 2289 ι.
231 2265 372 2289 Genitivus
383 2266 508 2295 gerundii
521 2272 592 2296 saepe
606 2268 707 2297 pendet
720 2274 752 2292 ex
765 2267 865 2297 verbis,
882 2267 908 2291 in
930 2266 1027 2297 quibus
1045 2266 1114 2291 latet
1132 2266 1208 2290 notio
1231 2265 1402 2296 substantivi,
1414 2265 1444 2290 ut

122 2301 174 2325 hoc
193 2299 256 2324 loco
277 2300 416 2329 studium,
438 2302 514 2330 quasi
534 2302 633 2326 dixeris
653 2309 729 2333 pour
749 2303 785 2328 V.
804 2302 900 2328 c’e'tait
916 2301 1053 2327 habitude
1078 2302 1143 2326 de...
1158 2301 1286 2326 Similiter
1302 2307 1326 2326 c.
1345 2306 1383 2331 21,
1397 2301 1444 2326 ubt

122 2335 248 2366 gallicum
266 2341 343 2360 usum
377 2337 481 2360 voculae
508 2337 542 2362 de
563 2343 623 2362 cum
646 2339 779 2363 infinitivo
799 2340 941 2369 comparat
959 2337 1087 2363 Burnout.
1103 2337 1179 2362 velut
1201 2338 1228 2361 in
1250 2337 1290 2362 his
1311 2336 1444 2364 volturii:

125 2371 304 2405 Qu’importe
315 2370 334 2396 ά
350 2377 398 2396 ma
405 2373 505 2402 patrie
517 2373 712 2403 d'apprenclre
723 2381 776 2406 que
789 2374 875 2400 Ce'sar
886 2380 905 2400 a
915 2374 949 2400 de
962 2379 1116 2400 nouveaux
1125 2373 1267 2400 esclave-5?

148 2407 189 2432 Vl.
203 2413 221 2432 ι.
234 2407 310 2433 Pacis
323 2408 511 2438 tempore—2.
526 2409 590 2439 Cap.
605 2415 632 2435 5.
