1539 2668
542 155 581 185 A.
606 155 646 184 U.
669 155 705 184 C.
727 154 800 184 822.
824 154 862 182 A.
886 153 920 182 C.
946 153 997 183 69.
1385 152 1443 183 343

120 229 243 263 bellum
258 236 345 263 artes
361 231 465 262 bonas
481 228 657 261 attulisset.
676 227 734 258 has
751 227 791 258 ad
807 227 916 268 copias
932 233 1138 266 nequaquam
1154 224 1337 257 vitellianis
1353 234 1444 265 pares

120 278 265 320 (quippe
282 281 346 311 tres
361 279 468 310 adhuc
483 276 622 316 legiones
643 277 751 313 erant)
777 275 868 307 misit
889 274 1041 315 epistolas
1064 274 1190 305 Caecina
1210 276 1443 306 temeritatem

118 327 210 358 victa
227 336 332 359 arma
351 325 584 358 tractantimn
596 322 606 340 ³
624 323 789 354 incusans.
809 322 907 354 simul
924 323 1036 353 virtus
1058 322 1255 353 Germanici
1273 323 1442 353 exercitus

116 372 268 405 laudibus
281 372 499 410 attollebatur,
513 370 634 401 Vitellii
648 369 775 401 modica
791 371 824 401 et
840 369 965 410 vulgari
978 367 1158 407 mentione,
1174 367 1261 398 nulla
1278 367 1311 398 in
1326 372 1442 408 Vespa-

117 419 244 452 sianum
261 419 458 452 contumelia
476 427 483 448 z
502 417 582 449 nihil
601 426 734 457 prorsus
748 417 835 457 quod
849 421 906 449 aut
922 416 1143 457 corrumperet
1160 416 1286 447 hostem
1306 417 1362 446 aut
1382 416 1443 446 ter-

115 471 208 500 reret.
224 467 447 499 Flavianarum
462 465 604 506 partium
619 464 718 496 duces
729 489 737 504 ,
753 465 874 497 omissa
890 466 1004 507 prioris
1020 465 1158 496 fortunae
1171 462 1368 500 defensione,
1385 470 1442 502 pro

115 515 310 555 Vespasiano
321 514 500 554 magnifice,
516 522 573 554 pro
588 521 682 543 causa
695 511 844 553 fidenter,
860 513 900 544 de
914 513 1057 544 exercitu
1068 511 1077 529 ⁴
1095 513 1213 553 securi,
1228 514 1260 544 in
1275 513 1441 544 Vitellium

107 563 152 593 ut
165 562 290 593 inimici
306 569 540 602 praesumpsere
554 560 578 598 ⁵,
596 559 680 590 facta
696 560 838 591 tribunis
854 560 1163 600 centurionibusque
1177 562 1345 594 retinendi
1363 572 1442 604 qzcoe

119 609 275 640 Vitellius
295 609 497 641 indulsisset
514 616 582 648 spe.
603 609 702 647 atque
718 607 829 647 ipsum
848 609 1009 639 Caecinam
1027 616 1091 638 non
1110 608 1245 640 obscure
1265 611 1304 640 ad
1324 611 1439 642 transi—

96 654 232 686 =tionem
251 656 482 687 hortabantur.
502 655 646 686 recitatae
664 663 722 694 pro
745 655 903 686 concione
924 655 1071 695 epistolae
1087 655 1241 687 addidere
1262 657 1414 690 fiduciam
1430 683 1439 698 ‚

110 703 196 743 quod
215 703 376 735 submisse
396 703 527 734 Caecina
543 726 551 741 ‚
573 701 663 732 velut
679 701 846 733 offendere
870 702 1105 742 Vespasianum
1127 702 1246 735 timens
1261 729 1270 744 ‚
1296 705 1440 746 ipsorum

110 749 210 782 duces
227 750 438 790 contemptim
449 774 459 789 ‚
475 752 643 788 tamquam
657 748 850 781 insultantes
863 749 990 780 vitellio
1003 773 1011 788 ‚
1025 749 1242 790 scripsissent.

151 801 187 829 X.
212 797 362 829 Adventu
386 796 502 828 deinde
520 796 658 826 duarum
681 797 868 836 legionum,
896 805 912 827 e
936 796 1053 836 quibus
1070 797 1200 829 tertiam
1217 799 1334 831 Dillius
1357 803 1440 840 Apo·

109 843 247 884 nianus,
272 846 421 875 octavam
444 843 611 874 'Numisius
641 847 749 884 Lupus
774 843 954 882 ducebant,
972 846 1130 876 ostentare
1148 845 1232 877 vires
1255 849 1286 879 et
1310 848 1441 881 militari

108 891 193 922 vallo
224 895 383 922 Veronam
411 890 614 922 circumdare
642 890 772 930 placuit.
805 890 887 920 t'orte
912 890 1075 922 Galbianae
1101 893 1217 932 legioni
1248 894 1280 925 in
1307 896 1440 928 adversa

107 937 216 969 fronte
233 939 307 969 valli
324 947 408 978 opus
424 939 563 969 cesserat
579 961 588 977 ‚
605 940 638 969 et
654 938 715 968 visi
733 938 846 977 procul
871 938 1033 969 sociorum
1052 940 1177 979 equites
1194 949 1310 972 vanam
1328 943 1438 975 formi-

107 985 218 1017 dinem
233 988 267 1017 ut
283 986 392 1017 hostes
409 986 522 1016 fecere.
544 985 712 1025 rapiuntur
729 994 837 1024 arma,
855 986 887 1015 et
903 987 936 1016 ut
955 986 1146 1025 proditionis
1163 990 1208 1018 ira
1225 988 1368 1020 militum
1383 991 1388 1007 ¹
1408 991 1439 1023 in

96 1034 145 1065 ,Τ.
163 1033 315 1072 Ampium
334 1032 523 1064 Flavianum
539 1032 686 1063 incubuit
702 1056 710 1071 ‚
728 1032 818 1062 nullo
835 1032 982 1065 criminis
995 1037 1203 1075 argumento,
1220 1036 1274 1066 sed
1289 1037 1354 1076 jam
1374 1039 1439 1078 pri-

105 1080 187 1112 dein⁴
200 1080 324 1110 invisus
337 1104 346 1119 ,
364 1079 494 1111 turbine
511 1079 653 1119 quodam
671 1078 709 1110 ad
728 1079 862 1110 exitium
881 1080 1076 1119 poscebatur
1095 1092 1101 1112 :
1119 1085 1360 1124 propinquum
1391 1087 1438 1117 Γέ-

99 1127 218 1166 tellit,
241 1127 455 1167 proditorem
480 1128 621 1159 Othonis
635 1150 645 1166 ,
670 1128 938 1166 interceptorem
959 1128 1112 1160 donativi
1136 1130 1357 1162 clamitabant.
1379 1141 1439 1164 nec

107 1173 283 1206 defensioni
301 1174 411 1213 locus,
430 1183 631 1215 quamquam
648 1173 809 1214 supplices
827 1183 941 1206 manus
959 1176 1124 1215 tenderet,
1142 1178 1232 1208 humi
1250 1178 1439 1220 plerumque

108 1223 228 1254 stratus
241 1247 249 1262 ‚
267 1222 372 1253 lacera
385 1225 476 1254 veste
491 1247 500 1263 ,
521 1226 633 1263 pectus
651 1227 747 1262 atque
762 1230 820 1252 ora
836 1222 976 1262 singultu
995 1224 1153 1263 quatiens.
1170 1224 1200 1254 id
1227 1225 1329 1265 ipsum
1352 1227 1437 1267 apud

107 1268 248 1300 infensos
262 1269 505 1300 incitamentum
517 1270 597 1308 erat,
610 1271 776 1309 tamquam
790 1268 908 1300 nimius
922 1280 1023 1310 pavor
1036 1272 1264 1303 conscientiam
1279 1278 1436 1312 argueret.

108 1315 343 1347 obturbabatur
359 1316 503 1347 militum
522 1316 657 1347 vocibus
677 1316 820 1356 Aponius
832 1315 858 1355 ²,
879 1326 980 1356 quum
998 1318 1087 1358 loqui
1106 1321 1263 1358 coeptaret
1281 1329 1288 1349 :
1308 1320 1438 1353 fremitu

106 1364 139 1394 et
165 1363 304 1394 clamore
333 1365 458 1396 ceteros
483 1365 712 1404 aspernantur.
739 1362 794 1394 uni
825 1364 963 1395 Antonio
993 1368 1113 1406 apertae
1142 1366 1285 1397 militum
1311 1377 1405 1399 aures
1427 1379 1435 1400 z

105 1417 248 1449 namque
264 1412 296 1441 et
313 1411 461 1443 facundia
483 1411 594 1442 aderat
610 1410 838 1450 mulcendique
856 1412 987 1450 vulgum
1010 1416 1095 1444 artes
1118 1414 1150 1444 et
1173 1414 1359 1445 auctoritas.
1383 1416 1437 1448 ulii

105 1457 297 1490 crudescere
312 1458 428 1490 seditio
443 1483 451 1498 ‚
471 1460 502 1490 et
521 1467 538 1490 a
555 1458 711 1490 conviciis
725 1467 763 1489 ac
781 1458 907 1497 probris
923 1459 960 1490 ad
980 1461 1042 1491 tela
1059 1463 1090 1491 et
1106 1469 1222 1491 manus
1236 1463 1434 1502 transiliant,

104 1505 201 1544 injici«
214 1509 356 1538 catenas
374 1507 542 1538 Flaviano
558 1505 662 1546 jubet.
683 1507 783 1538 sensit
800 1507 978 1539 ludibrium
993 1506 1004 1524 ³
1024 1507 1136 1547 miles,
1155 1508 1363 1549 disiectisque
1380 1511 1436 1550 qui

90 1553 244 1585 tribunal
257 1554 444 1593 tuebantur,
453 1555 597 1585 extrema
609 1553 658 1584 vis
670 1553 855 1593 parabatur.
870 1554 1021 1595 opposuit
1034 1555 1141 1585 sinum
1152 1556 1310 1587 Antonius
1323 1557 1435 1590 stricto

100 1600 187 1632 ferro
203 1603 266 1632 acet
286 1601 439 1632 militum
455 1610 490 1632 se
506 1600 667 1632 inanibus
683 1602 747 1632 aut
759 1603 831 1633 suis
848 1603 1057 1633 moriturum
1071 1601 1255 1642 obtestans;
1275 1606 1310 1634 ut
1325 1614 1435 1643 quom-

100 1656 167 1688 qne
192 1650 306 1680 notum
328 1651 361 1680 et
383 1648 492 1689 aliquo
517 1647 653 1679 militari
674 1647 789 1679 decore
806 1649 967 1690 insignem
993 1652 1182 1690 aspexerat,
1206 1650 1246 1681 ad
1270 1651 1432 1682 ferendam

88 1703 198 1734 ·0pem
213 1696 344 1726 nomine
357 1695 458 1727 ciens.
482 1704 558 1726 mox
574 1703 750 1726 conversus
765 1695 806 1726 ad
824 1696 916 1736 signa
937 1699 970 1727 et
993 1691 1151 1728 bellorum
1170 1698 1247 1729 deos
1258 1722 1267 1737 ‚
1284 1698 1434 1730 hostium

86 1767 89 1774 .
100 1743 216 1782 potius
230 1743 435 1774 exercitibus
452 1742 726 1782 illumfurorem
740 1767 748 1782 ‚
766 1743 870 1774 illam
884 1743 1093 1775 discordiam
1108 1745 1287 1785 injicerent
1303 1746 1432 1785 orabat,

102 1789 207 1821 donec
224 1789 386 1821 fatisceret
415 1789 534 1820 seditio
550 1792 583 1821 et
599 1792 745 1821 extremo
755 1790 823 1829 jam
842 1790 893 1822 die
911 1799 968 1822 sua
985 1791 1123 1832 quisque
1137 1791 1171 1822 in
1188 1794 1327 1823 tentoria
1351 1793 1432 1825 dila-

101 1835 264 1868 berentur.
279 1837 442 1877 profectus
455 1836 567 1867 eadem
580 1838 676 1868 nocte
689 1836 862 1869 Flavianus
875 1837 982 1869 obviis
992 1839 1183 1879 Vespasiani
1194 1838 1310 1870 litteris
1323 1839 1433 1871 discri-

88 1883 367 1923 mminiexemptus
383 1885 442 1915 est.

142 1933 194 1962 XI.
219 1931 371 1970 Legiones
386 1930 477 1962 velut
489 1929 563 1963 tabe
574 1929 704 1961 infectae
717 1930 880 1970 Aponium
897 1930 1122 1971 Saturninum,
1136 1931 1256 1963 Moesici
1269 1933 1430 1965 exercitus

85 1980 264 2017 negatum,
292 1988 330 2011 eo
352 1978 494 2011 atrocius
518 1977 761 2019 aggrediuntur,
787 1978 876 2017 quod
901 1987 966 2009 non
992 1979 1028 2010 ut
1053 1978 1141 2019 prius
1156 1978 1266 2011 labore
1289 1983 1320 2010 et
1335 1989 1430 2021 opere

85 2027 211 2065 -cessae‚
229 2026 292 2058 sed·
306 2026 412 2058 medio
438 2025 503 2058 diei
528 2026 732 2065 exarserant,
751 2025 890 2065 vulgatis
915 2026 1064 2067 epistolis
1081 2036 1162 2066 quas
1179 2027 1372 2058 Saturninus
1391 2029 1428 2058 ad

91 2073 266 2105 ‘Vitellium
293 2074 466 2114 ¹scripsisse
490 2072 718 2106 credebatur1.
744 2076 780 2103 ut
805 2072 883 2104 olim
914 2073 1321 2115 virtutismodestiaeque,
1351 2077 1429 2106 tunc

103 2183 154 2201 —5.
168 2178 314 2207 Legionum
328 2177 452 2207 Othonis,
465 2183 533 2208 quas
546 2177 624 2201 duxit
639 2177 837 2201 Antonius—⁴.
849 2176 892 2199 Sc.
904 2177 1075 2206 Germanico,
1089 2177 1168 2206 cujus
1189 2178 1292 2201 metum
1316 2178 1404 2207 injicel
1413 2185 1427 2201 c

103 2212 214 2237 volebat
227 2213 341 2238 Caecina.
355 2226 381 2230 —
392 2218 414 2236 ⁵.
426 2213 491 2238 Ausi
510 2214 574 2236 sunt
590 2211 736 2241 (scrihere)
760 2212 906 2241 antequam
922 2212 1012 2241 palam
1034 2218 1049 2236 a
1065 2212 1189 2242 partibus
1199 2213 1355 2241 Vespasiani
1378 2214 1426 2237 dc-

85 2249 274 2273 numeretur.

131 2283 166 2307 x.
185 2283 341 2308 :suffitum
358 2284 490 2314 ira·quasi
504 2283 546 2308 ·de
569 2282 735 2313 proditione,
755 2281 942 2311 proditionem
966 2283 994 2306 in
1008 2283 1114 2312 >Ampio
1135 2283 1360 2312 suspectantium.
1383 2284 1425 2308 Sic

103 2318 460 2349 cicerostpopulislwmani
473 2318 604 2344 subsidia
625 2318 701 2346 belli,
723 2316 826 2346 junctis
836 2318 1038 2348 ¹genitivis-qni
1056 2317 1326 2348 vocantur-sumenti
1340 2319 1369 2342 et
1379 2319 1414 2342 ob

102 2353 233 2383 jecta-2.
247 2355 417 2384 saturninus,
423 2360 450 2380 e.
463 2356 552 2379 2-—⁵;
563 2354 622 2384 Quo
630 2354 688 2384 §am
700 2352 747 2376 alii
763 2353 851 2376 erant*
860 2354 979 2383 servati3
993 2359 1019 2379 v.
1036 2354 1057 2383 1,
1066 2358 1158 2384 ⁷⁴⁶,oe-

133 2388 180 2414 ΣΙ.
195 2389 402 2421 i.·conf.11›‚=0e.
