1539 2668
105 204 166 235 344
464 199 599 228 ’1116111
621 198 897 228 11151011111111111
919 199 992 227 Lm.
1016 199 1071 228 111.

105 271 312 318 procacitatis
334 271 368 304 et
394 271 584 311 petulantiae
609 272 771 303 certamen
790 273 878 312 erat,
905 281 946 303 ne
967 272 1072 303 minus
1093 271 1249 304 violenter
1273 273 1431 313 Aponium

106 331 204 364 quain
216 319 405 352 Flavianum
416 318 458 349 ad
473 319 670 359 supplicium
685 318 906 358 deposcerent.
925 319 1044 360 quippe
1059 319 1199 350 Maesicae
1214 319 1354 359 legiones
1369 322 1432 354 ad-

98 371 222 411 Jutam
244 376 267 399 a
289 375 324 398 se
342 368 623 399 Pannonicorum
638 366 806 398 ultionem
830 367 1024 406 referentes,
1045 369 1077 398 et
1102 366 1273 397 Pannonici
1286 390 1296 407 ,
1320 367 1429 400 velut²

107 417 351 450 absolverentur
367 414 505 446 aliorum
523 412 700 453 seditione,
721 413 838 446 iterare
851 415 976 455 culpam
995 413 1186 454 gaudebant.
1202 413 1236 444 in
1253 413 1361 446 hortos
1372 439 1381 454 ‚
1397 415 1432 447 in

105 464 225 506 quibus
241 462 469 494 devertebatur
486 459 678 492 Saturninus
691 484 700 499 ‚
715 464 862 501 pergunt.
880 471 940 494 nec
965 465 1031 494 tam
1049 461 1177 493 Primus
1199 462 1232 493 et
1247 461 1432 501 Aponianus

105 514 139 544 et
159 511 316 550 Messala,
339 517 538 550 quamquam
565 508 654 539 omni
680 508 776 539 modo
804 509 887 550 nisi,
909 509 1056 550 eripuere
1077 510 1307 547 Saturninum,
1335 516 1432 548 quam

106 557 286 592 obscuritas
308 557 505 588 latebrarum
528 555 648 595 quibus
668 555 895 596 occulebatur,
918 556 1105 587 vacantium
1135 557 1217 587 sorte
1233 554 1432 586 balinearum

106 605 291 638 fornacibus
307 603 451 635 abditus.
470 612 549 634 mox
566 601 696 633 omissis
712 602 880 634 lictoribus
902 603 1071 634 Patavium
1094 604 1264 634 concessit.
1286 603 1433 643 digressu

106 652 325 684 consularium
344 650 400 681 uni
416 649 557 681 Antonio
573 649 623 680 vis
639 657 677 680 ac
691 652 835 689 potestas
849 650 883 681 in
899 652 1074 690 utrumque
1090 650 1267 681 exercitum
1282 651 1343 682 suit
1355 674 1364 689 ,
1382 659 1432 682 ce·

107 698 258 730 dentibus
272 698 401 737 collegis
413 696 425 714 ³
443 699 474 728 et
489 695 635 727 obversis
652 696 796 728 militum
813 696 941 728 studiis.
959 705 1018 727 nec
1040 697 1174 728 deerant
1191 697 1246 736 qui
1268 697 1435 729 crederent

108 748 281 785 utramque
298 744 491 776 seditionem
507 743 620 774 fraude
636 743 766 774 Antonii
783 746 922 783 coeptam
936 767 945 783 ‚
961 746 996 773 ut
1010 744 1097 774 solus
1112 743 1196 775 bello
1212 744 1381 776 frueretur.

148 799 216 826 XII.
232 798 277 825 Ne
291 794 323 824 in
340 793 459 824 Vitellii
475 792 607 833 quidem
623 792 770 832 partibus
787 793 905 832 quietae
923 795 1049 823 mentes
1063 791 1247 823 exitiosiore
1262 791 1434 832 discordia,

106 851 172 873 non
187 840 426 881 suspicionibus
438 840 539 879 vulgi,
558 840 613 870 sed
631 839 763 879 perfidia
778 839 909 877 ducum,
924 839 1147 869 turbabantur.
1163 838 1303 870 Lucilius
1316 843 1434 872 Bassus

107 890 217 921 classis
234 887 430 919 Ravennatis
445 886 620 927 praefectus
634 886 802 926 ambiguos
816 886 956 917 militum
972 887 1096 917 animos
1108 910 1116 925 ,
1132 886 1217 926 quod
1233 895 1348 926 magna
1361 895 1435 926 pars

107 938 262 969 Dalmatae
278 934 498 973 Pannoniique
511 935 620 972 erant,
638 942 711 973 quae
729 933 908 973 provinciae
921 933 1119 973 Vespasiano
1136 933 1343 972 tenebantur,
1360 941 1434 973 par-

107 985 191 1016 tibus
207 983 275 1022 ejus
296 982 535 1021 aggregaverat.
554 989 620 1011 nox
639 980 816 1020 proditioni
833 980 933 1011 electa
948 1004 957 1019 ,
984 983 1019 1011 ut
1038 980 1154 1012 ceteris
1179 979 1301 1019 ignaris
1322 979 1383 1011 soli
1400 980 1434 1011 in

108 1030 268 1072 principia
285 1028 463 1059 defectores
489 1028 625 1058 coirent.
654 1032 770 1059 Bassus
794 1027 935 1067 pudore,
962 1035 1018 1058 seu
1045 1029 1134 1058 metu
1162 1027 1311 1067 quisnam
1331 1026 1437 1058 exitus

108 1080 192 1110 foret
207 1100 215 1115 ‚
230 1077 314 1106 inxa
328 1075 464 1106 domum
481 1074 719 1114 opperiebatur.
736 1074 905 1106 trierarchi
922 1082 1039 1112 niagno
1059 1074 1201 1104 tumultu
1218 1073 1338 1105 Vitellii
1355 1073 1437 1104 ima·

107 1127 198 1166 gines
213 1123 389 1161 invadunt3
404 1124 436 1153 et
450 1122 562 1162 paucis
577 1120 797 1152 resistentium
811 1120 1027 1159 obtruncatis,
1043 1121 1187 1151 ceterum
1202 1121 1316 1159 vulgus
1328 1127 1437 1151 rerum

109 1179 269 1203 novarum
290 1169 399 1200 studio
416 1169 448 1198 in
473 1168 705 1208 vespasianum
722 1167 909 1198 inclinabat.
929 1168 1000 1198 tum
1017 1175 1206 1206 progressus
1223 1166 1362 1197 Lucilius
1379 1174 1437 1197 au-

109 1220 231 1249 ctorem
245 1225 278 1247 se
292 1216 396 1255 palam
412 1216 545 1254 praebet.
556 1215 667 1246 classis
679 1214 860 1246 Cornelium
875 1218 1013 1245 Fuscum
1026 1213 1214 1253 praesectum
1225 1213 1286 1244 sibi
1299 1212 1440 1244 destinat

108 1265 165 1305 qui
190 1271 323 1304 propere
350 1263 534 1293 accucurrit
546 1262 569 1291 ¹.
599 1266 713 1293 Bassus
739 1261 895 1292 honorata
920 1260 1066 1291 custodia
1094 1260 1274 1291 Liburnicis
1301 1259 1438 1291 navibus

110 1313 252 1347 Atriam²
279 1315 470 1353 pervectus,
491 1321 509 1343 a
527 1312 678 1352 praefecto
695 1311 753 1342 alae
770 1310 928 1342 Vivennio
950 1310 1067 1341 Rufino
1089 1309 1274 1350 praesidium
1292 1308 1359 1340 illic
1374 1309 1439 1349 agi·

110 1363 199 1394 tante
217 1360 368 1391 1111611111.
398 1359 456 1390 sed
477 1360 625 1390 exsoluta
642 1358 752 1390 statim
767 1357 898 1388 vincula
917 1357 1101 1389 interventu
1122 1357 1233 1388 Hormi
1249 1356 1379 1388 Caesaris
1400 1356 1440 1388 ii-

110 1408 221 1439 berti:
240 1407 265 1438 is
281 1415 412 1447 quoque
429 1406 512 1437 inter
528 1406 629 1437 duces
646 1404 856 1436 habebatur³

154 1458 235 1485 XIII.
260 1457 299 1485 At
317 1454 466 1492 Caecina,
489 1453 670 1484 defectione
688 1453 797 1484 classis
818 1452 947 1491 vulgata
960 1475 969 1491 ‚
986 1451 1142 1492 pri1nores
1159 1427 1384 1482 centurionum
1408 1450 1440 1481 et

111 1510 232 1543 paucos
247 1501 398 1539 militum,
411 1500 507 1531 ceter
501 1508 526 1530 is
540 1509 595 1540 per
609 1500 733 1531 militiae
747 1509 881 1531 munera
894 1499 1058 1540 dispersis,
1070 1501 1228 1530 secretum
1237 1498 1417 1528 castrorum
1429 1496 1437 1513 ¹

113 1549 269 1580 assectans
289 1549 320 1578 in
338 1547 500 1587 principia
517 1550 624 1578 vocat.
645 1547 689 1578 ibi
712 1549 911 1587 Vespasiani
930 1548 1092 1577 virtulem
1107 1547 1263 1585 viresque
1284 1545 1442 1584 partium

113 1595 262 1627 extollit:
283 1593 514 1633 transs⁷uqisse
532 1594 703 1631 classant,-
728 1595 763 1624 m
793 1595 889 1625 arcto
910 1594 1150 1626 commeatum,
1172 1591 1339 1623 adversas
1368 1589 1444 1622 Gal-

115 1643 182 1675 lias
200 1643 478 1681 Hispamasque,
508 1640 596 1671 nihil
622 1642 659 1671 m
690 1640 777 1671 Urbe
789 1640 928 1679 fidum;
953 1641 1049 1679 atque
1072 1638 1180 1669 omnia
1205 1638 1244 1668 de
1263 1635 1394 1668 Vitellio
1410 1636 1444 1667 in

115 1689 256 1720 deterius
273 1687 297 1717 ².
324 1696 400 1717 mox
415 1686 648 1726 incipientibus
672 1686 728 1726 qui
746 1686 866 1717 conscii
884 1686 1035 1724 aderant,
1055 1688 1176 1716 ceteros
1196 1692 1231 1715 re
1254 1692 1338 1714 nova
1362 1683 1443 1713 atto-

114 1736 201 1767 nitos
218 1735 251 1764 in
265 1733 365 1764 verba
382 1734 571 1772 Vespasiani
585 1734 698 1773 adigit.
718 1733 817 1764 simul
828 1732 949 1763 Vitellii
967 1732 1120 1771 imagines
1139 1731 1291 1770 dereptae,
1308 1730 1341 1761 et
1353 1726 1444 1760 missi

116 1782 172 1824 qui
187 1782 326 1813 Antonio
344 1781 543 1812 nuntiarent.
562 1781 616 1811 sed
635 1781 689 1811 ubi
707 1780 784 1811 totis
802 1780 914 1810 castris
932 1780 964 1810 in
981 1778 1089 1810 sama³
1106 1778 1259 1818 pmditio,
1278 1783 1446 1807 recurrens

115 1831 149 1862 in
167 1828 324 1869 principia
340 1828 433 1858 miles
453 1827 679 1867 praescriptum
696 1826 882 1866 Vespasiani
901 1835 1038 1865 nomen,
1060 1825 1219 1866 proJectas
1236 1824 1355 1856 vitellii
1380 1823 1447 1855 effi·

118 1876 184 1916 gies
206 1875 350 1914 aspexit,
378 1877 508 1905 vastum
526 1874 631 1913 primo
653 1874 842 1912 silentium,
863 1882 939 1904 mox
965 1873 1104 1904 cuncta
1128 1872 1224 1903 simul
1241 1872 1446 1911 erumpunt:

120 1936 135 1950 «
153 1923 216 1953 11116
233 1921 389 1952 cecidisse
403 1920 586 1951 Germanici
600 1921 763 1952 exercitus
774 1921 907 1960 gloriam
921 1943 929 1958 ‚
947 1922 983 1950 ut
997 1920 1064 1950 sine
1082 1920 1192 1959 proelio
1204 1943 1212 1957 ,
1228 1919 1297 1950 sine
1314 1917 1447 1948 vulnere

120 1983 138 1998 α
155 1969 282 2000 vinctas
296 1977 411 1998 manus
427 1970 458 1999 et
469 1974 562 2008 capta
578 1968 744 1999 traderent
767 1969 878 1998 arma?
894 1975 973 2007 quas
986 1966 1071 1997 enim
1090 1975 1129 1997 ex
1145 1966 1272 1997 diverso
1287 1965 1448 2004 legiones?

121 2029 139 2044 ι
157 2025 272 2056 nempe
289 2016 405 2045 victas.
431 2015 462 2045 et
483 2014 593 2045 abesse
617 2015 750 2045 unicum
774 2013 950 2046 Othoniani
967 2014 1128 2045 exercitus
1146 2013 1264 2052 robur,
1283 2013 1449 2053 primanos

123 2075 139 2089 «ι
157 2061 535 2102 quartadecumanosque
551 2072 559 2100 ;
577 2070 660 2101 quos
678 2064 787 2092 tamen
809 2061 924 2092 iisdem
942 2061 1004 2092 illis
1020 2060 1144 2100 campis
1159 2059 1302 2091 fuderint
1323 2061 1447 2090 strave-

124 2122 140 2137 α
161 2110 300 2148 rintque.
331 2113 366 2140 ut
391 2112 592 2140 armatorum
622 2109 722 2139 millia
745 2109 835 2140 velut
859 2117 936 2148 grex
961 2108 1125 2139 venalium
1150 2107 1255 2138 exsuli
1280 2105 1419 2138 Antonio
1434 2104 1445 2123 ⁵

124 2171 141 2185 ιι
158 2157 280 2190 1101111111
293 2157 459 2197 darentur,
473 2161 546 2189 octo
560 2158 715 2189 nimirum
729 2158 868 2197 legiones
880 2157 976 2189 unius
986 2157 1101 2188 classis
1115 2156 1333 2188 accessionem
1346 2154 1448 2187 sore⁶.

125 2252 154 2258 —
164 2246 187 2264 2.
202 2243 238 2265 Ac
249 2241 314 2264 si.—
328 2246 351 2264 5.
371 2241 464 2269 vedio,
481 2241 568 2269 Dillio,
578 2241 708 2268 Numisio,
721 2240 859 2270 Vipstano,
872 2240 905 2263 de
919 2238 1016 2269 quibus
1030 2238 1118 2269 paullo
1131 2240 1204 2262 ante.

156 2276 215 2299 XII.
236 2277 331 2300 i.Nam
355 2282 411 2300 non
433 2277 532 2305 injuria
556 2275 653 2300 milites
677 2275 838 2299 diffidebant
857 2276 911 2299 tam
935 2274 1030 2298 timido
1046 2276 1074 2298 et
1095 2274 1221 2303 ambiguo
1244 2273 1308 2298 duci
1323 2272 1451 2303 partium,

127 2313 248 2337 Basso.-
260 2317 282 2334 ⁴2.
294 2312 427 2341 Oppidum
441 2313 615 2336 Etruscorum
630 2317 692 2335 cum
707 2311 791 2335 nobili
805 2313 894 2341 portu,
910 2317 924 2334 a
944 2316 998 2340 quo
1012 2310 1174 2334 Atriaticum
1188 2315 1262 2334 mare
1275 2310 1339 2334 ante
1359 2308 1453 2339 appel-

129 2347 248 2373 labatur.
264 2347 337 2375 quod
351 2352 424 2370 nunc
439 2347 617 2375 Adriaticum,
635 2347 814 2370 Plinius.-—5.
832 2347 930 2369 Amare
941 2347 970 2369 et
985 2350 1046 2369 cum
1062 2345 1154 2369 dolore
1166 2345 1278 2368 dictum.
1293 2344 1367 2369 conf.
1382 2344 1401 2373 i,
1412 2348 1451 2368 76-

159 2381 230 2406 xiii.
245 2386 264 2404 1.
275 2382 401 2406 intimum
420 2383 447 2406 et
461 2383 597 2405 secretum
610 2382 756 2405 concilium
770 2381 804 2404 de
814 2386 844 2405 re
856 2380 966 2404 militari
977 2380 1195 2404 habenduin.—2.
1212 2381 1255 2404 Sc.
1270 2380 1346 2409 dicit,
1356 2378 1452 2403 refert.

127 2416 236 2441 -s.Sc-
254 2417 319 2440 erat.
334 2417 367 2440 In
375 2417 462 2446 sama
481 2422 547 2444 esse.
571 2416 711 2445 vulgatum
726 2421 848 2440 esse—⁴.
871 2415 964 2439 Adhuc
977 2416 1136 2445 pectoribus
1158 2415 1327 2440 iucIusa.-1s.
1348 2414 1409 2438 vm.
1423 2413 1455 2441 ¹1,

127 2457 172 2482 affl
188 2454 262 2477 Arm.
276 2452 345 2482 XIV,
356 2456 393 2476 ⁴0.
406 2463 435 2469 —
445 2456 468 2475 a.
484 2451 621 2476 Classiam
636 2451 746 2482 milites,
762 2451 952 2481 undecumque
970 2452 1088 2481 corrasi,
1106 2450 1354 2476 contemnebantur
1368 2448 1402 2475 ab
1414 2447 1455 2472 Ie-
