1539 2668
456 159 558 190 a‚g1]‚
581 160 618 188 C.
643 159 716 189 811.
739 159 777 188 A.
801 161 836 190 C.
860 161 911 190 58,
1315 159 1381 189 199>

42 235 171 266 tertiam
193 234 258 266 diei
274 235 401 274 partem
413 234 528 265 nudati
545 234 842 274 propugnatoribus
854 234 959 273 muri,
977 233 1088 265 obices
1106 235 1280 274 *portarum
1295 235 1385 267 suh--

41 283 125 313 versi
139 305 148 320 ‚
165 285 263 322 capta
279 290 412 313 ascensu
438 281 642 313 nmnimenta
660 290 839 322 omnesque
861 282 997 323 puberes
1010 281 1164 312 trucidati
1180 282 1246 313 sint
1258 305 1267 320 ,
1285 283 1378 315 nulle

42 329 142 361 milite
163 331 281 361 amisso
292 353 301 368 ,
324 329 437 370 paucis
457 329 634 360 admodum
651 330 840 361 vulneratis.
857 333 889 362 et
906 329 1036 361 imbelle
1053 329 1170 368 vulgus
1181 328 1243 359 sub
1257 338 1380 362 corona

41 377 264 408 venundatum
279 376 312 417 ²3
334 376 455 416 reliqua
480 376 588 416 praeda
599 376 779 408 victoribus
805 378 913 408 cessit.
936 377 1008 408 Pari
1035 376 1164 407 fortuna
1192 376 1317 416 legatus
1339 387 1377 410 ae

41 424 214 462 praelectus
232 425 280 455 usi
304 427 397 462 suut,
415 423 588 463 tribusque
600 433 665 455 uua
680 424 736 455 die
753 424 894 455 castellis
905 424 1108 464 expugnatis,
1125 427 1232 455 cetera
1250 426 1376 457 terrore

41 473 74 501 et
94 471 156 502 alia
171 474 286 511 sponte
303 470 484 502 incolarum
497 471 528 502 in
543 471 742 503 deditionem
758 472 942 503 veniebant.
959 472 1044 503 unde
1060 473 1132 502 orta
1147 470 1264 502 fiducia
1280 473 1378 511 caput

41 518 144 557 gentis
158 521 312 550 Artaxata
328 517 544 558 aggrediendi.
572 527 632 550 nec
656 521 765 550 tamen
789 520 938 559 proximo
952 519 1068 550 itinere
1084 518 1191 549 ductae
1217 518 1377 558 legiones,

41 573 116 604 quae
133 565 161 596 si
186 574 315 596 amnem
342 569 469 597 Araxen
483 589 492 605 ,
517 565 574 605 qui
587 566 710 597 moenia
727 566 837 605 alluit,
867 569 966 606 ponte
982 566 1296 605 transgrederentur,
1317 565 1376 597 suh

41 612 144 644 ictum
158 611 324 643 dabantur
338 622 346 642 2
367 612 478 652 procul
495 614 527 644 et
547 613 714 644 latioribus
731 614 822 645 vadis
835 614 1001 645 transiere.

81 663 144 691 XL.
169 662 209 691 At
225 659 385 691 Tiridates
399 685 408 699 ,
425 659 547 700 pudore
563 662 596 692 et
610 663 698 692 metu
709 684 717 700 ‚
741 670 798 700 ne,
826 662 853 692 si
870 661 1086 692 concessisset
1099 659 1285 700 obsidioni,
1299 659 1382 692 nibil

40 707 112 747 opis
127 707 161 739 in
178 707 249 747 ipso
265 707 451 747 videretur;
470 708 497 739 si
524 708 731 748 prohiberet,
758 709 923 749 impeditis
952 709 1031 740 locis
1048 717 1146 748 seque
1164 710 1196 739 et
1216 709 1382 748 equestres

41 755 151 795 copias
168 755 327 794 illigaret,
346 756 460 786 statuit
477 757 641 795 postremo
669 756 837 788 ostendere
862 757 964 788 aciem
990 757 1022 787 et
1044 755 1119 786 dato
1138 755 1210 786 die¹
1231 754 1384 795 proelium

41 801 200 843 incipere,
225 803 275 833 vel
292 803 498 834 simulatione
514 803 598 842 fugae
615 804 721 834 locum
742 804 845 835 fraudi
860 813 982 844 parare.
1001 803 1103 842 Igitur
1120 804 1252 842 repente
1265 811 1382 842 agmen

41 852 224 881 Romanum
237 850 488 889 circumtonuit,
505 859 569 881 non
587 850 699 890 ignaro
715 851 798 882 duee
816 854 927 882 nostro
940 875 949 889 ‚
973 851 1028 890 qui
1048 850 1110 880 viae
1126 850 1247 889 pariter
1266 851 1299 881 et
1325 858 1383 890 pu-

41 905 113 936 gnae
133 900 361 937 composuerat
389 898 578 928 exercitum.
609 897 709 928 latere
736 898 853 928 dextro
878 898 974 929 tertia
1001 897 1082 935 legio
1094 921 1102 935 ‚
1129 896 1261 927 sinistro
1287 897 1384 928 sexta.

41 943 228 982 incedebat,
243 944 357 976 mediis
375 945 631 976 decumanorum
651 945 781 976 delectis
798 946 808 962 '-'
825 957 833 984 3
852 948 977 984 recepta
996 945 1078 975 inter
1093 944 1223 975 ordines
1240 943 1383 983 impedi-

42 992 173 1031 menta,
191 995 223 1022 et
243 995 364 1031 tergum
383 992 468 1023 mille
480 993 603 1033 equites
617 992 806 1031 tuebantur,
824 993 943 1032 quibus
957 992 1099 1031 jusserat
1111 993 1151 1022 ¹ch
1167 991 1382 1024 instantibus

41 1040 196 1070 cominus
210 1041 411 1070 resisterent
424 1064 432 1079 ‚
448 1040 588 1080 refugies
607 1048 672 1071 non
691 1042 929 1080 sequarmtlur.
956 1040 989 1070 in
1008 1038 1160 1069 cornibus
1184 1038 1281 1077 pedes
1293 1062 1303 1077 ‚
1334 1046 1383 1069 sa·

42 1085 191 1124 gittarius
204 1089 236 1117 et
252 1089 360 1117 cetera
376 1096 490 1117 manus
507 1088 654 1126 equitum
670 1087 755 1124 ibat,
770 1086 977 1126 productiore
994 1094 1156 1117 cornuum
1177 1085 1309 1116 sinistro
1327 1093 1384 1124 per

42 1132 108 1163 ima
123 1133 274 1172 collium,
292 1136 346 1172 ut,
364 1134 391 1164 si
408 1134 511 1165 hostis
531 1134 733 1172 intravisset,
762 1135 866 1164 l'route
889 1134 988 1164 simul
1012 1135 1046 1164 et
1069 1133 1143 1163 sinu
1166 1132 1382 1172 exciperetur.

43 1179 201 1210 assultare
218 1189 257 1210 ex
276 1181 406 1211 diverso
418 1181 595 1220 Tiridates,
609 1190 673 1211 uon
692 1189 793 1220 usque
809 1180 850 1211 ad
865 1180 990 1219 jactum
1015 1179 1090 1218 teli,
1114 1179 1169 1210 sed
1189 1182 1259 1209 tum
1287 1178 1383 1210 mini—

45 1228 137 1266 tans,
153 1228 223 1258 tum
243 1227 350 1266 specie
378 1228 587 1267 trepidantis,
616 1227 666 1258 si3
696 1228 804 1258 laxare
821 1227 949 1257 ordines
972 1228 1004 1257 et
1031 1226 1177 1257 diversos
1204 1226 1384 1257 consectari

45 1275 166 1313 posset.
190 1274 244 1304 ubi
263 1274 342 1304 nihil
358 1275 538 1306 temeritate
554 1275 697 1305 solutum
710 1298 718 1312 ,
734 1284 794 1305 uec
807 1274 947 1313 amplius
963 1282 1060 1313 quam
1075 1273 1207 1304 decurio
1220 1273 1382 1312 equitum,

46 1320 221 1352 audentius
238 1330 425 1360 progressus
442 1324 474 1352 et
490 1322 616 1361 sagittis
629 1321 777 1352 confixus
789 1346 797 1359 ,
825 1325 949 1352 ceteros
971 1321 1011 1351 ad
1026 1319 1219 1359 obsequium
1233 1320 1382 1360 exemplo

44 1366 248 1406 firmaverat,
272 1369 461 1408 propinquis
474 1370 540 1407 jam
557 1368 698 1399 tenebris
716 1368 882 1399 abscessit.

85 1417 164 1446 XLI.
190 1416 227 1445 Et
243 1415 399 1453 Corbulo,
417 1418 521 1446 castra
536 1417 569 1446 in
584 1415 654 1446 loco
670 1417 812 1446 metatus
826 1439 834 1453 ,
852 1424 891 1445 an
905 1413 1065 1454 expeditis
1080 1413 1262 1453 legionibus
1285 1414 1381 1446 nocte

46 1463 198 1493 Artaxata
212 1465 357 1502 pergeret
379 1462 569 1502 obsidioque
592 1463 829 1501 circumdaret,
849 1462 999 1500 agitarit,
1018 1460 1215 1491 concessisse
1234 1460 1310 1492 illuc
1326 1462 1381 1492 Ti-

45 1509 171 1540 ridaten
185 1512 285 1540 ratus.
307 1509 399 1549 dein,
429 1512 602 1550 postquam
629 1510 850 1550 exploratores
873 1509 1011 1540 attulere
1041 1509 1269 1548 lonmnquum
1292 1511 1382 1549 reqis

45 1558 124 1595 iter,
145 1558 178 1588 et
192 1557 283 1588 Medi
295 1582 303 1596 ,
321 1566 368 1588 an
385 1557 510 1588 Albam·
522 1559 742 1597 ]›elet·er1lw·,
761 1558 946 1594 incertum,
972 1556 1075 1587 lucem
1096 1555 1283 1595 opperitur;
1303 1564 1382 1595 prae-

43 1603 207 1643 missaque
220 1604 300 1635 iexis
317 1608 479 1635 armatura
492 1627 501 1642 ‚
528 1614 603 1644 quae
630 1613 743 1635 muros
769 1604 897 1635 iuterim
915 1603 1074 1641 ambiret,
1095 1603 1383 1642 oppugnationem·

43 1651 247 1690 que-eminus
262 1652 429 1692 inciperet.
447 1652 503 1683 sed
526 1652 700 1692 oppidani,
719 1652 819 1691 portis
842 1653 957 1691 sponte
982 1650 1173 1690 patefactis,
1199 1658 1233 1680 se
1258 1657 1381 1689 suaque

44 1698 199 1730 Romanis
216 1700 399 1739 permisere.
417 1699 504 1739 quod
528 1700 667 1730 salutem
694 1699 773 1738 ipsis
790 1699 874 1730 tulit.
905 1698 1067 1729 Artaxatis
1084 1697 1166 1737 ignis
1190 1696 1357 1727 immissus
1369 1719 1379 1736 ,

43 1745 216 1785 delataque
231 1748 263 1777 et
287 1747 358 1777 solo
380 1749 510 1786 aequata
530 1750 624 1785 sunt,
645 1747 721 1786 quia
738 1755 799 1778 nec
815 1746 918 1777 teneri
939 1747 1007 1776 siue
1035 1744 1144 1776 valido
1169 1743 1320 1784 praesidio
1338 1743 1380 1774 ob

43 1792 299 1832 magnitudinem
315 1794 471 1824 moenium
492 1794 516 1833 ¹,
533 1802 592 1824 nec
606 1793 638 1824 id
654 1793 749 1824 nobis
764 1793 882 1824 virium
901 1795 970 1824 erat
991 1792 1077 1832 quod
1099 1790 1257 1822 firmando
1274 1791 1383 1831 praesi-

44 1838 100 1869 dio
112 1842 146 1870 et
160 1841 356 1880 capessendo
371 1841 453 1871 bello
467 1840 665 1871 divideretur
678 1850 685 1871 :
711 1841 762 1871 vel
779 1841 805 1870 si
820 1840 945 1879 integra
959 1842 991 1871 et
1004 1839 1206 1870 incustodita
1223 1838 1382 1877 relinque·

43 1888 168 1926 rentur,
186 1887 275 1917 milla
293 1887 325 1917 iu
347 1896 386 1918 eo
402 1887 525 1918 utilitas
535 1889 593 1917 aut
605 1887 723 1926 gloria,
739 1886 826 1926 quod
840 1889 934 1926 capta
946 1889 1065 1917 essent.
1082 1885 1231 1924 adjicitur
1247 1884 1382 1915 miracu-

43 1934 111 1964 lum
129 1934 220 1965 velut
232 1934 363 1965 numine
377 1934 543 1965 oblatum:
561 1942 636 1964 nam
663 1935 784 1964 cuncta
808 1936 901 1964 extra
922 1933 1017 1964 tectis
1036 1934 1131 1963 tenus
1154 1932 1221 1962 sole
1245 1931 1382 1962 illustria

44 1983 152 2020 suere3
171 1981 259 2021 quod
273 1981 433 2012 moenibus
450 1980 649 2020 cingebatur,
670 1983 803 2020 repente
818 1980 862 2011 ita
880 1984 950 2011 atra
962 1979 1048 2010 nube
1064 1981 1253 2018 coopertum
1278 1978 1383 2017 fulgu-

43 2029 196 2069 ribusque
211 2029 388 2060 discretum
405 2030 475 2067 est,
493 2031 528 2060 ut
545 2028 635 2068 quasi
662 2028 899 2059 infensantibus
921 2028 990 2059 deis
1015 2027 1114 2058 exitio
1130 2026 1214 2057 tradi
1238 2026 1381 2058 credere-

43 2078 106 2108 tur.
126 2076 175 2108 Ob
188 2076 258 2108 haec
273 2077 497 2107 consalutatus
517 2077 709 2116 imperator
722 2079 806 2106 Nero
817 2099 826 2114 ,
843 2084 883 2106 ex
901 2073 1183 2106 senatusconsulto
1208 2074 1379 2113 supplica-

45 2124 153 2155 tiones
171 2123 308 2162 habitae3
335 2126 369 2155 et
385 2132 489 2155 arcus
513 2125 546 2154 et
562 2124 719 2154 continui
736 2122 939 2153 consulatus
956 2123 1135 2161 Principi,
1162 2122 1270 2161 utque
1286 2122 1381 2152 inter

37 2169 150 2210 festos
163 2170 358 2210 referretur
371 2171 442 2203 dies
458 2179 525 2211 quo
533 2172 683 2210 patra-ta
701 2171 857 2208 victoria,
872 2178 939 2210 quo
949 2171 1130 2207 nuntiata,
1145 2177 1211 2209 quo
1224 2168 1388 2199 relatum.

44 2215 140 2248 deca
147 2221 238 2249 ¹esset*
247 2242 256 2258 ,
271 2218 396 2259 aliaque
408 2219 441 2250 in
450 2218 591 2250 eandem
604 2217 740 2248 sormam
753 2217 982 2254 decernuntur,
994 2216 1074 2247 adeo
1087 2215 1223 2246 modum
1234 2222 1378 2255 egressa,

46 2314 150 2333 corona
163 2309 353 2339 imponebatur
364 2317 462 2336 venum
477 2312 615 2335 euntibus.

75 2346 128 2370 XL.
149 2350 170 2368 ι.
187 2345 231 2369 Sc.
253 2348 415 2375 opportuno.
430 2360 457 2365 -
471 2352 494 2370 2.
508 2348 595 2376 Quum
618 2346 700 2370 medii
713 2346 804 2370 essent
830 2351 862 2370 ex
882 2345 988 2369 decima
1004 2344 1112 2374 legione
1128 2342 1238 2368 delecti.
1255 2348 1308 2367 —5
1332 2341 1378 2366 Sc,

47 2380 134 2408 toi-tea
147 2385 181 2404 ea
194 2386 252 2410 spe.
269 2381 385 2406 tortasse
397 2382 518 2406 futurum
531 2388 590 2406 esse
601 2384 640 2406 u-t.

73 2415 144 2441 m.
154 2420 180 2441 a·
189 2416 292 2446 supple
302 2418 452 2447 ‘poter-ant,
460 2423 499 2442 ¹ex
515 2418 831 2447 sententiascqucntium
