<?xml version="1.0" encoding="UTF-8"?>
<!DOCTYPE html PUBLIC "-//W3C//DTD XHTML 1.0 Transitional//EN"
    "http://www.w3.org/TR/xhtml1/DTD/xhtml1-transitional.dtd">
<html xmlns="http://www.w3.org/1999/xhtml" xml:lang="en" lang="en">
 <head>
  <title>
</title>
<meta http-equiv="Content-Type" content="text/html;charset=utf-8" />
  <meta name='ocr-system' content='tesseract 3.04.00' />
  <meta name='ocr-capabilities' content='ocr_page ocr_carea ocr_par ocr_line ocrx_word'/>
</head>
<body>
  <div class='ocr_page' id='page_1' title='image "./operaquaesupersu00taciuoft/operaquaesupersu00taciuoft_0036.png"; bbox 0 0 1539 2668; ppageno 0'>
   <div class='ocr_carea' id='block_1_1' title="bbox 156 152 1065 182">
    <p class='ocr_par' dir='ltr' id='par_1_1' title="bbox 156 152 1065 182">
     <span class='ocr_line' id='line_1_1' title="bbox 156 152 1065 182; baseline -0.001 0"><span class='ocrx_word' id='word_1_1' title='bbox 156 152 176 182; x_wconf 68' lang='lat'>⁴</span> <span class='ocrx_word' id='word_1_2' title='bbox 563 152 694 181; x_wconf 83' lang='lat' dir='ltr'><strong>TACITI</strong></span> <span class='ocrx_word' id='word_1_3' title='bbox 718 152 924 181; x_wconf 69' lang='lat' dir='ltr'><strong>ANNALIUM</strong></span> <span class='ocrx_word' id='word_1_4' title='bbox 946 153 1017 181; x_wconf 84' lang='lat' dir='ltr'><strong>LlB.</strong></span> <span class='ocrx_word' id='word_1_5' title='bbox 1043 154 1065 182; x_wconf 85' lang='lat'><strong>1.</strong></span> 
     </span>
    </p>
   </div>
   <div class='ocr_carea' id='block_1_2' title="bbox 150 225 1486 2063">
    <p class='ocr_par' dir='ltr' id='par_1_2' title="bbox 155 225 1481 881">
     <span class='ocr_line' id='line_1_2' title="bbox 198 225 1468 267; baseline 0.002 -10"><span class='ocrx_word' id='word_1_6' title='bbox 198 229 237 257; x_wconf 81' lang='lat' dir='ltr'><strong>V.</strong></span> <span class='ocrx_word' id='word_1_7' title='bbox 256 229 332 257; x_wconf 80' lang='lat' dir='ltr'><strong>Haec</strong></span> <span class='ocrx_word' id='word_1_8' title='bbox 345 227 440 264; x_wconf 87' lang='lat' dir='ltr'><strong>atque</strong></span> <span class='ocrx_word' id='word_1_9' title='bbox 455 225 531 256; x_wconf 85' lang='lat' dir='ltr'><strong>talia</strong></span> <span class='ocrx_word' id='word_1_10' title='bbox 553 225 749 265; x_wconf 79' lang='lat' dir='ltr'>agitantibus</span> <span class='ocrx_word' id='word_1_11' title='bbox 764 233 949 263; x_wconf 73' lang='lat' dir='ltr'><strong>gravescere</strong></span> <span class='ocrx_word' id='word_1_12' title='bbox 964 225 1115 257; x_wconf 87' lang='lat' dir='ltr'><strong>valetudo</strong></span> <span class='ocrx_word' id='word_1_13' title='bbox 1129 226 1276 266; x_wconf 80' lang='lat' dir='ltr'><strong>Augusti,</strong></span> <span class='ocrx_word' id='word_1_14' title='bbox 1290 229 1322 258; x_wconf 90' lang='lat' dir='ltr'><strong>et</strong></span> <span class='ocrx_word' id='word_1_15' title='bbox 1334 227 1468 267; x_wconf 86' lang='lat' dir='ltr'><strong>qnidam</strong></span> 
     </span>
     <span class='ocr_line' id='line_1_3' title="bbox 156 272 1475 314; baseline 0.001 -9"><span class='ocrx_word' id='word_1_16' title='bbox 156 274 261 305; x_wconf 86' lang='lat' dir='ltr'><strong>scelus</strong></span> <span class='ocrx_word' id='word_1_17' title='bbox 285 273 394 304; x_wconf 77' lang='lat' dir='ltr'><strong>uxoris</strong></span> <span class='ocrx_word' id='word_1_18' title='bbox 407 272 651 313; x_wconf 80' lang='lat' dir='ltr'><strong>suspectabant3</strong></span> <span class='ocrx_word' id='word_1_19' title='bbox 676 272 793 312; x_wconf 90' lang='lat' dir='ltr'><strong>quippe</strong></span> <span class='ocrx_word' id='word_1_20' title='bbox 817 281 925 303; x_wconf 88' lang='lat' dir='ltr'><strong>rumor</strong></span> <span class='ocrx_word' id='word_1_21' title='bbox 948 272 1132 312; x_wconf 78' lang='lat' dir='ltr'><strong>incesserat,</strong></span> <span class='ocrx_word' id='word_1_22' title='bbox 1155 282 1273 314; x_wconf 87' lang='lat' dir='ltr'><strong>paucos</strong></span> <span class='ocrx_word' id='word_1_23' title='bbox 1292 275 1366 305; x_wconf 85' lang='lat' dir='ltr'><strong>ante</strong></span> <span class='ocrx_word' id='word_1_24' title='bbox 1389 283 1475 306; x_wconf 86' lang='lat' dir='ltr'><strong>men·</strong></span> 
     </span>
     <span class='ocr_line' id='line_1_4' title="bbox 156 319 1473 362; baseline -0.002 -8"><span class='ocrx_word' id='word_1_25' title='bbox 156 331 206 355; x_wconf 86' lang='lat' dir='ltr'><strong>ses</strong></span> <span class='ocrx_word' id='word_1_26' title='bbox 228 324 410 362; x_wconf 86' lang='lat' dir='ltr'><strong>Augustum</strong></span> <span class='ocrx_word' id='word_1_27' title='bbox 431 321 541 353; x_wconf 87' lang='lat' dir='ltr'><strong>electis</strong></span> <span class='ocrx_word' id='word_1_28' title='bbox 565 319 703 352; x_wconf 88' lang='lat' dir='ltr'><strong>consciis</strong></span> <span class='ocrx_word' id='word_1_29' title='bbox 728 323 760 351; x_wconf 87' lang='lat' dir='ltr'><strong>et</strong></span> <span class='ocrx_word' id='word_1_30' title='bbox 781 320 898 352; x_wconf 83' lang='lat' dir='ltr'><strong>comite</strong></span> <span class='ocrx_word' id='word_1_31' title='bbox 926 329 989 351; x_wconf 94' lang='lat' dir='ltr'><strong>uno</strong></span> <span class='ocrx_word' id='word_1_32' title='bbox 1013 320 1108 352; x_wconf 88' lang='lat' dir='ltr'><strong>Fabio</strong></span> <span class='ocrx_word' id='word_1_33' title='bbox 1131 322 1272 352; x_wconf 75' lang='lat' dir='ltr'><strong>Maximo</strong></span> <span class='ocrx_word' id='word_1_34' title='bbox 1295 321 1473 353; x_wconf 71' lang='lat' dir='ltr'>Planasiam</span> 
     </span>
     <span class='ocr_line' id='line_1_5' title="bbox 157 366 1476 408; baseline -0.003 -5"><span class='ocrx_word' id='word_1_35' title='bbox 157 374 287 403; x_wconf 83' lang='lat' dir='ltr'><strong>vectum</strong></span> <span class='ocrx_word' id='word_1_36' title='bbox 304 369 344 401; x_wconf 89' lang='lat' dir='ltr'><strong>ad</strong></span> <span class='ocrx_word' id='word_1_37' title='bbox 360 368 527 400; x_wconf 88' lang='lat' dir='ltr'><strong>visendum</strong></span> <span class='ocrx_word' id='word_1_38' title='bbox 544 368 715 408; x_wconf 80' lang='lat' dir='ltr'>Agrippam</span> <span class='ocrx_word' id='word_1_39' title='bbox 733 376 740 398; x_wconf 89' lang='lat'>:</span> <span class='ocrx_word' id='word_1_40' title='bbox 758 367 875 398; x_wconf 88' lang='lat' dir='ltr'><strong>multas</strong></span> <span class='ocrx_word' id='word_1_41' title='bbox 893 366 956 398; x_wconf 85' lang='lat' dir='ltr'><strong>illic</strong></span> <span class='ocrx_word' id='word_1_42' title='bbox 979 368 1141 408; x_wconf 87' lang='lat' dir='ltr'><strong>utrimque</strong></span> <span class='ocrx_word' id='word_1_43' title='bbox 1158 367 1308 399; x_wconf 80' lang='lat' dir='ltr'>lacrimas</span> <span class='ocrx_word' id='word_1_44' title='bbox 1332 371 1363 399; x_wconf 88' lang='lat' dir='ltr'><strong>et</strong></span> <span class='ocrx_word' id='word_1_45' title='bbox 1385 368 1476 408; x_wconf 82' lang='lat' dir='ltr'><strong>signa</strong></span> 
     </span>
     <span class='ocr_line' id='line_1_6' title="bbox 156 414 1474 457; baseline -0.002 -8"><span class='ocrx_word' id='word_1_46' title='bbox 156 417 313 455; x_wconf 83' lang='lat' dir='ltr'><strong>caritatis,</strong></span> <span class='ocrx_word' id='word_1_47' title='bbox 330 425 484 457; x_wconf 84' lang='lat' dir='ltr'><strong>spemque</strong></span> <span class='ocrx_word' id='word_1_48' title='bbox 500 425 537 447; x_wconf 85' lang='lat' dir='ltr'><strong>ex</strong></span> <span class='ocrx_word' id='word_1_49' title='bbox 561 425 599 447; x_wconf 88' lang='lat' dir='ltr'><strong>eo</strong></span> <span class='ocrx_word' id='word_1_50' title='bbox 617 416 684 446; x_wconf 85' lang='lat' dir='ltr'><strong>l&#39;ore</strong></span> <span class='ocrx_word' id='word_1_51' title='bbox 702 417 735 445; x_wconf 87' lang='lat' dir='ltr'><strong>ut</strong></span> <span class='ocrx_word' id='word_1_52' title='bbox 751 414 881 454; x_wconf 77' lang='lat' dir='ltr'><strong>juvenis</strong></span> <span class='ocrx_word' id='word_1_53' title='bbox 899 415 1065 456; x_wconf 89' lang='lat' dir='ltr'><strong>penatibus</strong></span> <span class='ocrx_word' id='word_1_54' title='bbox 1088 415 1139 447; x_wconf 86' lang='lat' dir='ltr'><strong>avi</strong></span> <span class='ocrx_word' id='word_1_55' title='bbox 1167 415 1363 448; x_wconf 77' lang='lat' dir='ltr'><strong>redderetur.</strong></span> <span class='ocrx_word' id='word_1_56' title='bbox 1389 415 1474 455; x_wconf 86' lang='lat' dir='ltr'><strong>quod</strong></span> 
     </span>
     <span class='ocr_line' id='line_1_7' title="bbox 156 461 1477 503; baseline -0.002 -7"><span class='ocrx_word' id='word_1_57' title='bbox 156 465 336 497; x_wconf 88' lang='lat' dir='ltr'><strong>Maximum</strong></span> <span class='ocrx_word' id='word_1_58' title='bbox 362 464 455 495; x_wconf 80' lang='lat' dir='ltr'><strong>uxori</strong></span> <span class='ocrx_word' id='word_1_59' title='bbox 482 463 607 495; x_wconf 78' lang='lat' dir='ltr'><strong>Marciae</strong></span> <span class='ocrx_word' id='word_1_60' title='bbox 630 462 808 502; x_wconf 85' lang='lat' dir='ltr'><strong>aperuisse,</strong></span> <span class='ocrx_word' id='word_1_61' title='bbox 835 461 920 493; x_wconf 90' lang='lat' dir='ltr'><strong>illam</strong></span> <span class='ocrx_word' id='word_1_62' title='bbox 950 462 1070 495; x_wconf 85' lang='lat' dir='ltr'><strong>Liviae:</strong></span> <span class='ocrx_word' id='word_1_63' title='bbox 1089 464 1242 503; x_wconf 69' lang='lat' dir='ltr'><strong>gnarum*</strong></span> <span class='ocrx_word' id='word_1_64' title='bbox 1272 463 1306 495; x_wconf 89' lang='lat' dir='ltr'><strong>id</strong></span> <span class='ocrx_word' id='word_1_65' title='bbox 1330 462 1448 494; x_wconf 76' lang='lat' dir='ltr'><strong>Caesari</strong></span> <span class='ocrx_word' id='word_1_66' title='bbox 1469 472 1477 493; x_wconf 74' lang='grc' dir='ltr'>ε</span> 
     </span>
     <span class='ocr_line' id='line_1_8' title="bbox 155 509 1479 552; baseline -0.002 -9"><span class='ocrx_word' id='word_1_67' title='bbox 155 521 262 552; x_wconf 84' lang='lat' dir='ltr'><strong>neque</strong></span> <span class='ocrx_word' id='word_1_68' title='bbox 287 511 389 543; x_wconf 83' lang='lat' dir='ltr'><strong>multo</strong></span> <span class='ocrx_word' id='word_1_69' title='bbox 408 515 479 552; x_wconf 84' lang='lat' dir='ltr'><strong>post</strong></span> <span class='ocrx_word' id='word_1_70' title='bbox 495 510 654 542; x_wconf 77' lang='lat' dir='ltr'><strong>exstincto</strong></span> <span class='ocrx_word' id='word_1_71' title='bbox 673 509 825 548; x_wconf 73' lang='lat' dir='ltr'><strong>Maximo,</strong></span> <span class='ocrx_word' id='word_1_72' title='bbox 846 509 980 540; x_wconf 90' lang='lat' dir='ltr'><strong>dubium</strong></span> <span class='ocrx_word' id='word_1_73' title='bbox 1004 519 1043 541; x_wconf 88' lang='lat' dir='ltr'><strong>an</strong></span> <span class='ocrx_word' id='word_1_74' title='bbox 1067 511 1202 551; x_wconf 86' lang='lat' dir='ltr'><strong>quaesita</strong></span> <span class='ocrx_word' id='word_1_75' title='bbox 1219 512 1333 550; x_wconf 85' lang='lat' dir='ltr'><strong>morte,</strong></span> <span class='ocrx_word' id='word_1_76' title='bbox 1350 510 1479 541; x_wconf 87' lang='lat' dir='ltr'><strong>auditos</strong></span> 
     </span>
     <span class='ocr_line' id='line_1_9' title="bbox 155 557 1481 598; baseline -0.002 -8"><span class='ocrx_word' id='word_1_77' title='bbox 155 561 189 589; x_wconf 85' lang='lat' dir='ltr'><strong>in</strong></span> <span class='ocrx_word' id='word_1_78' title='bbox 216 559 327 590; x_wconf 80' lang='lat' dir='ltr'><strong>funere</strong></span> <span class='ocrx_word' id='word_1_79' title='bbox 351 558 418 598; x_wconf 82' lang='lat' dir='ltr'><strong>ejus</strong></span> <span class='ocrx_word' id='word_1_80' title='bbox 451 557 579 590; x_wconf 76' lang='lat' dir='ltr'><strong>Marciae</strong></span> <span class='ocrx_word' id='word_1_81' title='bbox 605 557 742 597; x_wconf 78' lang='lat' dir='ltr'><strong>gemitus</strong></span> <span class='ocrx_word' id='word_1_82' title='bbox 769 558 870 588; x_wconf 84' lang='lat' dir='ltr'><strong>semet</strong></span> <span class='ocrx_word' id='word_1_83' title='bbox 902 557 1101 596; x_wconf 85' lang='lat' dir='ltr'><strong>incusantis,</strong></span> <span class='ocrx_word' id='word_1_84' title='bbox 1126 557 1216 598; x_wconf 79' lang='lat' dir='ltr'><strong>qnod</strong></span> <span class='ocrx_word' id='word_1_85' title='bbox 1247 566 1353 589; x_wconf 76' lang='lat' dir='ltr'><strong>eausa</strong></span> <span class='ocrx_word' id='word_1_86' title='bbox 1382 557 1481 588; x_wconf 74' lang='lat' dir='ltr'><strong>exicii</strong></span> 
     </span>
     <span class='ocr_line' id='line_1_10' title="bbox 155 603 1479 646; baseline -0.002 -10"><span class='ocrx_word' id='word_1_87' title='bbox 155 608 280 637; x_wconf 73' lang='lat' dir='ltr'><strong>‘marito</strong></span> <span class='ocrx_word' id='word_1_88' title='bbox 294 606 433 646; x_wconf 71' lang='lat' dir='ltr'><strong>fuisset.</strong></span> <span class='ocrx_word' id='word_1_89' title='bbox 453 608 635 645; x_wconf 80' lang='lat' dir='ltr'><strong>Utcumque</strong></span> <span class='ocrx_word' id='word_1_90' title='bbox 661 613 695 635; x_wconf 88' lang='lat' dir='ltr'><strong>se</strong></span> <span class='ocrx_word' id='word_1_91' title='bbox 711 613 748 635; x_wconf 88' lang='lat' dir='ltr'><strong>ea</strong></span> <span class='ocrx_word' id='word_1_92' title='bbox 771 612 820 634; x_wconf 85' lang='lat' dir='ltr'><strong>res</strong></span> <span class='ocrx_word' id='word_1_93' title='bbox 837 603 961 643; x_wconf 80' lang='lat' dir='ltr'><strong>babuit,</strong></span> <span class='ocrx_word' id='word_1_94' title='bbox 981 605 1116 636; x_wconf 68' lang='lat' dir='ltr'><strong>vixdum</strong></span> <span class='ocrx_word' id='word_1_95' title='bbox 1135 605 1299 645; x_wconf 81' lang='lat' dir='ltr'><strong>ingressus</strong></span> <span class='ocrx_word' id='word_1_96' title='bbox 1315 604 1479 645; x_wconf 77' lang='lat' dir='ltr'><strong>illyricum</strong></span> 
     </span>
     <span class='ocr_line' id='line_1_11' title="bbox 155 650 1478 693; baseline -0.001 -10"><span class='ocrx_word' id='word_1_97' title='bbox 155 652 304 684; x_wconf 86' lang='lat' dir='ltr'><strong>Tiberius</strong></span> <span class='ocrx_word' id='word_1_98' title='bbox 331 653 473 693; x_wconf 84' lang='lat' dir='ltr'><strong>properis</strong></span> <span class='ocrx_word' id='word_1_99' title='bbox 506 651 616 683; x_wconf 86' lang='lat' dir='ltr'><strong>matris</strong></span> <span class='ocrx_word' id='word_1_100' title='bbox 643 650 756 682; x_wconf 84' lang='lat' dir='ltr'><strong>litteris</strong></span> <span class='ocrx_word' id='word_1_101' title='bbox 779 652 900 683; x_wconf 75' lang='lat' dir='ltr'><strong>accitur</strong></span> <span class='ocrx_word' id='word_1_102' title='bbox 927 661 934 681; x_wconf 91' lang='lat'>:</span> <span class='ocrx_word' id='word_1_103' title='bbox 959 660 1063 692; x_wconf 88' lang='lat' dir='ltr'><strong>neque</strong></span> <span class='ocrx_word' id='word_1_104' title='bbox 1086 652 1163 683; x_wconf 86' lang='lat' dir='ltr'><strong>satis</strong></span> <span class='ocrx_word' id='word_1_105' title='bbox 1186 655 1389 692; x_wconf 83' lang='lat' dir='ltr'><strong>compertum</strong></span> <span class='ocrx_word' id='word_1_106' title='bbox 1408 652 1478 690; x_wconf 89' lang='lat' dir='ltr'><strong>est,</strong></span> 
     </span>
     <span class='ocr_line' id='line_1_12' title="bbox 156 698 1479 739; baseline 0.001 -10"><span class='ocrx_word' id='word_1_107' title='bbox 156 700 330 739; x_wconf 80' lang='lat' dir='ltr'><strong>spirantem</strong></span> <span class='ocrx_word' id='word_1_108' title='bbox 348 700 455 731; x_wconf 79' lang='lat' dir='ltr'><strong>adhuc</strong></span> <span class='ocrx_word' id='word_1_109' title='bbox 472 702 651 739; x_wconf 81' lang='lat' dir='ltr'><strong>Augustum</strong></span> <span class='ocrx_word' id='word_1_110' title='bbox 669 698 753 738; x_wconf 87' lang='lat' dir='ltr'><strong>apud</strong></span> <span class='ocrx_word' id='word_1_111' title='bbox 770 699 879 730; x_wconf 91' lang='lat' dir='ltr'><strong>urbem</strong></span> <span class='ocrx_word' id='word_1_112' title='bbox 897 699 1009 730; x_wconf 86' lang='lat' dir='ltr'><strong>Nolam</strong></span> <span class='ocrx_word' id='word_1_113' title='bbox 1026 699 1036 716; x_wconf 84' lang='lat'><em>²</em></span> <span class='ocrx_word' id='word_1_114' title='bbox 1055 708 1095 730; x_wconf 87' lang='lat' dir='ltr'><strong>an</strong></span> <span class='ocrx_word' id='word_1_115' title='bbox 1112 699 1294 730; x_wconf 75' lang='lat' dir='ltr'><strong>exanimem</strong></span> <span class='ocrx_word' id='word_1_116' title='bbox 1313 698 1479 739; x_wconf 85' lang='lat' dir='ltr'><strong>repererit.</strong></span> 
     </span>
     <span class='ocr_line' id='line_1_13' title="bbox 156 745 1480 787; baseline 0 -10"><span class='ocrx_word' id='word_1_117' title='bbox 156 747 284 778; x_wconf 80' lang='lat' dir='ltr'><strong>acribus</strong></span> <span class='ocrx_word' id='word_1_118' title='bbox 298 747 309 764; x_wconf 86' lang='lat'>³</span> <span class='ocrx_word' id='word_1_119' title='bbox 334 756 472 787; x_wconf 82' lang='lat' dir='ltr'><strong>namque</strong></span> <span class='ocrx_word' id='word_1_120' title='bbox 488 746 644 778; x_wconf 85' lang='lat' dir='ltr'><strong>custodiis</strong></span> <span class='ocrx_word' id='word_1_121' title='bbox 660 746 792 777; x_wconf 90' lang='lat' dir='ltr'><strong>domum</strong></span> <span class='ocrx_word' id='word_1_122' title='bbox 813 748 845 778; x_wconf 88' lang='lat' dir='ltr'><strong>et</strong></span> <span class='ocrx_word' id='word_1_123' title='bbox 863 746 931 777; x_wconf 79' lang='lat' dir='ltr'><strong>vias</strong></span> <span class='ocrx_word' id='word_1_124' title='bbox 948 748 1091 786; x_wconf 75' lang='lat' dir='ltr'><strong>sepserat</strong></span> <span class='ocrx_word' id='word_1_125' title='bbox 1115 746 1214 783; x_wconf 86' lang='lat' dir='ltr'><strong>Livia,</strong></span> <span class='ocrx_word' id='word_1_126' title='bbox 1237 745 1365 785; x_wconf 68' lang='lat' dir='ltr'><strong>helique</strong></span> <span class='ocrx_word' id='word_1_127' title='bbox 1381 746 1480 777; x_wconf 86' lang='lat' dir='ltr'><strong>inter-</strong></span> 
     </span>
     <span class='ocr_line' id='line_1_14' title="bbox 155 791 1476 834; baseline -0.001 -10"><span class='ocrx_word' id='word_1_128' title='bbox 155 795 232 825; x_wconf 88' lang='lat' dir='ltr'><strong>dum</strong></span> <span class='ocrx_word' id='word_1_129' title='bbox 256 794 360 825; x_wconf 89' lang='lat' dir='ltr'><strong>nuntii</strong></span> <span class='ocrx_word' id='word_1_130' title='bbox 393 794 621 834; x_wconf 85' lang='lat' dir='ltr'><strong>vulgabantur,</strong></span> <span class='ocrx_word' id='word_1_131' title='bbox 651 793 753 824; x_wconf 89' lang='lat' dir='ltr'><strong>donec</strong></span> <span class='ocrx_word' id='word_1_132' title='bbox 773 794 909 834; x_wconf 86' lang='lat' dir='ltr'><strong>provisis</strong></span> <span class='ocrx_word' id='word_1_133' title='bbox 936 803 1009 834; x_wconf 71' lang='lat' dir='ltr'><strong>quw</strong></span> <span class='ocrx_word' id='word_1_134' title='bbox 1030 795 1159 834; x_wconf 82' lang='lat' dir='ltr'><strong>tempus</strong></span> <span class='ocrx_word' id='word_1_135' title='bbox 1186 792 1356 831; x_wconf 87' lang='lat' dir='ltr'><strong>monebat,</strong></span> <span class='ocrx_word' id='word_1_136' title='bbox 1380 791 1476 823; x_wconf 86' lang='lat' dir='ltr'><strong>simul</strong></span> 
     </span>
     <span class='ocr_line' id='line_1_15' title="bbox 155 840 1321 881; baseline -0.001 -10"><span class='ocrx_word' id='word_1_137' title='bbox 155 841 329 872; x_wconf 66' lang='lat' dir='ltr'><strong>excessisse</strong></span> <span class='ocrx_word' id='word_1_138' title='bbox 346 844 525 881; x_wconf 71' lang='lat' dir='ltr'><strong>Augustum</strong></span> <span class='ocrx_word' id='word_1_139' title='bbox 541 843 573 872; x_wconf 91' lang='lat' dir='ltr'><strong>et</strong></span> <span class='ocrx_word' id='word_1_140' title='bbox 590 849 695 871; x_wconf 92' lang='lat' dir='ltr'><strong>rerum</strong></span> <span class='ocrx_word' id='word_1_141' title='bbox 720 841 814 880; x_wconf 88' lang='lat' dir='ltr'><strong>potiri</strong></span> <span class='ocrx_word' id='word_1_142' title='bbox 833 846 990 872; x_wconf 72' lang='lat' dir='ltr'><strong>Neronem</strong></span> <span class='ocrx_word' id='word_1_143' title='bbox 1010 841 1093 871; x_wconf 82' lang='lat' dir='ltr'><strong>lama</strong></span> <span class='ocrx_word' id='word_1_144' title='bbox 1110 840 1221 871; x_wconf 80' lang='lat' dir='ltr'><strong>eadem</strong></span> <span class='ocrx_word' id='word_1_145' title='bbox 1237 840 1321 871; x_wconf 86' lang='lat' dir='ltr'><strong>tulit.</strong></span> 
     </span>
    </p>

    <p class='ocr_par' dir='ltr' id='par_1_3' title="bbox 150 886 1485 1779">
     <span class='ocr_line' id='line_1_16' title="bbox 197 886 1482 928; baseline -0.001 -10"><span class='ocrx_word' id='word_1_146' title='bbox 197 891 249 918; x_wconf 86' lang='lat' dir='ltr'><strong>VI.</strong></span> <span class='ocrx_word' id='word_1_147' title='bbox 278 888 419 919; x_wconf 78' lang='lat' dir='ltr'><strong>Prinium</strong></span> <span class='ocrx_word' id='word_1_148' title='bbox 450 888 574 919; x_wconf 79' lang='lat' dir='ltr'><strong>facinus</strong></span> <span class='ocrx_word' id='word_1_149' title='bbox 601 887 676 919; x_wconf 92' lang='lat' dir='ltr'><strong>novi</strong></span> <span class='ocrx_word' id='word_1_150' title='bbox 703 887 899 928; x_wconf 76' lang='lat' dir='ltr'><strong>principatus</strong></span> <span class='ocrx_word' id='word_1_151' title='bbox 927 888 985 918; x_wconf 78' lang='lat' dir='ltr'><strong>snit</strong></span> <span class='ocrx_word' id='word_1_152' title='bbox 1017 887 1160 919; x_wconf 81' lang='lat' dir='ltr'><strong>Postumi</strong></span> <span class='ocrx_word' id='word_1_153' title='bbox 1185 887 1335 927; x_wconf 65' lang='lat' dir='ltr'><strong>Agrippa}</strong></span> <span class='ocrx_word' id='word_1_154' title='bbox 1358 886 1482 924; x_wconf 80' lang='lat' dir='ltr'><strong>caedes3</strong></span> 
     </span>
     <span class='ocr_line' id='line_1_17' title="bbox 155 933 1477 975; baseline 0 -10"><span class='ocrx_word' id='word_1_155' title='bbox 155 943 249 974; x_wconf 84' lang='lat' dir='ltr'><strong>quem</strong></span> <span class='ocrx_word' id='word_1_156' title='bbox 284 934 428 974; x_wconf 78' lang='lat' dir='ltr'><strong>ignarum</strong></span> <span class='ocrx_word' id='word_1_157' title='bbox 459 935 682 975; x_wconf 87' lang='lat' dir='ltr'><strong>inermumque</strong></span> <span class='ocrx_word' id='word_1_158' title='bbox 712 936 861 974; x_wconf 72' lang='lat' dir='ltr'><strong>qumnvis</strong></span> <span class='ocrx_word' id='word_1_159' title='bbox 890 935 1034 966; x_wconf 63' lang='lat' dir='ltr'><strong>{irritatus</strong></span> <span class='ocrx_word' id='word_1_160' title='bbox 1062 934 1169 966; x_wconf 86' lang='lat' dir='ltr'><strong>animo</strong></span> <span class='ocrx_word' id='word_1_161' title='bbox 1200 933 1347 966; x_wconf 82' lang='lat' dir='ltr'><strong>centurio</strong></span> <span class='ocrx_word' id='word_1_162' title='bbox 1368 934 1477 972; x_wconf 74' lang='lat' dir='ltr'><strong>aegre¹</strong></span> 
     </span>
     <span class='ocr_line' id='line_1_18' title="bbox 155 981 1482 1022; baseline 0 -10"><span class='ocrx_word' id='word_1_163' title='bbox 155 982 304 1013; x_wconf 82' lang='lat' dir='ltr'><strong>confecit.</strong></span> <span class='ocrx_word' id='word_1_164' title='bbox 330 982 406 1013; x_wconf 75' lang='lat' dir='ltr'><strong>ninii</strong></span> <span class='ocrx_word' id='word_1_165' title='bbox 433 982 472 1013; x_wconf 87' lang='lat' dir='ltr'><strong>de</strong></span> <span class='ocrx_word' id='word_1_166' title='bbox 500 991 537 1013; x_wconf 85' lang='lat' dir='ltr'><strong>ea</strong></span> <span class='ocrx_word' id='word_1_167' title='bbox 563 991 595 1014; x_wconf 91' lang='lat' dir='ltr'><strong>re</strong></span> <span class='ocrx_word' id='word_1_168' title='bbox 617 982 764 1014; x_wconf 86' lang='lat' dir='ltr'><strong>Tiberius</strong></span> <span class='ocrx_word' id='word_1_169' title='bbox 790 983 874 1022; x_wconf 88' lang='lat' dir='ltr'><strong>apud</strong></span> <span class='ocrx_word' id='word_1_170' title='bbox 903 985 1049 1013; x_wconf 83' lang='lat' dir='ltr'><strong>senatum</strong></span> <span class='ocrx_word' id='word_1_171' title='bbox 1073 981 1248 1014; x_wconf 87' lang='lat' dir='ltr'><strong>disseruit:</strong></span> <span class='ocrx_word' id='word_1_172' title='bbox 1267 983 1368 1022; x_wconf 83' lang='lat' dir='ltr'><strong>patris</strong></span> <span class='ocrx_word' id='word_1_173' title='bbox 1389 982 1482 1021; x_wconf 86' lang='lat' dir='ltr'><strong>jussa</strong></span> 
     </span>
     <span class='ocr_line' id='line_1_19' title="bbox 155 1029 1482 1071; baseline -0.001 -10"><span class='ocrx_word' id='word_1_174' title='bbox 155 1029 341 1067; x_wconf 84' lang='lat' dir='ltr'><strong>simulabat,</strong></span> <span class='ocrx_word' id='word_1_175' title='bbox 365 1029 481 1069; x_wconf 82' lang='lat' dir='ltr'><strong>quibus</strong></span> <span class='ocrx_word' id='word_1_176' title='bbox 500 1030 747 1071; x_wconf 52' lang='lat' dir='ltr'><strong>prasci-ipsisset</strong></span> <span class='ocrx_word' id='word_1_177' title='bbox 766 1030 894 1061; x_wconf 87' lang='lat' dir='ltr'><strong>tribuno</strong></span> <span class='ocrx_word' id='word_1_178' title='bbox 921 1030 1077 1061; x_wconf 81' lang='lat' dir='ltr'><strong>custodiae</strong></span> <span class='ocrx_word' id='word_1_179' title='bbox 1097 1030 1246 1071; x_wconf 84' lang='lat' dir='ltr'><strong>apposito</strong></span> <span class='ocrx_word' id='word_1_180' title='bbox 1260 1054 1268 1069; x_wconf 92' lang='lat'>‚</span> <span class='ocrx_word' id='word_1_181' title='bbox 1284 1038 1324 1061; x_wconf 79' lang='lat' dir='ltr'><strong>ne</strong></span> <span class='ocrx_word' id='word_1_182' title='bbox 1339 1030 1482 1061; x_wconf 77' lang='lat' dir='ltr'><strong>cunela-</strong></span> 
     </span>
     <span class='ocr_line' id='line_1_20' title="bbox 154 1076 1484 1119; baseline -0.002 -11"><span class='ocrx_word' id='word_1_183' title='bbox 154 1082 255 1108; x_wconf 70' lang='lat' dir='ltr'><strong>retm-</strong></span> <span class='ocrx_word' id='word_1_184' title='bbox 274 1079 463 1117; x_wconf 73' lang='lat' dir='ltr'><strong>Aqrippam</strong></span> <span class='ocrx_word' id='word_1_185' title='bbox 483 1081 591 1109; x_wconf 77' lang='lat' dir='ltr'><strong>morlo</strong></span> <span class='ocrx_word' id='word_1_186' title='bbox 609 1079 768 1119; x_wconf 75' lang='lat' dir='ltr'><strong>affieere,</strong></span> <span class='ocrx_word' id='word_1_187' title='bbox 784 1078 988 1119; x_wconf 74' lang='lat' dir='ltr'><strong>quandoque</strong></span> <span class='ocrx_word' id='word_1_188' title='bbox 1006 1080 1076 1117; x_wconf 49' lang='lat' dir='ltr'><strong>‘ipse</strong></span> <span class='ocrx_word' id='word_1_189' title='bbox 1089 1085 1289 1117; x_wconf 76' lang='lat' dir='ltr'><strong>supremum</strong></span> <span class='ocrx_word' id='word_1_190' title='bbox 1311 1076 1401 1108; x_wconf 75' lang='lat' dir='ltr'><strong>diem</strong></span> <span class='ocrx_word' id='word_1_191' title='bbox 1424 1084 1484 1106; x_wconf 77' lang='lat' dir='ltr'><strong>ex·</strong></span> 
     </span>
     <span class='ocr_line' id='line_1_21' title="bbox 150 1121 1484 1165; baseline -0.001 -11"><span class='ocrx_word' id='word_1_192' title='bbox 150 1124 325 1164; x_wconf 65' lang='lat' dir='ltr'><strong>piet-isset.</strong></span> <span class='ocrx_word' id='word_1_193' title='bbox 358 1124 459 1155; x_wconf 80' lang='lat' dir='ltr'><strong>mulia</strong></span> <span class='ocrx_word' id='word_1_194' title='bbox 478 1125 545 1155; x_wconf 84' lang='lat' dir='ltr'><strong>sine</strong></span> <span class='ocrx_word' id='word_1_195' title='bbox 566 1125 666 1157; x_wconf 86' lang='lat' dir='ltr'><strong>dubio</strong></span> <span class='ocrx_word' id='word_1_196' title='bbox 689 1134 838 1165; x_wconf 75' lang='lat' dir='ltr'><strong>sawaque</strong></span> <span class='ocrx_word' id='word_1_197' title='bbox 861 1127 1024 1163; x_wconf 75' lang='lat' dir='ltr'><strong>Augustus</strong></span> <span class='ocrx_word' id='word_1_198' title='bbox 1045 1127 1084 1157; x_wconf 86' lang='lat' dir='ltr'><strong>de</strong></span> <span class='ocrx_word' id='word_1_199' title='bbox 1100 1125 1244 1156; x_wconf 84' lang='lat' dir='ltr'><strong>moribus</strong></span> <span class='ocrx_word' id='word_1_200' title='bbox 1273 1121 1484 1155; x_wconf 77' lang='lat' dir='ltr'><strong>adolescentis</strong></span> 
     </span>
     <span class='ocr_line' id='line_1_22' title="bbox 155 1172 1482 1213; baseline 0 -12"><span class='ocrx_word' id='word_1_201' title='bbox 155 1172 291 1211; x_wconf 80' lang='lat' dir='ltr'><strong>questus</strong></span> <span class='ocrx_word' id='word_1_202' title='bbox 305 1195 313 1209; x_wconf 91' lang='lat'>‚</span> <span class='ocrx_word' id='word_1_203' title='bbox 335 1174 368 1201; x_wconf 92' lang='lat' dir='ltr'><strong>ut</strong></span> <span class='ocrx_word' id='word_1_204' title='bbox 385 1173 533 1203; x_wconf 73' lang='lat' dir='ltr'><strong>exsilium</strong></span> <span class='ocrx_word' id='word_1_205' title='bbox 562 1174 630 1213; x_wconf 82' lang='lat' dir='ltr'><strong>ejus</strong></span> <span class='ocrx_word' id='word_1_206' title='bbox 655 1174 939 1205; x_wconf 80' lang='lat' dir='ltr'><strong>senatusconsulto</strong></span> <span class='ocrx_word' id='word_1_207' title='bbox 956 1173 1152 1211; x_wconf 80' lang='lat' dir='ltr'><strong>sanciretur,</strong></span> <span class='ocrx_word' id='word_1_208' title='bbox 1179 1172 1355 1212; x_wconf 69' lang='lat' dir='ltr'><strong>perfecerat</strong></span> <span class='ocrx_word' id='word_1_209' title='bbox 1372 1181 1378 1201; x_wconf 77' lang='lat'>2</span> <span class='ocrx_word' id='word_1_210' title='bbox 1396 1172 1482 1201; x_wconf 86' lang='lat' dir='ltr'><strong>cete-</strong></span> 
     </span>
     <span class='ocr_line' id='line_1_23' title="bbox 154 1217 1482 1259; baseline -0.001 -11"><span class='ocrx_word' id='word_1_211' title='bbox 154 1227 226 1248; x_wconf 86' lang='lat' dir='ltr'><strong>rum</strong></span> <span class='ocrx_word' id='word_1_212' title='bbox 246 1218 278 1248; x_wconf 92' lang='lat' dir='ltr'><strong>in</strong></span> <span class='ocrx_word' id='word_1_213' title='bbox 303 1218 422 1249; x_wconf 79' lang='lat' dir='ltr'><strong>nullius</strong></span> <span class='ocrx_word' id='word_1_214' title='bbox 446 1229 586 1259; x_wconf 85' lang='lat' dir='ltr'><strong>unquam</strong></span> <span class='ocrx_word' id='word_1_215' title='bbox 607 1230 737 1252; x_wconf 87' lang='lat' dir='ltr'><strong>suorum</strong></span> <span class='ocrx_word' id='word_1_216' title='bbox 759 1230 868 1252; x_wconf 84' lang='lat' dir='ltr'><strong>necem</strong></span> <span class='ocrx_word' id='word_1_217' title='bbox 892 1219 1066 1259; x_wconf 73' lang='lat' dir='ltr'><strong>duravit23</strong></span> <span class='ocrx_word' id='word_1_218' title='bbox 1089 1228 1193 1259; x_wconf 86' lang='lat' dir='ltr'><strong>neque</strong></span> <span class='ocrx_word' id='word_1_219' title='bbox 1217 1221 1355 1250; x_wconf 85' lang='lat' dir='ltr'><strong>mortem</strong></span> <span class='ocrx_word' id='word_1_220' title='bbox 1374 1217 1482 1258; x_wconf 82' lang='lat' dir='ltr'><strong>nepoti</strong></span> 
     </span>
     <span class='ocr_line' id='line_1_24' title="bbox 154 1265 1483 1307; baseline 0.001 -13"><span class='ocrx_word' id='word_1_221' title='bbox 154 1274 211 1305; x_wconf 87' lang='lat' dir='ltr'><strong>pro</strong></span> <span class='ocrx_word' id='word_1_222' title='bbox 228 1265 400 1296; x_wconf 74' lang='lat' dir='ltr'><strong>securitate</strong></span> <span class='ocrx_word' id='word_1_223' title='bbox 421 1267 556 1306; x_wconf 67' lang='lat' dir='ltr'><strong>privigni</strong></span> <span class='ocrx_word' id='word_1_224' title='bbox 586 1267 705 1299; x_wconf 83' lang='lat' dir='ltr'><strong>illatam</strong></span> <span class='ocrx_word' id='word_1_225' title='bbox 726 1268 877 1299; x_wconf 78' lang='lat' dir='ltr'><strong>credibile</strong></span> <span class='ocrx_word' id='word_1_226' title='bbox 897 1269 977 1298; x_wconf 86' lang='lat' dir='ltr'><strong>erat.</strong></span> <span class='ocrx_word' id='word_1_227' title='bbox 1003 1267 1133 1307; x_wconf 87' lang='lat' dir='ltr'><strong>propius</strong></span> <span class='ocrx_word' id='word_1_228' title='bbox 1156 1275 1243 1305; x_wconf 78' lang='lat' dir='ltr'><strong>vero,</strong></span> <span class='ocrx_word' id='word_1_229' title='bbox 1260 1265 1421 1296; x_wconf 78' lang='lat' dir='ltr'><strong>Tiberium</strong></span> <span class='ocrx_word' id='word_1_230' title='bbox 1445 1273 1483 1295; x_wconf 87' lang='lat' dir='ltr'><strong>ac</strong></span> 
     </span>
     <span class='ocr_line' id='line_1_25' title="bbox 153 1312 1481 1353; baseline 0 -10"><span class='ocrx_word' id='word_1_231' title='bbox 153 1312 298 1350; x_wconf 82' lang='lat' dir='ltr'><strong>Liviam,</strong></span> <span class='ocrx_word' id='word_1_232' title='bbox 319 1313 408 1342; x_wconf 88' lang='lat' dir='ltr'><strong>illum</strong></span> <span class='ocrx_word' id='word_1_233' title='bbox 433 1316 518 1343; x_wconf 86' lang='lat' dir='ltr'><strong>metu</strong></span> <span class='ocrx_word' id='word_1_234' title='bbox 530 1337 537 1351; x_wconf 92' lang='lat'><strong>,</strong></span> <span class='ocrx_word' id='word_1_235' title='bbox 563 1314 641 1344; x_wconf 71' lang='lat' dir='ltr'><strong>lianc</strong></span> <span class='ocrx_word' id='word_1_236' title='bbox 659 1315 883 1346; x_wconf 83' lang='lat' dir='ltr'><strong>novercalibus</strong></span> <span class='ocrx_word' id='word_1_237' title='bbox 898 1314 980 1345; x_wconf 85' lang='lat' dir='ltr'><strong>odiis</strong></span> <span class='ocrx_word' id='word_1_238' title='bbox 997 1338 1005 1352; x_wconf 95' lang='lat'>‚</span> <span class='ocrx_word' id='word_1_239' title='bbox 1031 1313 1171 1353; x_wconf 83' lang='lat' dir='ltr'><strong>suspecti</strong></span> <span class='ocrx_word' id='word_1_240' title='bbox 1190 1315 1221 1343; x_wconf 89' lang='lat' dir='ltr'><strong>et</strong></span> <span class='ocrx_word' id='word_1_241' title='bbox 1239 1313 1334 1343; x_wconf 81' lang='lat' dir='ltr'><strong>invisi</strong></span> <span class='ocrx_word' id='word_1_242' title='bbox 1352 1312 1481 1351; x_wconf 83' lang='lat' dir='ltr'><strong>juvenis</strong></span> 
     </span>
     <span class='ocr_line' id='line_1_26' title="bbox 155 1359 1483 1399; baseline 0.001 -10"><span class='ocrx_word' id='word_1_243' title='bbox 155 1359 274 1390; x_wconf 83' lang='lat' dir='ltr'><strong>caedem</strong></span> <span class='ocrx_word' id='word_1_244' title='bbox 300 1359 511 1390; x_wconf 82' lang='lat' dir='ltr'><strong>festinavisse.</strong></span> <span class='ocrx_word' id='word_1_245' title='bbox 543 1361 704 1392; x_wconf 86' lang='lat' dir='ltr'><strong>nuntianti</strong></span> <span class='ocrx_word' id='word_1_246' title='bbox 729 1361 920 1399; x_wconf 81' lang='lat' dir='ltr'><strong>centurioni,</strong></span> <span class='ocrx_word' id='word_1_247' title='bbox 938 1362 973 1392; x_wconf 89' lang='lat' dir='ltr'><strong>ut</strong></span> <span class='ocrx_word' id='word_1_248' title='bbox 987 1369 1056 1391; x_wconf 87' lang='lat' dir='ltr'><strong>mos</strong></span> <span class='ocrx_word' id='word_1_249' title='bbox 1080 1360 1202 1391; x_wconf 70' lang='lat' dir='ltr'><strong>mnium</strong></span> <span class='ocrx_word' id='word_1_250' title='bbox 1217 1385 1225 1399; x_wconf 90' lang='lat'>‚</span> <span class='ocrx_word' id='word_1_251' title='bbox 1246 1361 1390 1399; x_wconf 74' lang='lat' dir='ltr'><strong>saccum</strong></span> <span class='ocrx_word' id='word_1_252' title='bbox 1414 1368 1483 1391; x_wconf 77' lang='lat' dir='ltr'><strong>esse</strong></span> 
     </span>
     <span class='ocr_line' id='line_1_27' title="bbox 154 1406 1483 1448; baseline -0.001 -10"><span class='ocrx_word' id='word_1_253' title='bbox 154 1407 245 1448; x_wconf 75' lang='lat' dir='ltr'><strong>quod</strong></span> <span class='ocrx_word' id='word_1_254' title='bbox 262 1409 484 1446; x_wconf 68' lang='lat' dir='ltr'><strong>imperasset,</strong></span> <span class='ocrx_word' id='word_1_255' title='bbox 503 1408 620 1447; x_wconf 78' lang='lat' dir='ltr'><strong>Neque</strong></span> <span class='ocrx_word' id='word_1_256' title='bbox 638 1410 822 1448; x_wconf 70' lang='lat' dir='ltr'><strong>imperasse</strong></span> <span class='ocrx_word' id='word_1_257' title='bbox 838 1417 907 1439; x_wconf 77' lang='lat' dir='ltr'><strong>sese</strong></span> <span class='ocrx_word' id='word_1_258' title='bbox 925 1409 957 1439; x_wconf 80' lang='lat' dir='ltr'><strong>et</strong></span> <span class='ocrx_word' id='word_1_259' title='bbox 975 1410 1141 1440; x_wconf 79' lang='lat' dir='ltr'><strong>rationem</strong></span> <span class='ocrx_word' id='word_1_260' title='bbox 1156 1407 1250 1447; x_wconf 66' lang='lat' dir='ltr'><strong>saell</strong></span> <span class='ocrx_word' id='word_1_261' title='bbox 1270 1406 1483 1438; x_wconf 76' lang='lat' dir='ltr'><strong>reddendam</strong></span> 
     </span>
     <span class='ocr_line' id='line_1_28' title="bbox 157 1454 1484 1495; baseline -0.001 -10"><span class='ocrx_word' id='word_1_262' title='bbox 157 1454 254 1494; x_wconf 75' lang='lat' dir='ltr'><strong>apud</strong></span> <span class='ocrx_word' id='word_1_263' title='bbox 279 1457 437 1486; x_wconf 62' lang='lat' dir='ltr'><strong>servolum</strong></span> <span class='ocrx_word' id='word_1_264' title='bbox 463 1454 634 1494; x_wconf 79' lang='lat' dir='ltr'><strong>respondit.</strong></span> <span class='ocrx_word' id='word_1_265' title='bbox 660 1455 745 1495; x_wconf 87' lang='lat' dir='ltr'><strong>quod</strong></span> <span class='ocrx_word' id='word_1_266' title='bbox 773 1458 941 1495; x_wconf 80' lang='lat' dir='ltr'><strong>postquam</strong></span> <span class='ocrx_word' id='word_1_267' title='bbox 957 1454 1125 1486; x_wconf 81' lang='lat' dir='ltr'><strong>Sallustius</strong></span> <span class='ocrx_word' id='word_1_268' title='bbox 1149 1454 1309 1494; x_wconf 60' lang='lat' dir='ltr'><strong>Crispus-²</strong></span> <span class='ocrx_word' id='word_1_269' title='bbox 1326 1455 1484 1494; x_wconf 87' lang='lat' dir='ltr'><strong>particeps</strong></span> 
     </span>
     <span class='ocr_line' id='line_1_29' title="bbox 157 1501 1483 1543; baseline -0.001 -11"><span class='ocrx_word' id='word_1_270' title='bbox 157 1504 353 1533; x_wconf 67' lang='lat' dir='ltr'><strong>secretorum)</strong></span> <span class='ocrx_word' id='word_1_271' title='bbox 375 1502 415 1541; x_wconf 84' lang='lat' dir='ltr'><strong>(is</strong></span> <span class='ocrx_word' id='word_1_272' title='bbox 438 1502 476 1533; x_wconf 87' lang='lat' dir='ltr'><strong>ad</strong></span> <span class='ocrx_word' id='word_1_273' title='bbox 502 1502 666 1533; x_wconf 88' lang='lat' dir='ltr'><strong>tribunum</strong></span> <span class='ocrx_word' id='word_1_274' title='bbox 688 1504 818 1534; x_wconf 82' lang='lat' dir='ltr'><strong>miserat</strong></span> <span class='ocrx_word' id='word_1_275' title='bbox 839 1501 1004 1533; x_wconf 86' lang='lat' dir='ltr'><strong>codicillos</strong></span> <span class='ocrx_word' id='word_1_276' title='bbox 1020 1502 1046 1541; x_wconf 73' lang='lat'><strong>⁴)</strong></span> <span class='ocrx_word' id='word_1_277' title='bbox 1072 1503 1243 1543; x_wconf 83' lang='lat' dir='ltr'><strong>comperit,</strong></span> <span class='ocrx_word' id='word_1_278' title='bbox 1273 1504 1420 1533; x_wconf 87' lang='lat' dir='ltr'><strong>metuens</strong></span> <span class='ocrx_word' id='word_1_279' title='bbox 1443 1509 1483 1532; x_wconf 88' lang='lat' dir='ltr'><strong>ne</strong></span> 
     </span>
     <span class='ocr_line' id='line_1_30' title="bbox 155 1548 1484 1590; baseline 0.001 -11"><span class='ocrx_word' id='word_1_280' title='bbox 155 1557 227 1580; x_wconf 81' lang='lat' dir='ltr'><strong>reus</strong></span> <span class='ocrx_word' id='word_1_281' title='bbox 247 1549 449 1586; x_wconf 79' lang='lat' dir='ltr'><strong>subderetur,</strong></span> <span class='ocrx_word' id='word_1_282' title='bbox 475 1549 567 1587; x_wconf 76' lang='lat' dir='ltr'><strong>juxta</strong></span> <span class='ocrx_word' id='word_1_283' title='bbox 592 1549 770 1589; x_wconf 87' lang='lat' dir='ltr'><strong>periculoso</strong></span> <span class='ocrx_word' id='word_1_284' title='bbox 788 1550 798 1567; x_wconf 76' lang='lat'><strong>⁵·</strong></span> <span class='ocrx_word' id='word_1_285' title='bbox 827 1549 900 1580; x_wconf 82' lang='lat' dir='ltr'><strong>licta</strong></span> <span class='ocrx_word' id='word_1_286' title='bbox 923 1558 978 1580; x_wconf 90' lang='lat' dir='ltr'><strong>seu</strong></span> <span class='ocrx_word' id='word_1_287' title='bbox 1004 1558 1079 1580; x_wconf 87' lang='lat' dir='ltr'><strong>vera</strong></span> <span class='ocrx_word' id='word_1_288' title='bbox 1097 1553 1269 1590; x_wconf 87' lang='lat' dir='ltr'><strong>promeret,</strong></span> <span class='ocrx_word' id='word_1_289' title='bbox 1290 1549 1416 1580; x_wconf 84' lang='lat' dir='ltr'><strong>monuit</strong></span> <span class='ocrx_word' id='word_1_290' title='bbox 1432 1548 1484 1580; x_wconf 89' lang='lat' dir='ltr'><strong>Li-</strong></span> 
     </span>
     <span class='ocr_line' id='line_1_31' title="bbox 154 1596 1483 1637; baseline -0.001 -9"><span class='ocrx_word' id='word_1_291' title='bbox 154 1597 242 1628; x_wconf 82' lang='lat' dir='ltr'><strong>viam</strong></span> <span class='ocrx_word' id='word_1_292' title='bbox 270 1610 285 1625; x_wconf 86' lang='lat'>«</span> <span class='ocrx_word' id='word_1_293' title='bbox 303 1606 342 1628; x_wconf 87' lang='lat' dir='ltr'><strong>ne</strong></span> <span class='ocrx_word' id='word_1_294' title='bbox 368 1606 484 1628; x_wconf 83' lang='lat' dir='ltr'><strong>arcana</strong></span> <span class='ocrx_word' id='word_1_295' title='bbox 510 1596 647 1637; x_wconf 74' lang='lat' dir='ltr'><strong>domus,</strong></span> <span class='ocrx_word' id='word_1_296' title='bbox 679 1606 718 1629; x_wconf 90' lang='lat' dir='ltr'><strong>ne</strong></span> <span class='ocrx_word' id='word_1_297' title='bbox 745 1597 879 1628; x_wconf 79' lang='lat' dir='ltr'><strong>consilia</strong></span> <span class='ocrx_word' id='word_1_298' title='bbox 908 1596 1103 1636; x_wconf 88' lang='lat' dir='ltr'><strong>amicorum,</strong></span> <span class='ocrx_word' id='word_1_299' title='bbox 1135 1597 1313 1628; x_wconf 87' lang='lat' dir='ltr'><strong>ministeria</strong></span> <span class='ocrx_word' id='word_1_300' title='bbox 1342 1596 1483 1627; x_wconf 89' lang='lat' dir='ltr'><strong>militum</strong></span> 
     </span>
     <span class='ocr_line' id='line_1_32' title="bbox 159 1644 1485 1685; baseline 0.001 -10"><span class='ocrx_word' id='word_1_301' title='bbox 159 1657 174 1671; x_wconf 76' lang='grc' dir='ltr'>ι</span> <span class='ocrx_word' id='word_1_302' title='bbox 191 1645 421 1684; x_wconf 76' lang='lat' dir='ltr'><strong>vulgarentur,</strong></span> <span class='ocrx_word' id='word_1_303' title='bbox 449 1653 528 1675; x_wconf 74' lang='lat' dir='ltr'><strong>neve</strong></span> <span class='ocrx_word' id='word_1_304' title='bbox 548 1644 695 1675; x_wconf 82' lang='lat' dir='ltr'><strong>Tiberius</strong></span> <span class='ocrx_word' id='word_1_305' title='bbox 715 1645 781 1676; x_wconf 78' lang='lat' dir='ltr'><strong>vim</strong></span> <span class='ocrx_word' id='word_1_306' title='bbox 811 1645 1010 1685; x_wconf 68' lang='lat' dir='ltr'><strong>principatus</strong></span> <span class='ocrx_word' id='word_1_307' title='bbox 1028 1645 1203 1676; x_wconf 85' lang='lat' dir='ltr'><strong>resolveret</strong></span> <span class='ocrx_word' id='word_1_308' title='bbox 1229 1647 1346 1675; x_wconf 87' lang='lat' dir='ltr'><strong>cuncta</strong></span> <span class='ocrx_word' id='word_1_309' title='bbox 1372 1644 1411 1675; x_wconf 91' lang='lat' dir='ltr'><strong>ad</strong></span> <span class='ocrx_word' id='word_1_310' title='bbox 1439 1652 1485 1676; x_wconf 88' lang='lat' dir='ltr'><strong>se·</strong></span> 
     </span>
     <span class='ocr_line' id='line_1_33' title="bbox 158 1691 1484 1732; baseline 0 -10"><span class='ocrx_word' id='word_1_311' title='bbox 158 1705 173 1719; x_wconf 88' lang='lat'>«</span> <span class='ocrx_word' id='word_1_312' title='bbox 191 1694 304 1723; x_wconf 87' lang='lat' dir='ltr'><strong>natum</strong></span> <span class='ocrx_word' id='word_1_313' title='bbox 320 1691 464 1723; x_wconf 84' lang='lat' dir='ltr'><strong>vocando</strong></span> <span class='ocrx_word' id='word_1_314' title='bbox 483 1700 575 1723; x_wconf 85' lang='lat' dir='ltr'><strong>:eam</strong></span> <span class='ocrx_word' id='word_1_315' title='bbox 591 1692 807 1723; x_wconf 86' lang='lat' dir='ltr'><strong>conditionem</strong></span> <span class='ocrx_word' id='word_1_316' title='bbox 827 1701 895 1723; x_wconf 90' lang='lat' dir='ltr'><strong>esse</strong></span> <span class='ocrx_word' id='word_1_317' title='bbox 917 1692 1113 1732; x_wconf 87' lang='lat' dir='ltr'><strong>imperandi,</strong></span> <span class='ocrx_word' id='word_1_318' title='bbox 1141 1694 1176 1723; x_wconf 88' lang='lat' dir='ltr'><strong>ut</strong></span> <span class='ocrx_word' id='word_1_319' title='bbox 1196 1701 1261 1723; x_wconf 93' lang='lat' dir='ltr'><strong>non</strong></span> <span class='ocrx_word' id='word_1_320' title='bbox 1286 1692 1378 1723; x_wconf 89' lang='lat' dir='ltr'><strong>aliter</strong></span> <span class='ocrx_word' id='word_1_321' title='bbox 1401 1691 1484 1723; x_wconf 88' lang='lat' dir='ltr'><strong>ratio</strong></span> 
     </span>
     <span class='ocr_line' id='line_1_34' title="bbox 160 1739 801 1779; baseline -0.005 -9"><span class='ocrx_word' id='word_1_322' title='bbox 160 1752 175 1766; x_wconf 73' lang='lat' dir='ltr'>u</span> <span class='ocrx_word' id='word_1_323' title='bbox 192 1740 320 1770; x_wconf 85' lang='lat' dir='ltr'><strong>constet</strong></span> <span class='ocrx_word' id='word_1_324' title='bbox 336 1748 432 1779; x_wconf 80' lang='lat' dir='ltr'><strong>quarn</strong></span> <span class='ocrx_word' id='word_1_325' title='bbox 449 1739 474 1770; x_wconf 87' lang='lat' dir='ltr'><strong>si</strong></span> <span class='ocrx_word' id='word_1_326' title='bbox 493 1739 548 1769; x_wconf 92' lang='lat' dir='ltr'><strong>uni</strong></span> <span class='ocrx_word' id='word_1_327' title='bbox 570 1739 723 1770; x_wconf 83' lang='lat' dir='ltr'><strong>reddatur</strong></span> <span class='ocrx_word' id='word_1_328' title='bbox 740 1740 764 1769; x_wconf 74' lang='lat'><strong>⁵.</strong></span> <span class='ocrx_word' id='word_1_329' title='bbox 786 1753 801 1767; x_wconf 70' lang='grc' dir='ltr'><strong>υ</strong></span> 
     </span>
    </p>

    <p class='ocr_par' dir='ltr' id='par_1_4' title="bbox 157 1785 1486 2063">
     <span class='ocr_line' id='line_1_35' title="bbox 197 1785 1483 1826; baseline -0.001 -9"><span class='ocrx_word' id='word_1_330' title='bbox 197 1787 267 1817; x_wconf 79' lang='lat' dir='ltr'><strong>Vll.</strong></span> <span class='ocrx_word' id='word_1_331' title='bbox 289 1787 329 1817; x_wconf 83' lang='lat' dir='ltr'><strong>At</strong></span> <span class='ocrx_word' id='word_1_332' title='bbox 344 1790 456 1817; x_wconf 82' lang='lat' dir='ltr'><strong>Romae</strong></span> <span class='ocrx_word' id='word_1_333' title='bbox 474 1795 564 1817; x_wconf 86' lang='lat' dir='ltr'><strong>ruere</strong></span> <span class='ocrx_word' id='word_1_334' title='bbox 579 1786 610 1817; x_wconf 93' lang='lat' dir='ltr'><strong>in</strong></span> <span class='ocrx_word' id='word_1_335' title='bbox 629 1786 797 1818; x_wconf 87' lang='lat' dir='ltr'><strong>servitium</strong></span> <span class='ocrx_word' id='word_1_336' title='bbox 816 1786 977 1825; x_wconf 89' lang='lat' dir='ltr'><strong>consules,</strong></span> <span class='ocrx_word' id='word_1_337' title='bbox 991 1789 1112 1825; x_wconf 87' lang='lat' dir='ltr'><strong>Patres,</strong></span> <span class='ocrx_word' id='word_1_338' title='bbox 1127 1789 1234 1826; x_wconf 86' lang='lat' dir='ltr'><strong>Eques</strong></span> <span class='ocrx_word' id='word_1_339' title='bbox 1248 1795 1255 1815; x_wconf 92' lang='lat'>:</span> <span class='ocrx_word' id='word_1_340' title='bbox 1271 1786 1394 1826; x_wconf 84' lang='lat' dir='ltr'><strong>quanto</strong></span> <span class='ocrx_word' id='word_1_341' title='bbox 1408 1785 1483 1825; x_wconf 90' lang='lat' dir='ltr'><strong>quis</strong></span> 
     </span>
     <span class='ocr_line' id='line_1_36' title="bbox 157 1831 1483 1873; baseline 0.001 -11"><span class='ocrx_word' id='word_1_342' title='bbox 157 1831 330 1872; x_wconf 88' lang='lat' dir='ltr'><strong>illustrior,</strong></span> <span class='ocrx_word' id='word_1_343' title='bbox 350 1834 440 1865; x_wconf 80' lang='lat' dir='ltr'><strong>tanto</strong></span> <span class='ocrx_word' id='word_1_344' title='bbox 455 1833 556 1873; x_wconf 80' lang='lat' dir='ltr'><strong>magis</strong></span> <span class='ocrx_word' id='word_1_345' title='bbox 578 1833 647 1864; x_wconf 86' lang='lat' dir='ltr'><strong>salsi</strong></span> <span class='ocrx_word' id='word_1_346' title='bbox 664 1834 669 1851; x_wconf 85' lang='lat'>¹</span> <span class='ocrx_word' id='word_1_347' title='bbox 694 1843 732 1864; x_wconf 84' lang='lat' dir='ltr'><strong>ac</strong></span> <span class='ocrx_word' id='word_1_348' title='bbox 750 1834 958 1873; x_wconf 76' lang='lat' dir='ltr'><strong>festinantes3</strong></span> <span class='ocrx_word' id='word_1_349' title='bbox 976 1834 1134 1873; x_wconf 87' lang='lat' dir='ltr'><strong>vultuque</strong></span> <span class='ocrx_word' id='word_1_350' title='bbox 1151 1832 1344 1873; x_wconf 84' lang='lat' dir='ltr'><strong>composito,</strong></span> <span class='ocrx_word' id='word_1_351' title='bbox 1363 1841 1403 1863; x_wconf 89' lang='lat' dir='ltr'><strong>ne</strong></span> <span class='ocrx_word' id='word_1_352' title='bbox 1417 1832 1483 1864; x_wconf 83' lang='lat' dir='ltr'><strong>laeti</strong></span> 
     </span>
     <span class='ocr_line' id='line_1_37' title="bbox 158 1880 1483 1921; baseline -0.002 -8"><span class='ocrx_word' id='word_1_353' title='bbox 158 1890 290 1914; x_wconf 72' lang='lat' dir='ltr'><strong>excessu</strong></span> <span class='ocrx_word' id='word_1_354' title='bbox 308 1880 463 1920; x_wconf 85' lang='lat' dir='ltr'><strong>Principis</strong></span> <span class='ocrx_word' id='word_1_355' title='bbox 479 1889 539 1911; x_wconf 90' lang='lat' dir='ltr'><strong>neu</strong></span> <span class='ocrx_word' id='word_1_356' title='bbox 556 1880 713 1912; x_wconf 86' lang='lat' dir='ltr'><strong>tristiores</strong></span> <span class='ocrx_word' id='word_1_357' title='bbox 730 1880 904 1921; x_wconf 88' lang='lat' dir='ltr'><strong>primordio</strong></span> <span class='ocrx_word' id='word_1_358' title='bbox 918 1880 944 1920; x_wconf 79' lang='lat'><strong>²,</strong></span> <span class='ocrx_word' id='word_1_359' title='bbox 969 1881 1129 1919; x_wconf 87' lang='lat' dir='ltr'><strong>lacrimas,</strong></span> <span class='ocrx_word' id='word_1_360' title='bbox 1148 1880 1313 1920; x_wconf 83' lang='lat' dir='ltr'><strong>gaudium,</strong></span> <span class='ocrx_word' id='word_1_361' title='bbox 1338 1880 1483 1919; x_wconf 87' lang='lat' dir='ltr'><strong>questus,</strong></span> 
     </span>
     <span class='ocr_line' id='line_1_38' title="bbox 157 1925 1484 1968; baseline -0.002 -9"><span class='ocrx_word' id='word_1_362' title='bbox 157 1928 357 1960; x_wconf 86' lang='lat' dir='ltr'><strong>adulationes</strong></span> <span class='ocrx_word' id='word_1_363' title='bbox 388 1928 576 1958; x_wconf 77' lang='lat' dir='ltr'><strong>miscebant.</strong></span> <span class='ocrx_word' id='word_1_364' title='bbox 606 1930 719 1960; x_wconf 81' lang='lat' dir='ltr'><strong>Sextus</strong></span> <span class='ocrx_word' id='word_1_365' title='bbox 749 1927 922 1968; x_wconf 89' lang='lat' dir='ltr'><strong>Pompeius</strong></span> <span class='ocrx_word' id='word_1_366' title='bbox 945 1929 978 1959; x_wconf 85' lang='lat' dir='ltr'><strong>et</strong></span> <span class='ocrx_word' id='word_1_367' title='bbox 1001 1929 1117 1959; x_wconf 73' lang='lat' dir='ltr'><strong>Sextus</strong></span> <span class='ocrx_word' id='word_1_368' title='bbox 1135 1927 1312 1968; x_wconf 86' lang='lat' dir='ltr'><strong>Appuleius</strong></span> <span class='ocrx_word' id='word_1_369' title='bbox 1335 1925 1484 1957; x_wconf 88' lang='lat' dir='ltr'><strong>consules</strong></span> 
     </span>
     <span class='ocr_line' id='line_1_39' title="bbox 158 1972 1486 2015; baseline -0.002 -9"><span class='ocrx_word' id='word_1_370' title='bbox 158 1975 253 2015; x_wconf 86' lang='lat' dir='ltr'><strong>primi</strong></span> <span class='ocrx_word' id='word_1_371' title='bbox 279 1975 311 2005; x_wconf 91' lang='lat' dir='ltr'><strong>in</strong></span> <span class='ocrx_word' id='word_1_372' title='bbox 328 1975 424 2005; x_wconf 85' lang='lat' dir='ltr'><strong>verba</strong></span> <span class='ocrx_word' id='word_1_373' title='bbox 449 1975 567 2007; x_wconf 89' lang='lat' dir='ltr'><strong>Tiberii</strong></span> <span class='ocrx_word' id='word_1_374' title='bbox 591 1976 729 2006; x_wconf 63' lang='lat' dir='ltr'><strong>Caesaris</strong></span> <span class='ocrx_word' id='word_1_375' title='bbox 749 1975 898 2015; x_wconf 85' lang='lat' dir='ltr'><strong>juravere</strong></span> <span class='ocrx_word' id='word_1_376' title='bbox 910 1975 935 2014; x_wconf 71' lang='lat'><strong>³,</strong></span> <span class='ocrx_word' id='word_1_377' title='bbox 962 1975 1110 2015; x_wconf 87' lang='lat' dir='ltr'><strong>apudque</strong></span> <span class='ocrx_word' id='word_1_378' title='bbox 1135 1984 1188 2006; x_wconf 90' lang='lat' dir='ltr'><strong>eos</strong></span> <span class='ocrx_word' id='word_1_379' title='bbox 1208 1974 1300 2005; x_wconf 87' lang='lat' dir='ltr'><strong>Seius</strong></span> <span class='ocrx_word' id='word_1_380' title='bbox 1323 1973 1436 2004; x_wconf 86' lang='lat' dir='ltr'><strong>Strabo</strong></span> <span class='ocrx_word' id='word_1_381' title='bbox 1453 1972 1486 2004; x_wconf 85' lang='lat' dir='ltr'><strong>et</strong></span> 
     </span>
     <span class='ocr_line' id='line_1_40' title="bbox 158 2021 1485 2063; baseline -0.002 -11"><span class='ocrx_word' id='word_1_382' title='bbox 158 2023 195 2053; x_wconf 90' lang='lat' dir='ltr'><strong>C.</strong></span> <span class='ocrx_word' id='word_1_383' title='bbox 214 2022 403 2062; x_wconf 84' lang='lat' dir='ltr'><strong>Turranius,</strong></span> <span class='ocrx_word' id='word_1_384' title='bbox 425 2022 477 2054; x_wconf 89' lang='lat' dir='ltr'><strong>ille</strong></span> <span class='ocrx_word' id='word_1_385' title='bbox 498 2023 721 2063; x_wconf 68' lang='lat' dir='ltr'><strong>praetoriarum</strong></span> <span class='ocrx_word' id='word_1_386' title='bbox 741 2022 924 2054; x_wconf 84' lang='lat' dir='ltr'><strong>cohortium</strong></span> <span class='ocrx_word' id='word_1_387' title='bbox 948 2022 1129 2062; x_wconf 82' lang='lat' dir='ltr'><strong>praefectus,</strong></span> <span class='ocrx_word' id='word_1_388' title='bbox 1154 2021 1207 2052; x_wconf 83' lang='lat' dir='ltr'><strong>hie</strong></span> <span class='ocrx_word' id='word_1_389' title='bbox 1226 2028 1382 2059; x_wconf 81' lang='lat' dir='ltr'><strong>annonae3</strong></span> <span class='ocrx_word' id='word_1_390' title='bbox 1407 2028 1485 2050; x_wconf 84' lang='lat' dir='ltr'><strong>mox</strong></span> 
     </span>
    </p>
   </div>
   <div class='ocr_carea' id='block_1_3' title="bbox 159 2118 1486 2473">
    <p class='ocr_par' dir='ltr' id='par_1_5' title="bbox 190 2118 1485 2152">
     <span class='ocr_line' id='line_1_41' title="bbox 190 2118 1485 2152; baseline -0.002 -8"><span class='ocrx_word' id='word_1_391' title='bbox 190 2122 221 2145; x_wconf 80' lang='lat' dir='ltr'><strong>V.</strong></span> <span class='ocrx_word' id='word_1_392' title='bbox 237 2127 256 2144; x_wconf 81' lang='lat' dir='ltr'><strong>i.</strong></span> <span class='ocrx_word' id='word_1_393' title='bbox 268 2122 385 2149; x_wconf 71' lang='lat' dir='ltr'><strong>Passive,</strong></span> <span class='ocrx_word' id='word_1_394' title='bbox 397 2122 543 2151; x_wconf 81' lang='lat' dir='ltr'><strong>cognitum,</strong></span> <span class='ocrx_word' id='word_1_395' title='bbox 559 2124 735 2152; x_wconf 87' lang='lat' dir='ltr'><strong>compertum.</strong></span> <span class='ocrx_word' id='word_1_396' title='bbox 746 2135 776 2140; x_wconf 96' lang='lat'>-</span> <span class='ocrx_word' id='word_1_397' title='bbox 786 2127 808 2146; x_wconf 75' lang='lat'><strong>2.</strong></span> <span class='ocrx_word' id='word_1_398' title='bbox 820 2122 901 2146; x_wconf 72' lang='lat' dir='ltr'><strong>Nola:</strong></span> <span class='ocrx_word' id='word_1_399' title='bbox 913 2121 948 2149; x_wconf 85' lang='lat' dir='ltr'><strong>(v.</strong></span> <span class='ocrx_word' id='word_1_400' title='bbox 960 2127 982 2145; x_wconf 89' lang='lat' dir='ltr'><strong>c.</strong></span> <span class='ocrx_word' id='word_1_401' title='bbox 996 2122 1027 2150; x_wconf 74' lang='lat' dir='ltr'><strong>a),</strong></span> <span class='ocrx_word' id='word_1_402' title='bbox 1039 2127 1069 2145; x_wconf 84' lang='lat' dir='ltr'><strong>ex</strong></span> <span class='ocrx_word' id='word_1_403' title='bbox 1082 2127 1130 2145; x_wconf 89' lang='lat' dir='ltr'><strong>usu</strong></span> <span class='ocrx_word' id='word_1_404' title='bbox 1137 2120 1283 2145; x_wconf 63' lang='lat' dir='ltr'><strong>Taciti-5</strong></span> <span class='ocrx_word' id='word_1_405' title='bbox 1301 2119 1321 2142; x_wconf 88' lang='lat'><strong>1.</strong></span> <span class='ocrx_word' id='word_1_406' title='bbox 1330 2125 1352 2142; x_wconf 81' lang='lat' dir='ltr'><strong>e.</strong></span> <span class='ocrx_word' id='word_1_407' title='bbox 1362 2118 1485 2142; x_wconf 81' lang='lat' dir='ltr'><strong>intentis.</strong></span> 
     </span>
    </p>

    <p class='ocr_par' dir='ltr' id='par_1_6' title="bbox 160 2152 1486 2369">
     <span class='ocr_line' id='line_1_42' title="bbox 188 2152 1486 2187; baseline -0.003 -7"><span class='ocrx_word' id='word_1_408' title='bbox 188 2158 231 2180; x_wconf 79' lang='lat' dir='ltr'><strong>Vl.</strong></span> <span class='ocrx_word' id='word_1_409' title='bbox 246 2163 264 2180; x_wconf 80' lang='grc' dir='ltr'><strong>ι.</strong></span> <span class='ocrx_word' id='word_1_410' title='bbox 274 2157 314 2180; x_wconf 88' lang='lat' dir='ltr'><strong>Ob</strong></span> <span class='ocrx_word' id='word_1_411' title='bbox 331 2157 413 2180; x_wconf 87' lang='lat' dir='ltr'><strong>robur</strong></span> <span class='ocrx_word' id='word_1_412' title='bbox 428 2158 558 2186; x_wconf 62' lang='lat' dir='ltr'><strong>Agrippae,</strong></span> <span class='ocrx_word' id='word_1_413' title='bbox 577 2158 610 2181; x_wconf 83' lang='lat' dir='ltr'><strong>de</strong></span> <span class='ocrx_word' id='word_1_414' title='bbox 623 2164 676 2187; x_wconf 87' lang='lat' dir='ltr'><strong>quo</strong></span> <span class='ocrx_word' id='word_1_415' title='bbox 691 2164 713 2182; x_wconf 93' lang='lat' dir='ltr'><strong>c.</strong></span> <span class='ocrx_word' id='word_1_416' title='bbox 727 2158 850 2182; x_wconf 75' lang='lat' dir='ltr'><strong>5.—2.Sc</strong></span> <span class='ocrx_word' id='word_1_417' title='bbox 858 2163 878 2180; x_wconf 79' lang='lat'><strong>⁵.</strong></span> <span class='ocrx_word' id='word_1_418' title='bbox 888 2159 1004 2181; x_wconf 84' lang='lat' dir='ltr'><strong>mentem</strong></span> <span class='ocrx_word' id='word_1_419' title='bbox 1013 2157 1223 2180; x_wconf 61' lang='lat' dir='ltr'><strong>obduravit—5.</strong></span> <span class='ocrx_word' id='word_1_420' title='bbox 1232 2154 1349 2181; x_wconf 85' lang='lat' dir='ltr'><strong>Sallustii</strong></span> <span class='ocrx_word' id='word_1_421' title='bbox 1362 2152 1486 2177; x_wconf 81' lang='lat' dir='ltr'><strong>historici</strong></span> 
     </span>
     <span class='ocr_line' id='line_1_43' title="bbox 160 2188 1486 2223; baseline -0.005 -6"><span class='ocrx_word' id='word_1_422' title='bbox 160 2199 192 2217; x_wconf 84' lang='lat' dir='ltr'><strong>ex</strong></span> <span class='ocrx_word' id='word_1_423' title='bbox 209 2198 303 2216; x_wconf 85' lang='lat' dir='ltr'><strong>sorore</strong></span> <span class='ocrx_word' id='word_1_424' title='bbox 318 2198 409 2221; x_wconf 49' lang='lat' dir='ltr'><strong>nepo&amp;</strong></span> <span class='ocrx_word' id='word_1_425' title='bbox 429 2192 462 2216; x_wconf 87' lang='lat' dir='ltr'><strong>ab</strong></span> <span class='ocrx_word' id='word_1_426' title='bbox 477 2198 509 2216; x_wconf 85' lang='lat' dir='ltr'><strong>eo</strong></span> <span class='ocrx_word' id='word_1_427' title='bbox 522 2193 673 2222; x_wconf 82' lang='lat' dir='ltr'><strong>adoptatus.</strong></span> <span class='ocrx_word' id='word_1_428' title='bbox 689 2207 717 2210; x_wconf 95' lang='lat'><strong>—</strong></span> <span class='ocrx_word' id='word_1_429' title='bbox 730 2200 751 2218; x_wconf 74' lang='lat'><strong>4.</strong></span> <span class='ocrx_word' id='word_1_430' title='bbox 766 2194 868 2223; x_wconf 79' lang='lat' dir='ltr'><strong>Quibus</strong></span> <span class='ocrx_word' id='word_1_431' title='bbox 881 2192 966 2216; x_wconf 87' lang='lat' dir='ltr'><strong>caedes</strong></span> <span class='ocrx_word' id='word_1_432' title='bbox 979 2193 1101 2222; x_wconf 74' lang='lat' dir='ltr'><strong>Agrippae</strong></span> <span class='ocrx_word' id='word_1_433' title='bbox 1116 2191 1308 2222; x_wconf 80' lang='lat' dir='ltr'><strong>imperabatur.</strong></span> <span class='ocrx_word' id='word_1_434' title='bbox 1318 2202 1348 2206; x_wconf 91' lang='lat'>—</span> <span class='ocrx_word' id='word_1_435' title='bbox 1363 2193 1385 2212; x_wconf 70' lang='lat' dir='ltr'><strong>u.</strong></span> <span class='ocrx_word' id='word_1_436' title='bbox 1398 2188 1486 2217; x_wconf 89' lang='lat' dir='ltr'><strong>Quum</strong></span> 
     </span>
     <span class='ocr_line' id='line_1_44' title="bbox 160 2225 1485 2258; baseline 0.002 -6"><span class='ocrx_word' id='word_1_437' title='bbox 160 2234 234 2258; x_wconf 65' lang='lat' dir='ltr'><strong>aeque</strong></span> <span class='ocrx_word' id='word_1_438' title='bbox 248 2227 428 2256; x_wconf 82' lang='lat' dir='ltr'><strong>periculosum</strong></span> <span class='ocrx_word' id='word_1_439' title='bbox 453 2230 536 2255; x_wconf 81' lang='lat' dir='ltr'><strong>esset,</strong></span> <span class='ocrx_word' id='word_1_440' title='bbox 550 2230 606 2252; x_wconf 85' lang='lat' dir='ltr'><strong>sive</strong></span> <span class='ocrx_word' id='word_1_441' title='bbox 624 2229 685 2253; x_wconf 82' lang='lat' dir='ltr'><strong>licta</strong></span> <span class='ocrx_word' id='word_1_442' title='bbox 711 2230 768 2253; x_wconf 87' lang='lat' dir='ltr'><strong>sive</strong></span> <span class='ocrx_word' id='word_1_443' title='bbox 782 2235 846 2253; x_wconf 86' lang='lat' dir='ltr'><strong>vera</strong></span> <span class='ocrx_word' id='word_1_444' title='bbox 861 2234 899 2258; x_wconf 86' lang='lat' dir='ltr'><strong>pr.</strong></span> <span class='ocrx_word' id='word_1_445' title='bbox 910 2233 972 2252; x_wconf 81' lang='grc'><strong>-6.</strong></span> <span class='ocrx_word' id='word_1_446' title='bbox 989 2229 1145 2252; x_wconf 85' lang='lat' dir='ltr'><strong>Sententia:</strong></span> <span class='ocrx_word' id='word_1_447' title='bbox 1161 2227 1197 2251; x_wconf 80' lang='lat' dir='ltr'><strong>ita</strong></span> <span class='ocrx_word' id='word_1_448' title='bbox 1218 2225 1402 2255; x_wconf 74' lang='lat' dir='ltr'><strong>comparatum</strong></span> <span class='ocrx_word' id='word_1_449' title='bbox 1425 2226 1485 2246; x_wconf 71' lang='lat' dir='ltr'><strong>esse</strong></span> 
     </span>
     <span class='ocr_line' id='line_1_45' title="bbox 160 2258 1485 2294; baseline -0.002 -8"><span class='ocrx_word' id='word_1_450' title='bbox 160 2264 317 2292; x_wconf 86' lang='lat' dir='ltr'><strong>imperium,</strong></span> <span class='ocrx_word' id='word_1_451' title='bbox 344 2264 374 2287; x_wconf 86' lang='lat' dir='ltr'><strong>ut</strong></span> <span class='ocrx_word' id='word_1_452' title='bbox 393 2270 435 2287; x_wconf 84' lang='lat' dir='ltr'><strong>res</strong></span> <span class='ocrx_word' id='word_1_453' title='bbox 452 2264 509 2293; x_wconf 86' lang='lat' dir='ltr'><strong>ejus</strong></span> <span class='ocrx_word' id='word_1_454' title='bbox 524 2270 577 2288; x_wconf 93' lang='lat' dir='ltr'><strong>non</strong></span> <span class='ocrx_word' id='word_1_455' title='bbox 595 2265 674 2288; x_wconf 87' lang='lat' dir='ltr'><strong>aliter</strong></span> <span class='ocrx_word' id='word_1_456' title='bbox 686 2265 713 2288; x_wconf 89' lang='lat' dir='ltr'><strong>in</strong></span> <span class='ocrx_word' id='word_1_457' title='bbox 728 2264 828 2294; x_wconf 85' lang='lat' dir='ltr'><strong>liquido</strong></span> <span class='ocrx_word' id='word_1_458' title='bbox 841 2264 908 2293; x_wconf 86' lang='lat' dir='ltr'><strong>sint,</strong></span> <span class='ocrx_word' id='word_1_459' title='bbox 926 2268 1006 2293; x_wconf 82' lang='lat' dir='ltr'><strong>quam</strong></span> <span class='ocrx_word' id='word_1_460' title='bbox 1023 2264 1044 2287; x_wconf 87' lang='lat' dir='ltr'><strong>si</strong></span> <span class='ocrx_word' id='word_1_461' title='bbox 1060 2264 1105 2287; x_wconf 91' lang='lat' dir='ltr'><strong>nni</strong></span> <span class='ocrx_word' id='word_1_462' title='bbox 1125 2262 1267 2292; x_wconf 87' lang='lat' dir='ltr'><strong>imperanti</strong></span> <span class='ocrx_word' id='word_1_463' title='bbox 1287 2261 1424 2290; x_wconf 82' lang='lat' dir='ltr'><strong>gestarum</strong></span> <span class='ocrx_word' id='word_1_464' title='bbox 1440 2258 1485 2283; x_wconf 88' lang='lat' dir='ltr'><strong>vel</strong></span> 
     </span>
     <span class='ocr_line' id='line_1_46' title="bbox 161 2292 1483 2328; baseline -0.002 -7"><span class='ocrx_word' id='word_1_465' title='bbox 161 2298 341 2328; x_wconf 78' lang='lat' dir='ltr'><strong>gerendarum</strong></span> <span class='ocrx_word' id='word_1_466' title='bbox 356 2304 445 2322; x_wconf 84' lang='lat' dir='ltr'><strong>rernm</strong></span> <span class='ocrx_word' id='word_1_467' title='bbox 462 2300 530 2323; x_wconf 80' lang='lat' dir='ltr'><strong>ratio</strong></span> <span class='ocrx_word' id='word_1_468' title='bbox 545 2300 683 2323; x_wconf 80' lang='lat' dir='ltr'><strong>reddatur.</strong></span> <span class='ocrx_word' id='word_1_469' title='bbox 709 2301 729 2324; x_wconf 83' lang='grc' dir='ltr'><strong>Α</strong></span> <span class='ocrx_word' id='word_1_470' title='bbox 744 2300 911 2323; x_wconf 87' lang='lat' dir='ltr'><strong>mensulariis</strong></span> <span class='ocrx_word' id='word_1_471' title='bbox 925 2298 1006 2322; x_wconf 88' lang='lat' dir='ltr'><strong>ducta</strong></span> <span class='ocrx_word' id='word_1_472' title='bbox 1024 2298 1125 2322; x_wconf 87' lang='lat' dir='ltr'><strong>locutio</strong></span> <span class='ocrx_word' id='word_1_473' title='bbox 1139 2298 1252 2322; x_wconf 79' lang='lat' dir='ltr'><strong>constat</strong></span> <span class='ocrx_word' id='word_1_474' title='bbox 1263 2295 1342 2321; x_wconf 80' lang='lat' dir='ltr'><strong>ratio</strong></span> <span class='ocrx_word' id='word_1_475' title='bbox 1355 2313 1361 2324; x_wconf 83' lang='lat'>‚</span> <span class='ocrx_word' id='word_1_476' title='bbox 1375 2292 1483 2324; x_wconf 84' lang='lat' dir='ltr'><strong>quando</strong></span> 
     </span>
     <span class='ocr_line' id='line_1_47' title="bbox 162 2335 1398 2369; baseline 0.006 -13"><span class='ocrx_word' id='word_1_477' title='bbox 162 2339 240 2363; x_wconf 79' lang='lat' dir='ltr'><strong>pares</strong></span> <span class='ocrx_word' id='word_1_478' title='bbox 253 2335 317 2358; x_wconf 87' lang='lat' dir='ltr'><strong>sunt</strong></span> <span class='ocrx_word' id='word_1_479' title='bbox 330 2335 435 2363; x_wconf 77' lang='lat' dir='ltr'><strong>accepti</strong></span> <span class='ocrx_word' id='word_1_480' title='bbox 447 2337 474 2358; x_wconf 91' lang='lat' dir='ltr'><strong>et</strong></span> <span class='ocrx_word' id='word_1_481' title='bbox 489 2336 597 2364; x_wconf 77' lang='lat' dir='ltr'><strong>expensi</strong></span> <span class='ocrx_word' id='word_1_482' title='bbox 612 2341 730 2359; x_wconf 63' lang='lat' dir='ltr'><strong>summae.</strong></span> <span class='ocrx_word' id='word_1_483' title='bbox 1393 2364 1398 2369; x_wconf 68' lang='grc'>,</span> 
     </span>
    </p>

    <p class='ocr_par' dir='ltr' id='par_1_7' title="bbox 159 2364 1485 2473">
     <span class='ocr_line' id='line_1_48' title="bbox 191 2364 1485 2399; baseline -0.003 -8"><span class='ocrx_word' id='word_1_484' title='bbox 191 2369 246 2392; x_wconf 83' lang='lat' dir='ltr'><strong>Vll.</strong></span> <span class='ocrx_word' id='word_1_485' title='bbox 267 2375 287 2393; x_wconf 78' lang='lat' dir='ltr'><strong>i.</strong></span> <span class='ocrx_word' id='word_1_486' title='bbox 303 2370 489 2394; x_wconf 73' lang='lat' dir='ltr'><strong>simulatores,</strong></span> <span class='ocrx_word' id='word_1_487' title='bbox 504 2370 661 2399; x_wconf 75' lang='lat' dir='ltr'><strong>Composito</strong></span> <span class='ocrx_word' id='word_1_488' title='bbox 671 2377 709 2395; x_wconf 86' lang='lat' dir='ltr'><strong>sc.</strong></span> <span class='ocrx_word' id='word_1_489' title='bbox 729 2368 1264 2395; x_wconf 57' lang='lat' dir='ltr'><strong>arte—2.Sc,essentvelviderentur.—</strong></span> <span class='ocrx_word' id='word_1_490' title='bbox 1277 2371 1298 2389; x_wconf 73' lang='lat' dir='ltr'><strong>z.</strong></span> <span class='ocrx_word' id='word_1_491' title='bbox 1310 2364 1418 2390; x_wconf 83' lang='lat' dir='ltr'><strong>Tiberio</strong></span> <span class='ocrx_word' id='word_1_492' title='bbox 1430 2365 1485 2394; x_wconf 91' lang='lat' dir='ltr'><strong>jus-</strong></span> 
     </span>
     <span class='ocr_line' id='line_1_49' title="bbox 159 2398 1483 2439; baseline -0.004 -12"><span class='ocrx_word' id='word_1_493' title='bbox 159 2404 302 2432; x_wconf 83' lang='lat' dir='ltr'><strong>jurandum</strong></span> <span class='ocrx_word' id='word_1_494' title='bbox 318 2406 490 2435; x_wconf 77' lang='lat' dir='ltr'><strong>praestabant.</strong></span> <span class='ocrx_word' id='word_1_495' title='bbox 502 2406 639 2430; x_wconf 87' lang='lat' dir='ltr'><strong>Publicum</strong></span> <span class='ocrx_word' id='word_1_496' title='bbox 654 2408 851 2431; x_wconf 82' lang='lat' dir='ltr'><strong>sacramentum</strong></span> <span class='ocrx_word' id='word_1_497' title='bbox 865 2406 927 2431; x_wconf 87' lang='lat' dir='ltr'><strong>olim</strong></span> <span class='ocrx_word' id='word_1_498' title='bbox 942 2404 1047 2435; x_wconf 87' lang='lat' dir='ltr'><strong>duplex,</strong></span> <span class='ocrx_word' id='word_1_499' title='bbox 1061 2404 1161 2427; x_wconf 77' lang='lat' dir='ltr'><strong>civium</strong></span> <span class='ocrx_word' id='word_1_500' title='bbox 1178 2403 1207 2426; x_wconf 75' lang='lat' dir='ltr'><strong>in</strong></span> <span class='ocrx_word' id='word_1_501' title='bbox 1223 2401 1310 2426; x_wconf 79' lang='lat' dir='ltr'><strong>verba</strong></span> <span class='ocrx_word' id='word_1_502' title='bbox 1323 2398 1483 2439; x_wconf 64' lang='lat' dir='ltr'><strong>consulum,</strong></span> 
     </span>
     <span class='ocr_line' id='line_1_50' title="bbox 162 2435 1484 2473; baseline -0.004 -9"><span class='ocrx_word' id='word_1_503' title='bbox 162 2439 275 2465; x_wconf 85' lang='lat' dir='ltr'><strong>militum</strong></span> <span class='ocrx_word' id='word_1_504' title='bbox 284 2441 312 2466; x_wconf 78' lang='lat' dir='ltr'><strong>in</strong></span> <span class='ocrx_word' id='word_1_505' title='bbox 323 2440 407 2466; x_wconf 79' lang='lat' dir='ltr'><strong>verba</strong></span> <span class='ocrx_word' id='word_1_506' title='bbox 415 2441 495 2466; x_wconf 76' lang='lat' dir='ltr'><strong>(lucis</strong></span> <span class='ocrx_word' id='word_1_507' title='bbox 507 2449 516 2465; x_wconf 90' lang='lat'><em>:</em></span> <span class='ocrx_word' id='word_1_508' title='bbox 527 2441 597 2473; x_wconf 85' lang='lat' dir='ltr'><strong>quod</strong></span> <span class='ocrx_word' id='word_1_509' title='bbox 605 2443 698 2472; x_wconf 84' lang='lat' dir='ltr'><strong>postea</strong></span> <span class='ocrx_word' id='word_1_510' title='bbox 706 2443 739 2466; x_wconf 77' lang='lat' dir='ltr'><strong>aa</strong></span> <span class='ocrx_word' id='word_1_511' title='bbox 747 2442 833 2467; x_wconf 87' lang='lat' dir='ltr'><strong>solum</strong></span> <span class='ocrx_word' id='word_1_512' title='bbox 842 2441 991 2472; x_wconf 84' lang='lat' dir='ltr'><strong>Principem</strong></span> <span class='ocrx_word' id='word_1_513' title='bbox 1005 2439 1151 2464; x_wconf 83' lang='lat' dir='ltr'><strong>transiit.—</strong></span> <span class='ocrx_word' id='word_1_514' title='bbox 1160 2443 1181 2462; x_wconf 72' lang='lat'><strong>4.</strong></span> <span class='ocrx_word' id='word_1_515' title='bbox 1193 2437 1284 2462; x_wconf 82' lang='lat' dir='ltr'><strong>Mente</strong></span> <span class='ocrx_word' id='word_1_516' title='bbox 1297 2435 1437 2466; x_wconf 78' lang='lat' dir='ltr'><strong>ambigens</strong></span> <span class='ocrx_word' id='word_1_517' title='bbox 1450 2437 1484 2458; x_wconf 77' lang='lat' dir='ltr'><strong>an</strong></span> 
     </span>
    </p>
   </div>
  </div>
 </body>
</html>
