1539 2668
505 174 542 204 A.
565 175 605 204 U.
628 175 664 204 C.
686 174 758 204 823.
783 176 819 204 A.
844 175 878 204 C.
904 174 954 204 70.
1343 175 1404 206 395

86 258 102 273 κ
120 246 204 286 rint,
220 257 261 280 ne
276 248 348 280 loeo
363 248 578 289 pellerentur?
596 248 675 279 socii
697 257 785 288 saepe
800 248 902 280 nostri
929 247 1074 279 exscindi
1091 247 1188 279 urbes
1210 257 1284 279 snas
1302 257 1402 289 seque

87 305 101 318 «
120 302 193 325 cum
211 296 402 336 conjugibus
422 305 460 327 ae
485 295 595 327 liberis
620 296 754 327 cremari
778 296 979 336 pertulerunt
991 305 1001 334 ;
1024 304 1129 335 neque
1152 296 1235 340 alind
1264 296 1405 335 pretium

87 350 102 365 «ι
120 341 226 373 exitus
240 352 336 382 quam
357 343 435 375 fides
451 343 612 385 famaque.
628 344 768 374 tolerant
784 343 1004 374 cummaxime
1019 343 1161 382 inopiam
1177 343 1406 383 obsidiumque

87 398 103 413 «ι
120 389 204 428 apud
227 392 343 421 Vetera
365 390 526 430 legiones,
551 399 610 421 nec
635 393 757 421 terrore
779 393 834 422 aut
857 390 1022 430 promissis
1042 389 1266 421 demoventur.
1294 390 1408 430 nobis,

87 445 103 460 u
119 443 214 475 super
230 446 319 468 arma
340 439 372 469 et
395 437 481 468 viros
507 439 539 468 et
561 438 687 477 egregia
707 441 888 469 castrorum
912 438 1132 477 munimenta,
1152 437 1351 468 frumentum
1375 440 1409 470 et

87 493 104 507 «
121 487 320 515 commeatus
332 484 503 525 quamvis²
529 484 624 524 longo
644 485 728 516 bello
742 494 845 525 pares.
863 485 998 524 pecnnia
1017 493 1118 525 nuper
1137 485 1234 515 etiam
1255 484 1409 516 donativo

88 540 103 555 α
120 531 249 562 suffecit
259 532 270 549 3
283 542 292 569 ;
311 531 396 571 qnod
413 532 481 563 sive
494 540 512 562 a
526 532 722 572 Vespasiano
737 533 805 564 sive
818 542 836 563 a
850 532 979 563 Vitellio
993 531 1106 563 datum
1121 532 1324 571 interpretari
1341 541 1407 562 ma-

87 587 103 602 «
122 577 237 617 vultis,
258 578 298 609 ab
316 582 511 619 Imperatore
530 581 617 610 certe
631 583 777 610 Romano
799 579 978 619 accepistis.
1000 580 1049 610 tot
1071 579 1227 610 bellorum
1249 579 1387 610 victores
1399 603 1409 618 ,

87 635 102 648 «
120 624 207 663 apud
220 625 414 665 Geldubam,
438 626 525 666 apud
538 629 654 657 Vetera
667 651 676 665 ,
696 627 769 657 fuso
791 627 885 658 toties
907 627 1017 665 hoste,
1039 627 1065 657 si
1081 626 1205 666 pavetis
1222 626 1321 657 aciem
1336 650 1345 666 ‚
1359 626 1409 656 in·

87 681 103 695 «
120 670 254 710 dignum
269 672 299 703 id
319 673 450 713 quidem
465 683 472 703 :
492 673 548 704 sed
564 676 613 704 est
629 673 747 704 vallum
767 675 916 713 murique
936 675 968 704 et
981 673 1144 704 traliendi⁴
1165 676 1260 713 artes,
1275 674 1376 704 donec
1393 683 1411 705 e

88 729 103 743 «
123 718 276 757 proximis
301 721 477 760 provinciis
499 721 617 751 auxilia
639 721 863 761 exercitusque
888 723 1094 751 concurrant.
1120 729 1197 751 sane
1222 730 1280 759 ego
1305 720 1413 760 displi-

88 776 103 789 «
123 773 213 795 ceam
231 775 238 795 2
256 769 331 797 sunt
345 767 396 798 alii
413 767 530 807 legati,
547 767 668 798 tribuni
684 792 691 806 ‚
710 768 859 799 centurio
873 768 1010 807 deniqne
1025 769 1081 798 aut
1095 768 1196 798 miles.
1211 777 1251 799 ne
1266 768 1325 798 lioc
1340 776 1412 807 pro·

88 822 103 836 ‹-
121 811 242 851 digium
259 815 328 844 toto
344 816 503 845 terrarum
519 814 596 845 orbe
616 815 777 854 vulgetur,
793 814 886 845 vobis
908 814 1101 845 satellitibus
1121 815 1255 845 Civilem
1277 816 1309 846 et
1330 814 1412 846 Clas-

87 869 103 884 «
119 857 222 889 sicum
250 861 373 891 Italiam
399 861 577 892 invasuros.
604 870 644 892 an
661 885 669 900 ,
700 862 726 892 si
759 862 798 892 ad
824 862 943 892 moenia
969 861 1063 892 Urbis
1093 862 1239 893 Germani
1270 862 1413 901 Gallique

87 916 103 930 u
120 903 294 947 duxerint,
319 916 408 938 arma
432 908 546 948 patriae
568 908 735 939 inferetis?
758 908 868 939 horret
889 909 1017 939 animus
1033 910 1113 939 tanti
1136 909 1245 941 llauitii
1263 910 1411 948 imagine.

85 962 102 977 «ι
122 953 267 984 Tutorin’
281 958 420 986 Trevero
436 958 572 995 agentur
584 955 751 986 excubiae?
767 956 897 995 signum
914 955 987 986 belli
1000 958 1138 986 Batavus
1154 956 1267 986 dabit?
1284 960 1412 987 Germa—

85 1011 102 1025 «
120 1008 238 1031 norum
251 1003 396 1033 catervas
413 1003 627 1042 supplebitis?
640 1003 713 1042 qnis
728 1002 844 1033 deinde
858 1002 985 1033 sceleris
1002 1003 1125 1040 exitus,
1144 1012 1242 1042 qnnni
1258 1007 1413 1034 Romanae

87 1059 103 1074 (ι
120 1046 260 1086 legiones
275 1051 387 1079 contra
401 1049 577 1080 direxerint
588 1050 598 1067 ⁵
615 1050 815 1089 stransfugae
831 1058 847 1080 e
864 1049 1039 1089 transfugis
1059 1051 1089 1080 et
1110 1050 1289 1088 proditoris
1303 1059 1320 1081 e
1336 1060 1413 1090 pro-

88 1107 104 1121 n
121 1093 293 1133 ditoribus,
315 1095 399 1126 inter
423 1105 535 1127 recens
552 1099 583 1128 et
603 1099 696 1127 vetus
708 1099 948 1127 sacramentum
969 1096 1066 1126 invisi
1087 1096 1154 1126 deis
1169 1097 1339 1128 errabitis?
1356 1102 1412 1137 Te,

87 1154 104 1168 «ι
121 1140 398 1181 anpiteroptime
412 1143 565 1182 maxime,
581 1152 677 1183 quenl
690 1152 747 1183 per
760 1144 961 1182 octingentos
972 1143 1084 1182 viginti
1099 1152 1199 1174 annos
1209 1143 1220 1160 ⁶
1238 1147 1286 1175 tot
1299 1144 1414 1175 trium-

86 1201 102 1212 «
119 1187 192 1227 pliis
207 1188 368 1220 coluimus
383 1214 391 1229 ,
408 1191 459 1229 te,
475 1190 609 1229 Quirine
624 1195 778 1221 Romanae
793 1199 911 1230 parens
925 1190 1036 1228 Urbis,
1058 1199 1169 1229 precor
1191 1198 1391 1230 venerorque
1402 1215 1411 1230 ‚

86 1245 102 1260 ιι
121 1236 178 1273 ut,
194 1235 219 1265 si
241 1235 332 1266 vobis
347 1246 410 1267 non
426 1237 486 1268 fuit
501 1237 589 1268 cordi
605 1246 656 1268 me
670 1237 752 1268 duce
765 1237 834 1267 haec
848 1239 954 1268 castra
975 1237 1162 1276 incorrupta
1177 1238 1208 1267 et
1222 1238 1413 1270 intemerata

87 1292 102 1306 α
121 1282 253 1322 servari,
265 1284 298 1314 at
313 1285 400 1315 certe
408 1283 507 1323 pollui
522 1284 699 1324 swdariqne
713 1294 731 1315 a
742 1286 860 1315 Tutore
874 1285 1052 1323 etclassico
1067 1292 1106 1314 ne
1119 1284 1241 1315 sinatis.
1257 1285 1414 1318 militibus

87 1339 103 1354 α
120 1330 272 1360 Romanis
287 1331 567 1362 antinnocentiam
585 1331 676 1370 detis,
688 1334 743 1362 aut
760 1334 918 1362 maturam
933 1334 964 1362 et
978 1332 1140 1362 sinenoxa
1156 1332 1411 1370 poenitentiam.»

125 1378 201 1406 LIX.
221 1377 315 1407 Varie
328 1381 460 1417 excepta
476 1379 579 1409 oratio
594 1379 676 1408 inter
689 1387 778 1418 spem
796 1381 984 1418 metumque
1003 1387 1039 1408 ac
1052 1377 1219 1417 pudorem.
1236 1378 1412 1417 digressum

83 1422 263 1462 Voculam,
281 1426 311 1454 et
329 1424 369 1454 de
383 1426 543 1464 supremis
564 1425 757 1464 agitantem,
775 1425 884 1456 liberti
901 1426 1049 1465 servique
1067 1425 1259 1464 prohibuere
1278 1426 1412 1458 sordissi-

82 1477 171 1500 mam
185 1472 323 1501 mortem
338 1475 452 1510 sponte
468 1473 659 1511 praevenire.
675 1475 707 1503 et
724 1472 880 1503 Classicus
894 1472 990 1502 misso
1004 1472 1123 1502 ,emilio
1136 1473 1277 1511 Longino
1288 1497 1296 1511 ,
1311 1473 1415 1504 deser-

83 1517 153 1547 tore
178 1517 292 1556 primae
317 1518 474 1559 legionis,
502 1519 624 1550 coedem
649 1519 717 1558 ejus
739 1520 928 1550 maturavit.
951 1518 1147 1550 Herennium
1173 1521 1204 1550 et
1230 1520 1411 1553 Numisium

82 1562 202 1603 legatos
226 1565 341 1597 vinciri
367 1566 445 1597 satis
472 1566 589 1597 visum.
615 1566 689 1597 dein
714 1567 853 1606 sumptis
877 1567 1013 1597 Romani
1037 1567 1164 1606 imperii
1182 1566 1359 1606 insignibus
1379 1569 1413 1599 in

81 1612 187 1642 castra
201 1612 300 1644 venit.
316 1613 456 1653 necilli,
471 1622 666 1653 quamquam
682 1614 722 1644 ad
736 1622 832 1644 omne
847 1614 970 1644 facinus
982 1613 1112 1652 durato,
1132 1613 1228 1644 verba
1246 1615 1326 1645 ultra
1338 1624 1416 1655 snp-

81 1658 267 1696 peditavere
284 1669 382 1699 quam
398 1662 433 1692 ut
449 1663 689 1691 sacramentum
705 1661 866 1691 recitaret.
883 1661 1032 1699 juravere
1048 1660 1103 1700 qni
1121 1661 1255 1691 aderant
1268 1670 1334 1701 pro
1350 1664 1410 1693 im-

80 1706 176 1743 perio
202 1706 414 1738 Galliarum.
436 1708 673 1739 interfectorem
699 1708 830 1739 voculae
856 1708 930 1739 altis
956 1708 1122 1738 ordinibus
1147 1708 1177 1747 ¹,
1205 1711 1352 1748 ceteros,
1377 1714 1414 1741 ut

82 1751 220 1790 quisque
237 1750 391 1791 flagitium
407 1757 581 1785 nataverat
593 1778 601 1792 ‚
620 1754 760 1793 praemiis
777 1755 908 1785 attollit.
926 1755 1045 1786 Divisae
1065 1755 1138 1786 inde
1158 1755 1242 1786 inter
1259 1758 1412 1786 Tutorem

46 1814 47 1817 =
83 1799 116 1828 et
132 1797 306 1829 Classicum
321 1807 419 1830 curae.
438 1804 539 1830 Tutor
555 1800 660 1831 valida
678 1809 777 1831 manu
795 1801 1011 1832 circumdatos
1027 1802 1290 1841 Agrippinenses,
1308 1811 1413 1841 quan-

82 1847 218 1884 tumque
237 1845 378 1876 militum
401 1847 487 1886 apud
506 1849 706 1886 superiorem
723 1847 825 1878 Rheni
847 1848 952 1887 ripam
965 1871 974 1887 ‚
998 1848 1030 1878 in
1052 1849 1166 1879 eadem
1180 1848 1278 1879 verba
1295 1848 1412 1887 adigit,

81 1891 199 1922 occisis
216 1893 410 1932 magontiaci
428 1894 585 1933 tribunis,
605 1894 697 1933 pulso
723 1896 902 1924 castrorum
928 1896 1100 1934 praefecto,
1129 1895 1183 1934 qni
1209 1895 1413 1926 detrectave-

81 1939 166 1969 rant.
189 1939 347 1971 Classicus
369 1941 651 1980 corruptissimum
672 1950 833 1980 quemque
853 1950 870 1972 e
893 1941 1009 1972 deditis
1030 1950 1174 1982 peryere
1201 1942 1247 1974 acl
1264 1942 1411 1973 obsessos

77 1983 195 2025 jubet,
222 1988 359 2018 veniam
380 1989 616 2027 ostentantes,
638 1989 666 2018 εἰ·
684 1989 875 2027 praesencia
902 1990 1130 2028 sequerentur
1153 2000 1165 2020 .·
1188 1990 1295 2020 aliter
1320 1989 1414 2020 nillil

79 2033 170 2072 spei,
179 2032 315 2072 famem
326 2033 539 2076 ferrumque
553 2037 587 2067 et
607 2036 768 2066 extrema
779 2043 958 2075 passuros.
979 2035 1125 2074 adjecere
1141 2035 1197 2076 qui
1213 2036 1302 2067 missi
1320 2037 1413 2067 erant

78 2080 267 2120 exemplum
284 2089 391 2112 suum.

122 2129 183 2159 Lx.
205 2127 361 2159 Obsessos
378 2128 454 2159 hinc
472 2127 551 2160 fides
563 2151 572 2167 ‚
585 2127 661 2160 inde
676 2130 799 2169 egestas
812 2129 895 2160 inter
908 2127 1006 2160 decus
1022 2137 1060 2160 ac
1072 2129 1232 2169 flagitium
1251 2129 1408 2162 distrahe·

81 2170 171 2206 bant.
185 2175 411 2207 cunctantibus
424 2175 518 2207 solita
529 2176 720 2216 insolitaque
731 2176 884 2207 alimenta
897 2175 1050 2215 deerant,
1066 2177 1244 2217 absumptis
1254 2176 1410 2217 jumentis

80 2222 236 2263 equisque
251 2225 284 2255 et
297 2224 412 2256 ceteris
428 2224 622 2256 animalibus
633 2249 643 2266 ‚
660 2234 735 2265 quae
751 2225 883 2266 profana
900 2224 1048 2266 foedaque
1064 2226 1098 2257 in
1121 2234 1216 2257 nsum
1235 2226 1410 2257 necessitas

81 2338 352 2395 -z-CQuazntumviQ
366 2341 521 2369 utcumque.
533 2352 560 2357 —-
573 2345 596 2363 5.
609 2340 668 2364 vid.
687 2345 710 2363 c.
724 2345 811 2364 ita—4.
826 2342 870 2365 Sc.
884 2342 1023 2371 temporis,
1038 2341 1094 2366 sive
1108 2341 1237 2367 bena—s.
1250 2343 1291 2367 Sc.
1307 2342 1404 2367 aciem.

82 2377 133 2396 -s.
170 2377 224 2396 on.
251 2390 257 2399 ,
273 2378 292 2396 i.

111 2405 175 2431 LIX.
192 2412 212 2431 ι.
230 2408 321 2432 Primis
335 2408 433 2433 militiae
446 2408 584 2434 ordinibus
597 2410 654 2434 sive
667 2411 805 2440 gradibus.
