1539 2668
119 205 184 240 1⁴0
578 206 613 235 c.
637 205 823 234 CORNELII
844 205 977 233 ‘merri

123 282 266 325 quietem
281 280 314 312 et
330 280 432 311 otium
447 279 588 316 laudare,
605 287 679 309 mox
697 286 827 318 operam
841 286 932 309 suam
946 277 979 309 in
993 275 1201 317 approbanda
1213 275 1224 294 ³
1241 275 1446 307 excusatione

122 331 260 367 offerre3
286 329 448 368 postremo
476 335 538 357 non
561 326 628 366 jam
644 325 795 365 obscuri,
821 325 993 356 suadentes
1016 324 1112 356 simul
1133 324 1353 363 terrentesque
1376 330 1448 363 per-

121 381 250 411 traxere
263 374 301 406 ad
317 374 551 406 Domitianum.
568 372 623 412 qui
636 374 768 412 paratus
789 371 994 403 simulatione
1006 396 1015 411 ‚
1036 371 1068 402 in
1088 370 1303 410 arrogantiam
1322 376 1448 408 compo·

123 425 205 459 situs
231 425 263 454 et
289 421 391 452 audiit
418 429 530 460 preces
547 418 732 451 excusantis
756 422 809 458 et,
833 428 935 459 quum
957 419 1147 457 annuisset,
1168 418 1219 458 agi
1248 418 1308 449 sibi
1331 412 1451 457 gratias

122 479 241 514 passus
257 472 322 507 est,
341 476 400 498 nec
417 467 547 498 erubuit
562 466 709 498 beneficii
725 466 868 497 invidia⁴
884 477 892 505 ;
908 466 1060 496 salarium
1076 465 1086 483 ⁵
1103 467 1214 496 tamen
1231 462 1450 505 proconsulari

123 519 257 551 solitum
274 515 382 546 offerri
397 538 405 554 ‚
421 515 452 545 et
465 513 658 554 quibusdam
674 522 692 544 a
714 521 749 544 se
770 513 842 553 ipso
865 521 1054 544 concessum
1067 537 1076 552 ‚
1092 512 1249 552 Agricolae
1262 521 1327 543 non
1344 510 1449 548 dedit3

123 566 194 598 sive
215 564 357 594 offensus
370 586 378 600 ,
407 570 471 591 non
498 560 635 600 petitum
648 560 659 578 ⁶
675 584 684 599 ,
701 559 769 591 sive
790 569 830 591 ex
854 560 1071 597 conscientia,
1095 569 1135 591 ne
1147 584 1156 599 ‚
1180 559 1266 599 quod
1283 558 1450 595 vetuerat,

123 612 287 644 videretur
311 609 438 639 emisse.
464 608 636 648 Proprium
659 607 792 638 humani
815 607 933 647 ingenii
956 609 1027 647 est,
1050 607 1157 637 odisse
1181 615 1278 647 quem
1302 605 1418 637 laeseris
1442 614 1450 635 :

122 657 298 691 Domitiani
322 664 398 686 vero
415 656 531 686 natura
548 663 691 695 praeceps
707 654 740 685 in
763 654 844 685 iram
858 679 867 693 ‚
884 656 937 693 et,
958 663 1022 694 quo
1039 653 1221 692 obscurior,
1239 662 1277 684 eo
1293 654 1451 684 irrevoca-

124 706 220 737 bilior
233 704 259 742 ⁷,
280 703 500 733 moderatione
518 703 629 733 tamen
652 702 888 741 prudentiaque
906 701 1058 741 Agricolae
1075 700 1273 740 leniebatur,
1294 702 1369 740 quia
1388 707 1453 730 non

124 750 329 783 contumacia
344 758 449 789 neque
463 749 551 779 inani
562 748 737 788 jactatione
752 748 909 779 libertatis
926 748 1046 778 famam
1062 747 1230 787 satumque
1245 746 1453 787 provocabat.

123 799 233 832 Sciant
247 797 365 836 quibus
381 796 479 826 moris
495 798 543 826 est
559 795 670 827 illicita
681 795 691 813 ⁸
709 795 838 834 mirari,
853 803 946 835 posse
959 795 1057 826 etiam
1074 795 1134 826 sub
1147 794 1239 825 malis
1253 793 1455 834 Principibus

125 857 262 888 magnos
278 848 365 878 viros
384 855 475 884 esse;
494 845 750 885 obsequiumque
775 854 812 876 ac
836 845 1028 875 modestiam
1042 868 1051 883 ,
1076 844 1103 875 si
1129 843 1290 875 industria
1308 852 1346 874 ac
1366 843 1456 884 vigor

125 896 245 934 adsint,
267 904 304 926 eo
324 894 427 925 laudis
441 892 597 924 excedere
609 894 635 931 ⁰,
651 901 716 932 quo
736 891 880 932 plerique
900 901 955 931 per
966 891 1122 931 abrupta,
1136 890 1193 923 sed
1207 891 1238 922 in
1257 890 1379 921 nullum
1398 889 1456 920 rei-

125 942 267 984 publicae
285 950 379 972 usum
390 964 398 979 ,
413 939 583 970 ambitiosa
600 944 704 971 morte
721 939 955 970 inclaruerunt.

170 993 276 1022 XLIII.
297 988 382 1019 Finis
404 987 481 1017 vitae
500 987 566 1025 ejus
588 987 680 1017 nobis
701 987 890 1023 luctuosus,
910 985 1022 1016 amicis
1036 985 1137 1016 tristis
1150 1008 1158 1023 ‚
1179 984 1340 1015 extraneis
1357 984 1455 1015 etiam

127 1036 226 1078 ignoti
241 1045 310 1075 ,que
333 1043 396 1065 non
418 1034 486 1064 siue
500 1042 576 1063 cura
590 1034 661 1064 snit.
682 1034 797 1073 vulgus
814 1042 941 1073 quoque
955 1034 986 1063 et
1003 1032 1056 1062 liic
1077 1031 1165 1062 aliud
1178 1032 1295 1070 agens¹
1317 1030 1457 1070 populus

128 1087 162 1117 et
173 1082 371 1114 ventitavere
383 1081 422 1110 ad
437 1080 569 1110 domum
584 1083 615 1111 ct
630 1088 685 1120 per
700 1081 769 1111 sora
785 1082 817 1111 et
833 1080 968 1110 circulos
984 1078 1083 1109 locuti
1096 1081 1171 1108 sunt
1187 1087 1194 1107 ι
1209 1086 1268 1108 nec
1284 1078 1455 1117 quisquam

129 1130 243 1162 andita
267 1131 370 1159 morte
394 1127 549 1166 Agricolae
572 1130 628 1157 aut
644 1128 772 1157 loetatus
796 1129 864 1164 est,
883 1128 939 1156 aut
961 1125 1071 1156 statim
1095 1124 1215 1155 oblitus
1235 1127 1293 1155 est.
1316 1125 1457 1164 augebat

127 1176 368 1208 miserationem
383 1176 534 1204 constans
548 1182 672 1213 rumor,
689 1182 812 1205 veneno
827 1174 1068 1212 interceptum.
1084 1171 1177 1202 nobis
1190 1171 1269 1202 nihil
1285 1173 1456 1212 comperti,

127 1232 188 1256 nec
205 1221 356 1253 lirmare²
383 1221 484 1251 ausim
504 1229 511 1250 :
536 1223 682 1251 ceterum
703 1229 759 1260 per
785 1228 915 1251 omnem
946 1218 1165 1250 valetudinem
1191 1218 1261 1257 ejus
1277 1242 1285 1257 ,
1311 1218 1456 1250 crebrius

129 1279 228 1311 quam
245 1278 284 1300 ex
302 1276 391 1299 more
413 1267 617 1308 principatus
630 1289 640 1303 ‚
656 1275 712 1307 per
729 1267 861 1298 nuntios
884 1266 1021 1297 visentis
1044 1267 1077 1297 et
1099 1265 1289 1297 libertorum
1307 1265 1404 1305 primi
1423 1266 1457 1297 et

127 1317 331 1350 medicorum
346 1314 450 1346 intimi
464 1323 583 1345 venere
602 1323 609 1344 :
627 1315 697 1345 sive
713 1323 791 1345 cura
808 1313 886 1345 illud
901 1337 910 1353 ,
930 1314 1002 1345 sive
1019 1312 1186 1353 inquisitio
1202 1313 1281 1343 erat.
1305 1320 1457 1352 supremo

129 1364 260 1406 quidem
276 1363 327 1394 die
340 1363 503 1393 momenta
519 1361 587 1402 ipsa
599 1360 774 1393 deficientis
788 1370 844 1401 per
858 1361 1033 1401 dispositos
1050 1367 1195 1391 cursores
1212 1359 1360 1390 nuntiata
1381 1367 1456 1390 con·

128 1411 248 1449 stabat;
260 1410 348 1441 nullo
359 1408 522 1446 credente,
535 1409 581 1439 sic
589 1409 774 1448 accelerari,
788 1417 862 1449 quae
872 1408 973 1440 tristis
986 1407 1122 1438 audiret.
1135 1406 1274 1447 speciem
1282 1407 1389 1437 tamen
1402 1406 1457 1438 do-

128 1458 207 1490 loris
219 1457 328 1488 animo
343 1456 498 1495 vultuque
511 1455 522 1472 ⁵
537 1464 604 1495 prce
619 1464 654 1486 se
667 1456 761 1495 tulit,
777 1464 911 1487 securus
922 1455 988 1494 Jam
1001 1454 1065 1485 odii
1076 1453 1102 1494 ⁴,
1116 1456 1148 1485 et
1162 1453 1217 1493 qui
1230 1453 1352 1484 facilius
1366 1453 1458 1485 dissi-

128 1505 269 1538 mularet
288 1502 440 1542 ⁴[gaudium
458 1511 556 1542 quam
578 1505 713 1533 metum.
738 1502 820 1534 Satis
843 1501 1032 1540 constabat,
1058 1501 1141 1532 lecto
1161 1501 1353 1531 testamento
1370 1499 1457 1540 Agri·

129 1552 211 1584 colae
224 1576 233 1591 ,
249 1560 312 1591 quo
326 1549 515 1580 coheredem
532 1549 662 1588 optimae
677 1549 768 1580 uxori
784 1551 815 1579 et
829 1549 982 1588 piissimae
995 1548 1067 1578 tiliae
1082 1548 1301 1578 Domitianum
1315 1546 1457 1586 scripsit,

130 1599 277 1631 laetatum
291 1606 365 1628 eum
383 1597 471 1627 velut
486 1596 606 1626 honore
618 1596 813 1635 judicioque.
830 1599 895 1625 tam
909 1604 993 1626 caeca
1007 1597 1040 1625 et
1054 1597 1204 1633 corrupta
1219 1602 1310 1624 mens
1320 1592 1457 1624 assiduis

132 1645 372 1677 adulationibus
395 1645 482 1682 erat,
502 1647 537 1674 ut
554 1643 713 1682 nesciret,
731 1652 750 1673 a
767 1643 851 1673 bono
869 1646 959 1682 patre
982 1651 1046 1672 non
1072 1641 1170 1672 scribi
1197 1640 1369 1681 heredem,
1393 1640 1457 1672 nisi

132 1692 254 1723 malum
273 1692 464 1730 Principem.

173 1743 279 1771 XLIV.
301 1740 400 1769 Natus
416 1741 484 1768 erat
497 1737 641 1777 Agricola
660 1736 736 1767 Caio
749 1740 874 1768 Caesare
887 1735 1018 1766 tertium
1039 1734 1170 1766 consule
1189 1733 1295 1765 idibus
1308 1734 1431 1766 Juniis¹
1449 1745 1457 1766 :

132 1786 271 1819 excessit
289 1788 379 1816 sexto
397 1788 429 1816 et
446 1784 712 1824 quinquagesimo
730 1793 815 1814 anno
828 1807 837 1823 ‚
855 1783 978 1814 decimo
1000 1782 1151 1813 kalendas
1170 1781 1371 1821 Septembres
1387 1783 1457 1815 Col-

130 1834 201 1874 lega
214 1833 385 1872 Priscoqne
399 1835 486 1863 Coss.
502 1831 512 1848 ²
532 1831 656 1870 Quodsi
673 1831 821 1862 habitum
835 1839 962 1871 quoque
976 1829 1043 1869 ejus
1058 1828 1178 1869 posteri
1192 1837 1322 1874 noscpre
1335 1829 1456 1860 velint:

131 1880 297 1912 decentior
310 1879 320 1895 ³
337 1888 434 1918 quam
452 1878 622 1909 sublimior
636 1878 708 1909 suit.
723 1878 802 1909 nihil
819 1877 942 1909 metus⁴
964 1876 998 1907 in
1013 1877 1126 1916 vultu,
1144 1875 1244 1916 gratia
1263 1875 1327 1906 oris
1345 1884 1457 1916 super-

131 1930 201 1962 erat
219 1937 226 1958 :
248 1926 369 1957 bonum
388 1926 496 1956 virum
518 1926 611 1957 facile
635 1925 781 1957 crederes
793 1949 802 1965 ,
827 1933 979 1964 magnum
1001 1924 1147 1955 libenter.
1166 1925 1203 1955 Et
1218 1924 1285 1963 ipse
1302 1923 1432 1963 quidem
1447 1944 1458 1960 ‚

129 2022 401 2054 proconsulatu—z.
417 2022 460 2045 Sc.
471 2021 688 2045 Domttiano.-«.
697 2020 739 2045 Ne
749 2020 849 2050 rouqi't
857 2025 911 2049 pas
925 2019 995 2043 d'un
1006 2019 1031 2043 si
1045 2019 1150 2043 odieuae
1163 2018 1292 2048 biensaic,
1304 2018 1384 2041 Burn.
1397 2016 1457 2040 Non

131 2058 241 2083 erubuit
259 2058 435 2087 permittere,
454 2058 484 2080 ut
506 2058 634 2085 Agricola
651 2057 785 2085 insignem
808 2056 931 2085 injuriam
952 2055 1003 2078 sibi
1025 2055 1127 2078 illatam
1146 2055 1272 2083 tanquam
1295 2052 1456 2076 beneficium

131 2094 358 2125 agnosceret—5.
376 2093 414 2116 Ab
428 2093 549 2122 Angusto
563 2094 650 2122 primo
665 2093 884 2115 institutum-a.
899 2093 940 2114 Sc.
956 2096 1031 2117 csse;
1050 2095 1081 2113 eo
1098 2089 1233 2118 quodnon
1248 2088 1363 2117 petitum
1376 2088 1457 2110 esset.

131 2135 184 2153 —7.
199 2128 456 2158 liiiplacabilior.-8.
468 2129 509 2152 Ad
523 2134 582 2158 quae
595 2128 766 2151 contumacia
777 2128 804 2150 ct
815 2127 886 2150 baud
900 2127 1082 2155 opportunum
1095 2124 1226 2149 libertatis
1237 2123 1355 2147 studium
1367 2121 1457 2146 effert.

132 2170 194 2188 -9,
210 2164 378 2192 Ascendere,
401 2164 556 2192 pervenire,
574 2169 629 2193 quo
645 2162 776 2192 plerique
791 2167 843 2191 per
853 2161 978 2190 abrupta
992 2166 1081 2191 neque
1094 2166 1143 2190 per
1160 2158 1340 2182 constantiam
1354 2158 1416 2180 vitae
1431 2157 1459 2180 et

133 2205 239 2223 morum
255 2200 449 2229 pervenerunt.

161 2235 254 2259 XLIII.
271 2241 290 2258 i.
309 2235 470 2258 lncuriosus.
484 2235 548 2258 Cum
568 2234 620 2257 hoc
643 2235 671 2258 et
689 2232 865 2263 sequentibus
888 2231 1020 2261 capitibus
1036 2230 1235 2258 conterendus,
1259 2234 1337 2258 quem
1359 2227 1460 2251 imitari

133 2271 245 2296 Tacitus
264 2272 381 2299 putatur,
398 2271 495 2294 Cicero
509 2270 543 2293 de
558 2272 695 2297 oratore,
714 2269 764 2298 Ill,
779 2274 793 2292 2
809 2270 837 2292 et
852 2273 874 2291 5.
889 2281 911 2284 -
925 2272 949 2291 2.
964 2267 1046 2290 Editt.
1066 2266 1232 2295 qt‘fir·mare;
1252 2265 1323 2287 inter
1339 2262 1412 2292 quod
1431 2262 1459 2284 et

132 2307 269 2335 comperti
281 2306 381 2334 aliquid
394 2305 537 2329 exciderit.
547 2318 576 2322 —
586 2311 608 2328 s.
624 2306 719 2328 Aninio
734 2305 865 2334 quantum
878 2302 955 2327 vultu
967 2301 1128 2326 ostenditur.
1139 2313 1166 2317 ——
1178 2305 1201 2323 ⁴.
1215 2301 1275 2324 ,lam
1293 2299 1384 2323 odium
1402 2301 1457 2321 non

132 2346 241 2369 curans,
254 2341 400 2369 deponens.

162 2377 247 2401 XLIV.
264 2382 284 2398 i.
301 2377 346 2399 Dic
362 2382 388 2400 ir.
403 2378 483 2400 Junio
498 2376 561 2400 anni
574 2377 602 2400 U.
617 2381 668 2405 79³,
682 2382 708 2405 p.
721 2376 781 2400 Chr.
796 2380 835 2399 ⁴0.
848 2389 875 2392 —
886 2380 909 2398 si.
924 2374 972 2397 Die
983 2378 1011 2396 25
1026 2373 1145 2402 Augusto
1160 2371 1223 2395 anni
1239 2371 1268 2394 U.
1286 2374 1344 2398 8⁴6,
1357 2374 1382 2398 p.
1395 2367 1455 2391 Chr.

132 2419 171 2440 9³.
184 2414 241 2443 Quo
253 2412 368 2436 eflicitur
381 2418 419 2441 5⁴,
431 2419 485 2437 non
498 2418 526 2436 ise
540 2419 672 2436 annornm
687 2412 811 2441 spatium.
828 2412 926 2434 Vitium
940 2409 1021 2439 igitur
1034 2409 1061 2432 in
1075 2409 1116 2432 his
1133 2407 1232 2432 alicubi
1242 2406 1326 2429 latere
1342 2404 1456 2427 videtur.

133 2454 187 2475 -δ,
200 2449 269 2474 Bien
278 2449 549 2478 proportionne.—⁴.
564 2449 634 2473 NiliiI
646 2449 717 2478 quod
730 2448 832 2471 metum
846 2446 959 2471 atrei-ret
971 2445 1137 2474 adspicienti.
1185 2449 1209 2467 s.
1222 2442 1303 2466 Plcue
1317 2438 1455 2464 assecutus
