1539 2668
502 159 537 188 A.
560 159 599 188 u.
624 158 657 187 c.
681 158 753 187 807.
777 159 813 186 A.
837 158 874 187 c.
896 157 948 187 54.
1330 156 1389 200 ¹83

66 229 184 269 disque
200 228 324 260 viribus
339 227 471 260 mollitia
482 226 551 257 caeli
567 228 599 257 et
614 225 803 256 salubritate
824 233 979 265 aquarum
993 223 1176 255 Sinuessam
1191 223 1302 263 pergit.
1317 226 1388 255 tum

71 277 257 317 Agrippina,
277 275 403 307 sceleris
418 275 493 305 olim
510 275 597 305 certa
615 272 626 290 ²
649 276 681 303 et
707 272 824 303 oblatae
848 272 1028 303 occasionis
1054 280 1199 311 propera,
1219 280 1277 302 nec
1297 271 1395 302 mima-

69 326 210 355 stroruin
224 332 330 363 egeus,
347 322 387 353 de
403 330 516 361 genere
528 320 644 352 veneni
659 320 865 359 consultavit,
888 319 899 337 ³
912 328 953 351 ne
975 321 1152 359 repentino
1165 321 1197 349 el
1224 321 1396 358 praecipiti

68 370 211 409 facinus
238 370 468 411 proderetur,·
492 370 521 399 si
546 369 680 399 lentum
708 370 740 399 et
762 367 920 398 tabidum
947 366 1124 406 deleqissel
1135 390 1143 404 ‚
1170 374 1212 396 ne
1235 366 1396 396 aclinotus

70 420 239 458 supremus
258 416 428 449 Claudius
443 418 477 447 et
493 415 570 447 dolo
587 415 783 453 intellecto,
807 414 853 446 ad
870 422 1022 447 amorem
1036 412 1262 453 filli-rediret.
1286 412 1396 453 exqui-

71 465 169 497 situm
186 465 303 504 aliquid
321 463 486 504 placebat,
502 462 586 503 quod
608 462 753 493 turbaret
770 465 909 493 mentem
923 463 955 493 et
971 463 1107 492 mortem
1124 460 1262 491 differet.
1291 460 1398 499 deligi·

72 514 126 544 tur
143 512 259 543 artifex
274 512 385 542 talium
401 510 559 541 vocabulo
573 512 732 549 LocusIa,
754 518 855 550 nuper
868 508 1013 540 veneficii
1032 508 1183 539 damnata
1195 510 1227 538 et
1239 507 1293 538 diu
1315 508 1398 538 inter

72 559 284 590 instrumenta
299 558 385 597 regni
402 557 521 588 habita.
539 557 607 595 ejus
625 557 767 588 mulieris
790 557 918 597 ingenio
930 558 1078 596 paratum
1095 555 1205 594 virus,
1221 556 1314 594 qu‘us
1336 555 1398 585 mi·

72 607 174 637 nister
195 614 213 637 e
236 605 434 646 spadonibus
455 605 515 636 suit
533 605 683 641 Halotus,
702 605 820 637 inferre
842 605 953 645 epulas
976 605 1008 635 et
1033 603 1200 643 explorare
1224 605 1320 642 gustu
1346 611 1399 633 so·

72 653 148 685 litus
166 653 192 685 ⁴.

114 705 234 733 LXVII.
254 702 406 742 Adeoque
425 705 542 735 cuncta
560 712 636 734 mox
649 703 841 742 pernotuere
853 725 862 740 ‚
877 702 914 731 ut
929 702 1109 739 temporum
1127 698 1253 729 illorum
1268 698 1403 737 scripto-

74 757 124 779 res
138 748 337 788 prodiderint
353 750 511 789 infusum
528 749 721 781 delectabili
737 749 743 766 ¹
763 748 833 779 cibo
848 748 1039 778 bolelorum
1055 754 1243 785 venenum,
1257 753 1317 777 nec
1332 746 1402 776 vim

73 795 312 827 <medicaminis
329 799 446 829 statim
469 798 701 835 intellectam,
730 794 969 833 socordiane2,
993 802 1039 824 an
1064 792 1204 824 Claudii
1224 794 1255 823 w·
1279 800 1325 823 an
1355 793 1402 823 vi-

75 843 229 874 nolentia
241 856 254 883 ,·
270 845 364 876 siniul
384 845 489 876 soluta
507 845 599 875 alvus
613 844 797 875 subvenisse
818 842 998 873 videbatur.
1015 841 1111 880 igitur
1127 840 1281 871 exterrita
1295 839 1403 880 Agrip-

75 892 165 932 pina,
179 895 210 924 et
227 894 355 933 quando
369 896 481 926 ultima
493 895 702 934 timebantur,
717 895 825 934 spreta
838 892 1046 933 praesentium
1061 890 1073 908 ³
1091 890 1224 929 invidia,
1239 890 1402 930 provisam

72 939 139 979 jam
155 939 216 971 sibi
233 943 452 982 Xenophontis
467 940 586 974 medici
608 941 838 974 conscientiam
860 939 1002 971 adhibet.
1023 938 1076 969 ille
1089 962 1098 977 ‚
1121 939 1287 977 tamquam
1313 937 1403 969 nisus

75 988 256 1019 evomentis
270 989 449 1029 adiuvaret,
464 990 595 1030 pinnam
611 989 723 1030 rapido
736 997 858 1020 veneno
871 988 983 1018 illitam
996 985 1142 1017 saucibus
1156 985 1224 1024 ejus
1238 985 1404 1016 demisisse

72 1034 229 1075 creditur,
250 1035 336 1067 baud
359 1037 488 1077 ignarus
511 1046 636 1069 summa
659 1037 780 1069 scelera
803 1035 902 1075 incipi
917 1043 991 1066 cum
1005 1033 1167 1074 periculo,
1194 1032 1300 1073 peragi
1329 1041 1403 1063 cum

75 1088 218 1120 praemio.

119 1135 255 1164 LXVIII.
276 1132 458 1164 Vocabatur
473 1132 601 1163 iuterim
618 1131 769 1170 senatus,
791 1130 932 1169 votaque
946 1137 1014 1169 pro
1037 1127 1279 1159 incolumitate
1299 1128 1404 1158 Prin-

76 1182 163 1220 cipis
175 1179 323 1210 consules
336 1182 366 1211 et
385 1179 568 1210 sacerdotes
582 1178 830 1218 nuncupabant,
855 1185 955 1215 quum
968 1185 1033 1214 jam
1046 1175 1202 1207 exanimis
1215 1174 1360 1205 vestibus
1372 1176 1405 1205 et

78 1226 230 1258 fomentis
242 1226 458 1266 obtegeretur,
473 1227 550 1258 dum
567 1235 639 1266 quae
656 1235 707 1257 res
721 1226 825 1257 forent
839 1223 997 1255 firmando
1012 1222 1146 1254 Neronis
1168 1223 1302 1261 imperio
1315 1230 1404 1252 com-

76 1276 252 1313 ponuntur.
266 1273 330 1312 jam
345 1274 485 1314 primurn
502 1273 671 1314 Agrippina
681 1298 689 1312 ‚
707 1273 795 1304 velut
809 1272 921 1303 dolore
930 1271 1016 1301 victa
1028 1272 1060 1301 et
1074 1268 1184 1300 solatia
1199 1268 1404 1308 conquirens,

77 1319 188 1350 tenere
201 1321 348 1360 amplexu
370 1321 605 1358 Britannicum,
626 1328 746 1351 veram
769 1320 909 1359 paterni
931 1319 1000 1348 oris
1022 1316 1173 1357 ef'flqlem
1193 1316 1356 1355 appellare
1368 1325 1407 1347 ac

78 1366 176 1398 variis
200 1368 322 1398 artibus
340 1367 498 1399 demorari
509 1390 516 1399 ,
542 1376 581 1398 ne
609 1367 758 1398 cubiculo
786 1366 998 1404 egrederetur.
1024 1363 1192 1395 Antoniani
1217 1371 1348 1402 quoque
1374 1364 1406 1395 et

78 1413 247 1445 octaviam
261 1439 269 1454 ,
287 1423 411 1446 sorores
430 1416 513 1453 ejus,
540 1414 692 1453 attinuit,
713 1415 744 1444 et
768 1415 903 1444 cunctos
920 1411 1026 1442 aditus
1051 1410 1207 1441 custodiis
1229 1410 1404 1450 clauserat,

77 1460 255 1501 crebroque
266 1462 416 1501 vulgabat
430 1465 478 1492 ire
495 1464 526 1492 in
542 1461 664 1492 melius
679 1459 914 1492 valetudinem
929 1459 1103 1497 Principis
1116 1482 1124 1497 ,
1142 1466 1207 1497 quo
1221 1457 1309 1488 miles
1322 1457 1407 1489 bona

79 1505 113 1538 in
129 1515 185 1547 spe
200 1510 319 1547 ageret,
334 1511 525 1548 tempusque
539 1516 728 1548 prosperum
739 1516 778 1538 ex
793 1506 926 1538 monitis
937 1505 1162 1537 Chaldaeorum
1179 1504 1184 1521 ¹
1203 1504 1403 1537 adventaret.

122 1557 223 1586 LXIX.
241 1559 332 1587 Tunc
345 1556 451 1586 medio
471 1555 546 1595 diei,
558 1555 690 1586 tertium
705 1557 780 1585 ante
794 1554 866 1584 idus
880 1553 1035 1584 Octobres
1051 1552 1075 1591 ¹,
1094 1551 1214 1582 foribus
1227 1551 1336 1592 palatii
1355 1561 1406 1583 re·

79 1602 176 1641 pente
195 1602 336 1633 diductis
349 1627 357 1641 ‚
381 1603 555 1634 comitante
571 1607 671 1633 Burro
686 1603 770 1633 Nero
788 1601 949 1641 egreditur
964 1599 1004 1630 ad
1024 1599 1189 1630 cohortem
1200 1620 1209 1634 ,
1224 1607 1300 1638 quae
1317 1607 1407 1630 more

80 1648 203 1680 militiae
211 1650 355 1681 excubiis
372 1651 471 1681 adest.
485 1650 548 1689 ibi,
565 1652 714 1681 mouente
727 1649 890 1690 praesecto,
905 1647 994 1678 sestis
1010 1646 1144 1678 vocibus
1155 1649 1309 1686 exceptus
1321 1645 1407 1677 indi-

81 1695 136 1727 tur
149 1695 282 1727 lecticae.
298 1697 498 1728 dubitavisse
511 1697 668 1737 quosdam
689 1697 814 1735 ferunt,
841 1696 1073 1735 respectantes>
1085 1692 1327 1732 rogitantesque
1349 1692 1407 1724 ubi

85 1744 318 1774 Britannicus
340 1747 423 1775 esset
434 1749 451 1776 p
476 1753 551 1775 mox
562 1769 570 1783 ‚
587 1744 675 1775 nullo
691 1744 726 1774 in
741 1743 904 1774 diversum
919 1744 1049 1772 auctore
1060 1766 1067 1779 ‚
1085 1749 1158 1780 quae
1172 1739 1405 1778 offerebantur,

81 1790 186 1819 secuti
201 1793 285 1820 sunt.
304 1791 474 1831 illatusque
490 1792 601 1823 castris
615 1796 698 1822 Nero
714 1794 746 1821 et
760 1789 968 1829 congruentia
982 1789 1116 1828 tempori
1133 1787 1284 1827 praefatus
1296 1810 1304 1825 ‚
1327 1796 1404 1827 pro-

82 1834 182 1866 misso
196 1836 348 1868 donativo
362 1838 400 1868 ad
416 1839 595 1878 exemplum
621 1840 762 1878 paternae
788 1836 964 1876 largitionis
977 1835 1004 1875 ²,
1018 1837 1208 1875 imperator
1224 1834 1407 1865 consaluta-

82 1882 148 1913 tur.
164 1884 355 1915 sententiam
374 1885 511 1916 militum
528 1888 638 1916 secuta
659 1886 790 1915 Patrum
806 1883 965 1913 consulta.
981 1890 1040 1912 nec
1056 1881 1241 1912 dubitatum
1255 1882 1304 1911 est
1320 1881 1405 1920 apud

83 1929 277 1968 provincias.
290 1932 507 1972 coelestesqzce
527 1932 671 1963 honores
689 1930 836 1962 Claudio
849 1929 1079 1967 decernuntur,
1095 1930 1127 1958 et
1141 1927 1263 1958 funeris
1278 1927 1408 1959 solenne

83 1976 216 2016 perinde
231 1986 268 2008 ac
286 1978 362 2009 divo
379 1982 522 2018 Augusto
539 1978 730 2016 celebratur,
748 1976 922 2008 aemulante
941 1975 1114 2015 Agrippina
1138 1974 1281 2014 proaviae
1308 1974 1408 2005 Liviae

83 2023 365 2063 magnificentiam.
384 2028 613 2057 testamentum
637 2028 743 2056 tamen
758 2023 842 2054 baud
865 2023 1034 2054 recitatum
1047 2046 1057 2062 ,
1073 2030 1114 2053 ne
1127 2021 1329 2062 antepositus
1342 2020 1408 2051 filio

81 2070 251 2108 privignus
268 2072 384 2113 injuria
397 2076 428 2104 et
440 2072 561 2104 invidia
575 2072 700 2104 animos
714 2072 800 2111 vulgi
817 2070 971 2102 turbaret.

83 2151 257 2176 referuntur:
268 2156 337 2173 unus
346 2150 506 2175 Burnounus
523 2153 616 2171 verum
629 2146 698 2170 vidIt
709 2146 736 2169 et
753 2143 942 2173 manuscriptis
956 2141 1170 2171 suffragantibus
1190 2140 1294 2166 Claudii
1305 2145 1407 2164 nomen

84 2186 197 2211 delevit.
208 2200 237 2204 —
250 2192 271 2211 2.
292 2186 337 2211 ciii
357 2186 412 2215 jam
433 2185 495 2208 olim
511 2185 615 2207 certum
626 2180 826 2210 (constitutum)
840 2180 900 2204 erat
914 2178 1004 2203 scelus
1017 2177 1196 2201 committere.
1212 2189 1242 2194 —
1253 2182 1275 2200 ³.
1292 2177 1333 2200 Sc.
1348 2181 1407 2199 me-

86 2222 174 2247 tuens.
185 2236 213 2240 —
225 2229 248 2247 4.
263 2222 438 2252 Fungebatur
451 2225 563 2244 munere
573 2218 798 2248 proequstatorts.

116 2258 217 2283 LXVII.
232 2265 251 2282 i.
268 2259 326 2288 Quo
339 2256 467 2280 Claudius
489 2255 686 2279 delectabatur.
704 2265 733 2270 -
747 2257 770 2276 2.
790 2253 835 2276 Sc.
850 2251 1037 2276 convivarum.
1051 2261 1080 2266 —
1093 2254 1117 2273 ³.
1129 2248 1231 2274 Neutro
1245 2252 1345 2278 genere
1357 2265 1363 2276 ‚
1375 2248 1406 2271 ut

83 2294 184 2324 qratia
195 2294 380 2324 proesentium
395 2291 436 2317 Vl,
451 2295 489 2314 ⁴6.

116 2331 228 2355 LXVIII.
240 2336 261 2355 ι.
273 2328 349 2354 Conf.
361 2327 404 2356 Vl,
415 2332 452 2350 22.

117 2367 204 2393 LXIX.
218 2372 238 2392 ι.
256 2366 304 2390 Dic
319 2369 344 2388 Η
359 2362 472 2388 octobri.
488 2373 516 2379 —
528 2366 549 2385 2.
564 2361 602 2385 De
615 2366 667 2390 qua
683 2358 827 2383 Sueton'ms
842 2357 943 2383 Claud.
957 2362 980 2381 c.
1000 2362 1034 2382 ιο.

474 2451 1010 2471 -ι--ὢῠῢμ
