1539 2668
479 147 517 178 A.
540 147 579 178 u.
603 147 638 177 c.
663 147 736 178 769.
759 148 797 178 A.
821 149 856 178 c.
882 149 931 178 ie.
1352 156 1388 188 41

72 225 268 267 remotisque
283 224 428 266 paullum
443 222 640 263 legionibus,
654 222 835 256 funditores
846 223 1081 265 libratoresque
1093 224 1104 244 ⁸
1123 228 1275 261 excutere
1289 230 1351 263 tela
1365 234 1399 266 et

71 273 262 315 proturbare
277 273 400 304 hostem
416 269 519 310 jubet.
538 269 644 301 missae
658 279 674 300 e
690 270 862 303 tormentis
887 271 1007 312 hastae,
1027 274 1213 314 quantoque
1235 279 1400 318 conspicui

70 321 174 362 magis
198 320 472 362 propugnatores,
496 318 587 349 tanto
612 317 758 357 pluribus
775 318 963 350 vulneribus
988 318 1116 359 dejecti.
1142 322 1269 354 Primus
1292 328 1401 359 Caesar

71 376 145 400 cum
161 366 320 408 praetoriis
335 364 523 396 cohortibus
536 389 545 404 ,
562 365 656 404 capto
678 364 762 396 vallo
773 389 782 405 ,
799 365 889 397 dedit
904 366 1061 406 impetum
1086 366 1119 398 iu
1143 367 1241 400 silvas
1257 379 1264 401 :
1280 372 1401 405 collato

72 415 136 447 illic
155 413 253 455 gradu
271 414 441 444 certatum.
459 411 587 443 hostem
602 420 621 442 a
634 412 723 451 tergo
741 412 851 453 palus,
876 417 1037 445 Romanos
1053 413 1173 446 flumen
1193 419 1250 447 aut
1275 421 1402 452 montes

72 460 262 494 claudebant
277 459 442 499 :utrisque
456 458 630 490 necessitas
642 460 673 490 in
686 458 771 499 loco,
786 468 859 499 spes
877 459 910 491 in
925 460 1056 500 virtute,
1074 462 1160 494 salus
1171 471 1210 494 ex
1224 464 1371 498 victoria.

112 511 190 540 XXI.
216 511 280 539 Nec
300 507 406 537 minor
424 506 589 538 Germanis
604 507 747 546 animus3
771 507 825 538 sed
842 516 957 548 genere
972 517 1087 549 pugnae
1104 511 1136 541 et
1159 519 1323 543 armorum
1346 521 1401 545 su·

73 555 278 596 petebantur,
299 563 401 594 quum
428 554 539 593 ingens
565 553 742 585 multitudo
764 554 862 586 arctis
891 554 971 586 locis
998 556 1175 596 praelongas
1201 558 1310 590 hastas
1335 569 1400 592 non

72 601 276 644 protenderet
291 600 298 618 ¹
306 624 315 640 ,
338 610 402 632 non
424 601 586 641 colligeret
601 600 628 641 ²,
647 610 750 641 neque
774 601 950 633 assultibus
972 604 1004 634 et
1027 603 1199 636 velocitate
1227 614 1400 646 corporum

70 651 226 689 uteretur,
240 650 351 680 coacta
367 648 479 679 stabile
496 648 534 679 ad
553 647 702 688 pro¹lium
715 659 724 687 ;
749 651 863 679 contra
880 649 984 688 miles,
1001 649 1052 680 cui
1067 652 1193 682 scutum
1212 655 1332 693 pectori
1348 664 1400 695 ap.

70 705 217 738 pressum
237 698 269 728 et
291 695 434 727 insidens
456 695 571 736 capulo
597 705 728 735 manus,
759 696 841 727 latos
862 696 1072 728 barbarorum
1096 700 1205 734 artus,
1231 700 1319 731 nuda
1344 711 1401 735 ora

71 743 191 776 foderet
214 743 365 783 viamque
387 745 491 783 strage
514 743 656 774 hostium
681 744 839 783 aperiret,
866 743 1061 783 imprompto
1078 744 1167 783 ³jam
1190 747 1333 779 Arminio
1358 748 1402 781 ob

70 792 224 824 continua
238 790 398 831 pericula,
416 791 484 821 sive
500 790 590 821 illum
607 799 717 822 recens
733 792 901 831 acceptum
923 791 1040 822 vulnus
1058 792 1249 824 tardaverat.
1277 795 1353 835 quin
1367 796 1401 828 in

70 839 310 880 Inguiomerum
328 839 397 868 tota
414 837 602 868 volitantem
626 837 693 869 acie
712 838 839 868 fortuna
862 837 962 877 magis
983 847 1079 877 quam
1096 839 1199 870 virtus
1222 841 1400 875 deserebat.

70 887 101 918 et
118 886 340 923 Germanicus,
360 894 423 924 quo
439 885 538 924 magis
564 887 805 925 agnosceretur,
823 884 1006 915 detraxerat
1028 886 1166 925 tegimen
1185 888 1303 928 cupiti,
1328 899 1401 922 ora-

70 933 205 974 batque,
232 934 429 963 insislerenc
456 931 604 963 aedibus
619 943 628 963 .·
644 932 695 964 nil
711 940 796 972 opus
810 933 974 972 captivis,
994 932 1104 963 solam
1134 935 1401 969 internecionem

69 982 178 1020 yemis
196 979 305 1020 finem
328 979 415 1010 bello
431 979 524 1018 sore.
548 980 679 1019 Jamque
699 988 770 1010 sero
787 978 849 1010 diei
870 978 1021 1010 subducit
1038 987 1075 1010 cx
1094 980 1161 1010 acie
1176 980 1332 1019 legionem
1352 984 1401 1016 sa-

70 1027 191 1059 ciendis
206 1026 320 1058 castris
337 1036 343 1056 :
364 1027 478 1057 ceteri-c
503 1026 541 1057 ad
560 1028 689 1057 noctem
705 1035 819 1058 cruore
837 1026 983 1057 hostium
1007 1027 1131 1059 satiatae
1158 1031 1234 1059 suut
1252 1039 1258 1059 ε
1277 1030 1403 1070 equites

71 1074 220 1114 ambigue
237 1074 245 1092 ⁴
268 1076 444 1105 certavere.
681 1068 686 1072 ’

111 1125 206 1153 XXII.
239 1120 389 1152 Laudatis
416 1130 472 1161 pro
499 1122 652 1153 concione
682 1121 884 1162 victoribus,
904 1125 1011 1153 Caesar
1037 1123 1220 1162 congeriem
1237 1132 1401 1158 armorum

72 1167 189 1200 struxit
212 1167 351 1207 superbo
374 1176 447 1199 cum
463 1168 557 1199 titulo
576 1178 582 1198 :
600 1177 790 1199 Di-:BELLATIS
814 1178 909 1199 imm
934 1178 1064 1199 nummu
1081 1178 1239 1208 Anniuoc'n
1252 1181 1400 1203 ΝΛΤιοΝι-

73 1224 128 1246 ons
150 1223 328 1245 cxi-:neritii
351 1223 468 1245 neuun
495 1223 630 1245 cesarius
654 1224 693 1245 nr.
717 1224 910 1245 mensumn
930 1225 1027 1246 mnu
1047 1225 1086 1247 rr
1109 1226 1176 1248 iovi
1200 1227 1238 1248 rr
1261 1227 1402 1252 Accos‘ro

71 1270 270 1294 smmvrssn.
293 1261 332 1292 de
346 1270 380 1291 se
397 1261 476 1292 nihil
500 1261 610 1299 addit,
629 1264 717 1292 metu
736 1261 884 1301 invidiae,
903 1271 942 1293 au
959 1264 1064 1302 ratus,
1081 1264 1311 1297 conscientiam
1325 1267 1402 1300 sacti

72 1309 149 1341 satis
163 1317 232 1339 esse
247 1308 270 1336 ¹.
291 1312 362 1337 Mox
380 1307 501 1338 belluni
518 1308 548 1338 in
566 1309 768 1347 Angrivarios
786 1309 937 1340 Stertinio
955 1309 1087 1340 mandat
1100 1309 1126 1349 ²,
1145 1311 1177 1341 ni
1202 1311 1400 1345 deditionem

71 1355 337 1398 proper-avissent.
352 1356 446 1394 atquc
459 1355 500 1384 illi
511 1355 670 1394 supplices
679 1355 755 1385 nihil
764 1354 933 1385 abnuendo
944 1355 1069 1386 veniam
1081 1357 1224 1388 omnium
1238 1366 1400 1399 accepere.

111 1405 220 1434 XXIII.
240 1400 298 1432 Sed
316 1403 427 1432 aestate
442 1401 507 1441 jam
526 1400 636 1432 adulta
654 1402 659 1418 ¹
685 1401 847 1441 legionum
872 1401 943 1431 aliae
961 1401 1071 1433 itinere
1089 1404 1232 1434 terrestri
1247 1404 1279 1434 in
1298 1405 1401 1437 luber-

71 1449 186 1481 nacula
215 1448 358 1480 remissce
371 1459 381 1488 ς
411 1448 517 1488 plures
543 1452 648 1479 Caesar
682 1447 775 1479 classi
802 1448 971 1487 impositus
1001 1458 1058 1488 per
1092 1450 1211 1481 flumen
1246 1452 1401 1484 Amisiam

74 1500 203 1528 Oceano
225 1496 360 1527 invexit.
386 1504 423 1526 ac
439 1495 542 1535 primo
567 1495 729 1535 placidum
751 1504 863 1535 aequor
889 1495 976 1526 mille
991 1496 1123 1527 naviuin
1149 1497 1244 1528 remis
1260 1500 1402 1540 strepere

70 1544 125 1574 aut
142 1542 220 1574 velis
239 1542 358 1583 impelli
373 1553 380 1581 ;
397 1551 469 1573 mox
485 1545 555 1573 atro
570 1542 706 1573 nubium
724 1541 818 1581 globo
832 1542 938 1573 est'usa
952 1543 1092 1582 grando;
1110 1543 1205 1574 simul
1225 1546 1318 1576 variis
1339 1555 1402 1578 un-

69 1589 165 1630 dique
189 1590 337 1630 procellis
364 1589 476 1621 incerti
502 1589 617 1620 [luctus
639 1592 846 1629 prospectum
870 1589 1029 1628 adimere,
1050 1590 1191 1630 regimen
1219 1591 1374 1632 impedire
1392 1617 1400 1625 .

70 1637 226 1677 milesque
243 1636 378 1677 pavidus
395 1640 427 1668 et
444 1645 577 1667 casuum
597 1636 693 1667 uraris
709 1636 859 1676 ignarus,
878 1636 958 1668 dum
972 1636 1081 1668 turbat
1095 1643 1210 1669 nautas
1226 1640 1274 1670 vel
1290 1640 1402 1672 intem-

70 1683 322 1724 pestivejuvat,
346 1683 450 1714 osticia
474 1683 680 1723 prudentium
706 1683 946 1724 corrumpebat.
971 1692 1068 1715 omne
1091 1685 1209 1716 dehinc
1233 1687 1348 1718 caelum
1370 1691 1403 1721 et

71 1739 158 1763 mare
178 1739 272 1761 omne
291 1729 324 1760 in
344 1732 491 1761 austrum
506 1730 637 1769 cessit²‚
655 1729 710 1770 qui
730 1730 865 1762 tumidis
880 1730 891 1748 ³
908 1731 1083 1763 Germani-se.
1103 1732 1217 1772 terris,
1234 1734 1402 1773 profundis

71 1778 239 1817 amnibus,
257 1778 413 1809 immenso
430 1777 566 1808 nubium
589 1779 691 1808 tractu
716 1777 843 1808 validus
870 1779 903 1809 et
930 1778 1033 1818 rigore
1050 1778 1148 1810 vicini
1163 1781 1404 1820 septemtrionis

71 1823 230 1855 horridior
256 1825 364 1865 rapuit
393 1824 583 1864 disjecitque
606 1832 705 1855 naves
733 1824 764 1855 in
789 1827 901 1865 aperta
936 1825 1056 1856 Oceani
1080 1828 1137 1856 aut
1164 1826 1285 1858 insulas
1316 1828 1404 1859 saxis

72 1869 215 1911 abruptis
230 1871 280 1902 vel
310 1880 365 1911 pei·
390 1871 517 1902 occulta
534 1870 615 1901 vada
641 1870 784 1902 infestas.
813 1872 931 1911 quibus
945 1872 1087 1913 paullum
1109 1881 1258 1912 aegreque
1272 1874 1380 1905 vitatis
1392 1899 1402 1913 ,

71 1919 242 1958 postquam
266 1917 413 1949 mutabat
426 1917 435 1935 ⁴
457 1920 556 1948 aestus
569 1941 577 1955 ,
594 1917 771 1958 eodemque
782 1942 791 1957 ‚
806 1927 871 1958 quo
889 1920 1019 1958 ventus,
1039 1918 1160 1950 serebat
1171 1919 1196 1958 ⁵,
1213 1929 1275 1950 non
1291 1920 1402 1952 adhae-

73 1973 140 1997 rere
160 1965 285 1996 ancoris
297 1989 305 2004 ‚
324 1973 388 1995 non
403 1964 571 1996 exhaurire
588 1964 804 2004 irrumpentes
818 1965 922 1996 undas
938 1967 1088 2006 poterant
1103 1975 1110 1996 :
1129 1966 1214 2006 equi,
1231 1968 1379 2007 Jumeuta
1391 1992 1402 2008 ‚

72 2011 221 2050 sarcinae,
239 2012 336 2043 etiam
358 2020 445 2042 arma
463 2012 718 2051 praecipitantur,
745 2020 810 2051 quo
827 2011 1011 2044 levarentur
1027 2011 1109 2043 alvei
1125 2015 1294 2045 manantes
1309 2014 1320 2033 ⁶
1345 2023 1402 2055 per

72 2058 171 2090 latera
187 2060 220 2091 et
236 2058 335 2090 ssuctu
352 2060 592 2099 superurgente.

72 2129 187 2147 versum.
199 2136 227 2140 -
238 2129 260 2147 5.
281 2124 330 2153 Qui
342 2122 484 2147 tormentis
497 2122 586 2146 hastas
601 2125 647 2147 aut
660 2121 761 2151 lapides
775 2121 899 2152 libr-anf,
914 2123 972 2147 arte
987 2122 1100 2147 llbratos
1114 2124 1250 2148 emittunt.

101 2158 172 2183 xxt.
190 2163 208 2181 ι.
224 2160 366 2183 Protenias
382 2163 478 2187 gerere
491 2158 591 2187 posset.
604 2170 632 2174 —-
645 2163 670 2181 ει.
688 2158 851 2182 Reduceret.
865 2170 894 2175 —
908 2163 931 2182 s.
952 2158 1039 2182 Minus
1052 2159 1180 2182 audente.
1193 2172 1221 2175 —
1232 2165 1253 2183 ⁴.
1267 2160 1403 2191 Ambigua

74 2194 178 2222 animo,
196 2193 240 2217 vel
253 2193 378 2222 ambigua
395 2192 466 2216 fide:
481 2198 542 2216 nam
557 2193 677 2222 plerique
692 2194 812 2223 equitum
828 2194 906 2218 erant
918 2199 950 2217 ex
964 2193 1047 2217 Gallis
1060 2195 1087 2217 et
1101 2194 1250 2218 Germani&

101 2228 186 2267 xx.¹¹·
204 2233 224 2252 ι.
240 2228 339 2267 Plinius
353 2234 359 2251 :
374 2228 495 2252 Honeste
505 2228 598 2258 sactis
610 2229 718 2253 veritas
731 2228 849 2258 sufficit.
863 2242 891 2245 —
904 2234 927 2252 2.
942 2229 1040 2259 supple
1053 2234 1059 2252 z
1074 2231 1101 2253 et
1114 2229 1223 2254 fecisset
1236 2229 1286 2254 hoc
1300 2230 1402 2255 bellum

73 2262 234 2322 Stgtrittlffiqsi'.
245 2264 422 2323 ⁷Itsefls'eztucruio
437 2304 529 2322 mense
539 2299 648 2327 aestatis,
663 2300 693 2322 ut
705 2299 826 2323 Graecum
838 2297 893 2325 τοῦ
908 2295 1010 2337 θέρους
1025 2294 1222 2335 ἀκμάζοντος.
1248 2313 1262 2317 -
1275 2306 1297 2325 ⁹.
1310 2301 1398 2331 Quum

76 2334 139 2357 ante
151 2334 232 2357 variae
244 2334 369 2363 procellae
381 2335 478 2358 fluctus
494 2334 617 2358 incerto:
631 2334 683 2359 huc
701 2334 764 2359 iliuc
777 2334 960 2365 lmpulissent,
975 2340 1048 2359 nune
1063 2336 1090 2358 et
1105 2341 1152 2358 aer
1165 2336 1192 2359 et
1211 2341 1284 2359 mare
1299 2337 1328 2360 in
1346 2342 1402 2360 au-

75 2370 168 2393 strum
190 2369 305 2393 vertItur
324 2370 352 2393 et
374 2375 406 2393 eo
420 2370 500 2393 vento
517 2369 575 2393 solo
589 2370 745 2399 impellitur.
762 2381 793 2387 —
811 2375 833 2394 3.
850 2370 989 2395 Montosis.
1011 2370 1042 2394 ln
1061 2370 1166 2400 Agric.,
1181 2375 1204 2394 c.
1221 2375 1264 2394 ιο.
1278 2371 1396 2399 montes,

75 2408 165 2427 eausa
180 2404 206 2427 et
216 2404 341 2428 materia
353 2404 560 2433 tempestatum.
576 2417 600 2421 -
615 2408 636 2428 ⁴.
652 2405 834 2430 Intransitive.
847 2417 877 2423 -—-
889 2410 910 2430 u.
924 2405 1075 2430 Tendebat.
1099 2417 1122 2422 —
1132 2409 1153 2427 e.
1165 2403 1302 2434 Fluentes,
1314 2404 1400 2429 abun-

77 2437 171 2462 dantes
184 2444 254 2468 aqua
269 2438 342 2462 intus
355 2440 476 2469 recepta.
