1539 2668
489 163 516 192 A
549 163 589 192 U.
613 162 649 192 C.
675 161 746 191 786.
771 161 808 191 Α.
832 162 867 191 C.
890 162 944 192 33.
1325 164 1386 195 135

52 243 124 267 rum
141 233 290 276 plurimis
302 233 489 266 mortalium
503 242 567 265 non
581 232 736 265 eximitur
754 233 766 251 ⁵
785 233 865 274 quin
877 234 994 274 primo
1008 233 1175 274 cujusque
1199 236 1282 267 ortu
1307 243 1386 269 ven·

52 283 136 314 tura
156 281 394 320 destinentur;
408 281 468 313 sed
481 281 644 323 quiedam
656 289 753 312 secus
768 289 872 321 quam
881 281 978 313 dicta
992 283 1062 312 sint
1076 281 1386 321 cadere,‚fallacus

50 330 177 370 iqnara
189 329 377 361 dicentium
389 328 400 347 ⁶
412 340 423 360 .·
434 331 486 360 ita
498 329 675 368 corrumpi
682 327 792 368 fidem
806 330 896 360 artis
908 327 936 368 ⁷,
947 329 1045 368 cujus
1059 329 1161 359 clara
1177 329 1386 360 documenta

50 377 86 408 et
99 378 247 417 antiqua
260 378 347 408 aetas
360 378 394 407 et
407 378 527 408 nostra
540 376 674 406 tulerit.
689 375 807 416 quippe
824 384 842 406 a
855 375 922 406 tilio
937 375 1079 415 eJusdem
1094 375 1255 416 Thrasylli
1270 377 1386 416 praedi—

49 425 141 456 ctum
157 423 293 456 Neronis
312 423 484 464 imperium
501 423 534 453 in
554 424 701 463 tempore
717 422 955 454 memorabitur
967 424 995 464 ⁹,
1017 431 1059 454 ne
1072 432 1159 454 nunc
1173 423 1303 464 incepto
1319 424 1387 455 lon-

50 472 122 511 gius
146 470 290 502 abierim.

92 520 202 549 XXIII.
228 517 345 549 lisdem
363 516 552 548 consulibus
573 516 674 548 Asinii
700 516 780 549 Galli
798 516 806 534 ¹
835 525 922 549 mors
942 516 1106 557 vulgatur,
1126 526 1224 558 quem
1246 520 1388 557 egestate

49 564 114 596 cibi
130 566 333 605 peremptum
351 564 437 595 haud
456 564 593 595 dubium
608 574 616 595 ε
639 566 756 604 sponte
772 564 824 595 vel
840 564 1034 596 necessitate
1047 589 1055 604 ‚
1075 565 1236 597 incertum
1250 565 1389 597 habeba·

49 612 114 643 tur.
140 612 376 652 consultusque
401 615 506 643 Caesar
534 620 579 643 an
603 612 743 652 sepeliri
768 613 916 649 sineret,
943 621 1008 643 non
1035 612 1166 643 erubuit
1186 613 1386 653 permittere,

48 660 199 699 ultroque
214 660 363 690 incusare
377 668 490 695 casus,
515 661 575 699 qui
593 667 690 690 reum
707 658 947 698 abstulissent,
974 661 1165 700 antequam
1181 668 1299 691 coram
1312 668 1388 690 con-

48 708 258 739 vinceretur.
277 707 403 738 scilicet
419 706 527 738 medio
544 706 555 723 ²
574 706 714 737 triennio
740 706 887 738 defuerat
904 709 1032 746 tempus
1050 707 1210 738 subeundi
1224 707 1387 746 judicium

47 753 210 785 consulari
239 754 330 793 seni,
361 755 410 785 tot
439 753 659 785 consularium
690 754 826 794 parenti.
865 758 988 785 Drusus
1015 754 1130 785 deinde
1158 754 1388 794 exstinguitur,

49 809 150 840 quum
175 809 211 832 se
235 801 429 832 miserandis
448 801 612 832 alimentis
625 825 634 840 ,
651 800 836 832 mandendo
862 810 879 832 e
902 800 1000 831 cubili
1018 803 1183 839 tomento,
1208 811 1330 834 nonum
1346 801 1387 832 ad

48 848 134 879 diem
150 847 351 879 detinuisset,
370 848 532 879 tradidere
549 849 682 887 quidam
701 848 930 888 praescriptum
954 848 1053 878 fuisse
1067 849 1208 879 Macroni
1221 873 1229 888 ‚
1254 850 1280 880 si
1297 857 1388 880 arma

47 894 89 925 ab
106 894 218 934 ScJ'ano
239 896 453 933 tentarentur,
470 897 654 927 extractum
673 895 821 926 custodia
843 896 998 935 juvenem
1018 896 1106 934 (nam
1130 895 1161 925 in
1180 897 1299 936 palatio
1316 896 1389 927 atti-

47 941 197 982 nebatur)
217 941 334 973 ducem
362 943 484 983 populo
508 943 685 983 imponere.
713 951 809 982 mox,
837 943 914 983 quia
932 951 1043 973 rumor
1060 943 1229 974 incedebat
1252 943 1329 982 sore
1345 945 1386 975 ul

47 997 143 1022 nuru
161 988 173 1006 ³
199 997 242 1021 ac
271 991 386 1030 nepoti
412 990 663 1022 conciliaretur
692 991 825 1031 Coesar,
844 989 1004 1021 saevitiam
1040 999 1138 1030 quam
1162 991 1386 1030 poenitentiam

47 1036 173 1068 maluit.

90 1087 197 1115 XXIV.
222 1083 307 1120 Quin
333 1084 366 1115 et
390 1083 540 1115 invectus
558 1084 592 1115 in
609 1084 818 1124 defunctum,
833 1083 966 1124 probra
982 1085 1134 1124 corporis
1146 1108 1154 1123 ,
1172 1084 1386 1116 exitiabilem.

47 1133 83 1163 in
102 1138 200 1170 suos,
219 1130 394 1167 infensum
412 1131 616 1171 reipublicoe
639 1133 798 1163 animum.
813 1131 950 1170 objecit,
975 1133 1185 1171 rccilczrique
1203 1131 1387 1171 fizclorum

46 1177 287 1217 dictorumque
295 1177 368 1216 ejus
379 1177 636 1217 descriptam&
647 1178 716 1210 dies
728 1178 834 1218 jussit.
847 1186 913 1218 quo
925 1187 989 1208 non
1003 1178 1089 1209 aliud
1104 1179 1249 1209 atrocius
1260 1178 1385 1209 visum:

47 1224 187 1256 astitisse
203 1225 253 1256 tot
269 1232 325 1264 per
341 1233 443 1255 annos
460 1225 513 1265 qui
531 1226 658 1256 vultum
670 1250 679 1265 ,
701 1226 854 1265 gemitus,
873 1225 1037 1256 occultum
1054 1226 1152 1256 etiam
1170 1235 1320 1256 murmur
1333 1235 1388 1256 ex-

47 1272 191 1312 ciperent
202 1296 210 1310 ‚
227 1274 259 1302 et
271 1272 415 1311 potuisse
429 1281 526 1302 avum
542 1272 673 1311 audire,
688 1273 810 1312 legere,
828 1272 859 1303 in
874 1272 1039 1312 publicum
1058 1282 1217 1313 proruere,
1228 1274 1281 1304 vix
1297 1273 1387 1312 fides,

46 1318 108 1349 nisi
126 1317 212 1358 quod
228 1318 239 1335 ²
259 1319 341 1349 Acili
359 1319 558 1350 centurionis
581 1322 613 1350 et
627 1320 755 1360 Didymi
775 1319 881 1351 liberti
898 1320 1045 1359 epistola}
1068 1329 1236 1351 servorum
1254 1321 1387 1352 nomina

47 1365 278 1405 praeferebant,
305 1368 342 1398 ut
367 1367 438 1406 quis
466 1367 685 1405 egredientem
713 1367 866 1397 cubiculo
895 1372 1036 1398 Drusum
1063 1368 1266 1407 pulsaverat,
1285 1370 1388 1400 exter-

46 1414 165 1444 ruerat.
199 1413 299 1444 etiam
326 1422 384 1444 sua
408 1414 507 1444 verba
537 1414 685 1445 centurio
719 1414 855 1445 saevitiae
883 1415 995 1454 plena,
1022 1416 1189 1454 tamquam
1210 1415 1384 1456 egregium,

46 1465 206 1500 vocesque
222 1460 400 1492 deficientis
415 1461 598 1501 adjecerat,
617 1463 690 1501 quis
705 1461 811 1501 primo
830 1461 1054 1493 alienationem
1074 1462 1190 1492 mentis
1214 1463 1388 1502 simulans,

45 1507 141 1547 quasi
161 1516 217 1547 per
231 1507 427 1539 dementiam
446 1509 576 1540 funesta
594 1508 741 1547 Tiberio,
770 1518 845 1539 mox
860 1533 869 1549 ,
887 1509 942 1540 ubi
960 1518 1073 1549 exspes
1091 1509 1167 1540 vitae
1187 1509 1248 1540 fuit
1260 1534 1268 1549 ,
1288 1510 1388 1542 medi-

46 1556 129 1586 tatas
162 1555 426 1596 compositasque
454 1555 541 1587 diras
568 1556 828 1596 imprecabatur,
863 1558 903 1588 uc
932 1556 1224 1598 quemadmodum
1254 1566 1386 1589 nurum

39 1601 226 1643 filiumque
235 1602 369 1642 fratris
383 1605 417 1634 et
435 1606 570 1643 nepotes
582 1602 593 1620 ³
605 1603 814 1644 domumque
826 1612 959 1635 omnem
973 1604 1124 1635 coedibus
1138 1604 1387 1645 complevisset,

45 1650 99 1682 ita
110 1658 236 1690 peenas
254 1652 386 1682 nomini
403 1653 586 1691 ycncrz'que
600 1651 778 1690 majorum
793 1652 826 1682 ec
835 1653 986 1691 posceris
1008 1652 1210 1683 exsolveret.
1229 1650 1384 1683 obturba-

45 1694 124 1726 bant
137 1697 268 1737 quidem
286 1699 396 1729 Patres
413 1698 518 1738 specie
532 1698 715 1729 detestandi
732 1707 740 1728 z
757 1698 812 1729 sed
827 1698 1016 1738 penetrabat
1034 1708 1134 1739 pavor
1152 1699 1184 1729 et
1200 1698 1384 1740 admiratio,

43 1743 199 1775 callidum
217 1744 296 1776 olim
312 1747 345 1775 ct
363 1746 508 1785 tegendis
535 1745 710 1776 sceleribus
734 1745 912 1777 obscurum
941 1746 1006 1777 huc
1022 1745 1226 1777 confidentiae
1243 1746 1384 1786 venisse,

46 1791 83 1821 ut
100 1792 255 1832 tanquam
272 1792 403 1823 dimotis
421 1793 598 1832 parietibus
614 1793 801 1825 ostenderet
826 1794 978 1834 nepotem
996 1793 1058 1824 sub
1074 1793 1207 1824 verbere
1223 1794 1386 1826 centurio-

46 1837 116 1877 nis,
135 1838 219 1869 inter
235 1847 404 1870 servorum
421 1841 524 1880 ictus,
540 1842 688 1872 extrema
704 1840 783 1872 vitae
800 1840 954 1871 alimenta
969 1840 1089 1872 frustra
1105 1842 1262 1872 orantem.

86 1888 178 1916 XXV.
205 1886 355 1917 Nondum
375 1887 402 1918 is
418 1887 509 1918 dolor
523 1887 726 1927 exoleverat,
741 1896 844 1927 quum
857 1887 897 1919 de
910 1887 1085 1928 Agrippina
1098 1887 1257 1926 auditum,
1271 1896 1382 1928 quam,

45 1930 216 1964 interfecto
232 1935 345 1974 sejano
357 1958 365 1973 ‚
382 1943 440 1974 spe
462 1936 675 1966 sustentatam
692 1934 873 1974 provixisse
900 1943 986 1973 reor,
1003 1936 1036 1966 et
1058 1937 1231 1975 postquam
1248 1935 1328 1966 nihil
1343 1936 1384 1968 de

45 1978 171 2011 saevitia
192 1981 431 2021 remittebatur,
449 1981 619 2013 voluntate
636 1981 831 2013 exstinctam
843 2004 853 2020 ,
871 1980 933 2012 nisi
946 1982 972 2013 si
988 1982 1111 2021 negatis
1127 1982 1291 2013 alimentis
1309 1983 1383 2014 assi-

47 2027 186 2058 mulatus
203 2029 252 2059 est
268 2028 342 2060 finis
358 2029 414 2068 qui
432 2029 596 2060 videretur
612 2031 726 2069 sponte
742 2029 903 2069 sumptus.
924 2029 1090 2060 enimvero
1113 2029 1260 2060 Tiberius
1277 2029 1384 2061 foedis-

45 2074 137 2106 simis
151 2075 428 2108 criminationibus
442 2077 582 2117 exarsit,
597 2076 854 2117 impudicitiam
870 2085 1006 2116 arguens
1021 2078 1054 2108 et
1068 2078 1223 2108 Asinium
1239 2077 1383 2109 Gallum

45 2119 261 2162 adulterum,
279 2123 420 2165 ejusque
434 2126 545 2156 morte
561 2124 608 2156 ad
623 2124 768 2156 taedium
784 2125 866 2156 vitae
877 2124 1101 2164 compulsam.
1130 2124 1188 2155 sed
1209 2123 1383 2165 Agrippina

46 2255 89 2274 ea·
100 2263 128 2268 -
141 2256 163 2276 u·
176 2253 218 2276 Sc.
233 2258 265 2277 ex
282 2253 372 2278 animo
386 2261 392 2277 :
406 2254 522 2278 firmiter
535 2254 586 2279 sihi
604 2254 658 2278 hoc
677 2255 872 2284 persuaserunt
889 2255 921 2278 ut
976 2258 1041 2278 -ε,
1064 2253 1220 2277 nicentium
1238 2259 1299 2282 quae
1315 2254 1381 2283 ipsis

45 2286 139 2315 ignota
151 2291 259 2312 sunt.—
271 2294 294 2312 7.
307 2290 504 2314 Chaldaeorum.
514 2303 541 2307 —
556 2296 578 2313 a.
592 2290 621 2314 ln
634 2290 709 2314 libris
723 2296 795 2314 nunc
808 2289 932 2319 perditis.

76 2320 174 2346 xxlll.
203 2328 223 2347 ι.
237 2324 286 2353 Qui
299 2326 356 2348 tum
370 2326 397 2348 in
411 2326 536 2350 custodia
550 2326 622 2356 apud
638 2326 813 2355 magistratus
827 2325 895 2349 dure
907 2324 1068 2349 habebatur.
1084 2338 1113 2342 —
1126 2329 1148 2349 2.
1172 2325 1248 2349 Inter
1269 2325 1379 2356 tempus

45 2357 229 2382 accusationis
246 2359 281 2388 (a.
296 2360 324 2384 U.
338 2360 393 2389 785)
407 2362 435 2385 ct
447 2362 573 2385 mortem.
585 2374 615 2379 —-
626 2367 648 2385 s.
664 2362 714 2385 Pro
728 2361 830 2385 nurui.

76 2392 170 2416 xxw.
188 2399 209 2418 ι.
221 2394 406 2425 substantive,
421 2397 498 2426 quasi
507 2397 693 2426 scriptionem
706 2397 856 2426 diurnam,
868 2401 927 2426 quae
941 2395 1045 2420 dierum
1061 2396 1184 2420 ordinem
1201 2395 1378 2425 sequebatur.

58 2439 76 2444 -
89 2431 110 2451 2-
122 2428 189 2458 sed,
207 2430 237 2453 ut
249 2426 327 2462 πλήν
342 2431 448 2455 Graecis.
463 2444 491 2448 —-
505 2436 527 2455 3.
540 2431 583 2456 Sc.
597 2430 794 2461 intel-iecisset,
811 2431 884 2461 quod
900 2436 934 2456 ex
950 2430 1128 2461 sequentibus
1143 2429 1317 2459 intelligitur.
