<?xml version="1.0" encoding="UTF-8"?>
<!DOCTYPE html PUBLIC "-//W3C//DTD XHTML 1.0 Transitional//EN"
    "http://www.w3.org/TR/xhtml1/DTD/xhtml1-transitional.dtd">
<html xmlns="http://www.w3.org/1999/xhtml" xml:lang="en" lang="en">
 <head>
  <title>
</title>
<meta http-equiv="Content-Type" content="text/html;charset=utf-8" />
  <meta name='ocr-system' content='tesseract 3.04.00' />
  <meta name='ocr-capabilities' content='ocr_page ocr_carea ocr_par ocr_line ocrx_word'/>
</head>
<body>
  <div class='ocr_page' id='page_1' title='image "./operaquaesupersu00taciuoft_0243.png"; bbox 0 0 1539 2668; ppageno 0'>
   <div class='ocr_carea' id='block_1_1' title="bbox 487 178 1367 212">
    <p class='ocr_par' dir='ltr' id='par_1_1' title="bbox 487 178 1367 212">
     <span class='ocr_line' id='line_1_1' title="bbox 487 178 1367 212; baseline 0.006 -5"><span class='ocrx_word' id='word_1_1' title='bbox 487 178 524 207; x_wconf 79' lang='lat' dir='ltr'>A.</span> <span class='ocrx_word' id='word_1_2' title='bbox 544 180 584 208; x_wconf 86' lang='lat' dir='ltr'>U.</span> <span class='ocrx_word' id='word_1_3' title='bbox 607 179 641 207; x_wconf 91' lang='lat' dir='ltr'>C.</span> <span class='ocrx_word' id='word_1_4' title='bbox 666 180 738 208; x_wconf 79' lang='lat'><strong>812.</strong></span> <span class='ocrx_word' id='word_1_5' title='bbox 762 181 798 208; x_wconf 79' lang='lat' dir='ltr'>A.</span> <span class='ocrx_word' id='word_1_6' title='bbox 823 182 858 210; x_wconf 79' lang='lat' dir='ltr'>C.</span> <span class='ocrx_word' id='word_1_7' title='bbox 883 182 933 211; x_wconf 81' lang='lat'>59.</span> <span class='ocrx_word' id='word_1_8' title='bbox 1311 183 1367 212; x_wconf 76' lang='lat'>211</span> 
     </span>
    </p>
   </div>
   <div class='ocr_carea' id='block_1_2' title="bbox 44 250 1404 2140">
    <p class='ocr_par' dir='ltr' id='par_1_2' title="bbox 45 250 1376 488">
     <span class='ocr_line' id='line_1_2' title="bbox 45 250 1372 297; baseline 0.005 -15"><span class='ocrx_word' id='word_1_9' title='bbox 45 260 124 293; x_wconf 51' lang='lat' dir='ltr'>¹quae</span> <span class='ocrx_word' id='word_1_10' title='bbox 138 250 302 291; x_wconf 87' lang='lat' dir='ltr'>subjectos</span> <span class='ocrx_word' id='word_1_11' title='bbox 314 251 404 283; x_wconf 79' lang='lat' dir='ltr'>sinus</span> <span class='ocrx_word' id='word_1_12' title='bbox 415 251 593 284; x_wconf 70' lang='lat' dir='ltr'>editissima</span> <span class='ocrx_word' id='word_1_13' title='bbox 611 256 805 294; x_wconf 82' lang='lat' dir='ltr'>prospectat.</span> <span class='ocrx_word' id='word_1_14' title='bbox 825 264 960 287; x_wconf 82' lang='lat' dir='ltr'>accenso</span> <span class='ocrx_word' id='word_1_15' title='bbox 976 265 1055 296; x_wconf 81' lang='lat' dir='ltr'>rogo</span> <span class='ocrx_word' id='word_1_16' title='bbox 1070 256 1204 289; x_wconf 85' lang='lat' dir='ltr'>libertus</span> <span class='ocrx_word' id='word_1_17' title='bbox 1221 259 1301 297; x_wconf 84' lang='lat' dir='ltr'>ejus,</span> <span class='ocrx_word' id='word_1_18' title='bbox 1316 265 1372 288; x_wconf 83' lang='lat' dir='ltr'>co-</span> 
     </span>
     <span class='ocr_line' id='line_1_3' title="bbox 49 299 1373 344; baseline 0.004 -14"><span class='ocrx_word' id='word_1_19' title='bbox 49 301 224 340; x_wconf 85' lang='lat' dir='ltr'>gnomento</span> <span class='ocrx_word' id='word_1_20' title='bbox 238 301 388 339; x_wconf 78' lang='lat' dir='ltr'>Mnester,</span> <span class='ocrx_word' id='word_1_21' title='bbox 402 299 510 340; x_wconf 77' lang='lat' dir='ltr'>ipsese</span> <span class='ocrx_word' id='word_1_22' title='bbox 523 299 607 331; x_wconf 78' lang='lat' dir='ltr'>ferro</span> <span class='ocrx_word' id='word_1_23' title='bbox 620 303 786 342; x_wconf 78' lang='lat' dir='ltr'><strong>transegit,</strong></span> <span class='ocrx_word' id='word_1_24' title='bbox 795 303 953 335; x_wconf 80' lang='lat' dir='ltr'>incertum</span> <span class='ocrx_word' id='word_1_25' title='bbox 964 304 1097 336; x_wconf 82' lang='lat' dir='ltr'>caritate</span> <span class='ocrx_word' id='word_1_26' title='bbox 1108 304 1140 335; x_wconf 90' lang='lat' dir='ltr'>in</span> <span class='ocrx_word' id='word_1_27' title='bbox 1153 306 1321 344; x_wconf 87' lang='lat' dir='ltr'>patronam</span> <span class='ocrx_word' id='word_1_28' title='bbox 1332 313 1373 336; x_wconf 89' lang='lat' dir='ltr'>an</span> 
     </span>
     <span class='ocr_line' id='line_1_4' title="bbox 50 346 1373 392; baseline 0.003 -14"><span class='ocrx_word' id='word_1_29' title='bbox 50 348 140 378; x_wconf 84' lang='lat' dir='ltr'>metu</span> <span class='ocrx_word' id='word_1_30' title='bbox 156 346 256 378; x_wconf 80' lang='lat' dir='ltr'>exitii.</span> <span class='ocrx_word' id='word_1_31' title='bbox 280 350 372 377; x_wconf 87' lang='lat' dir='ltr'>Hunc</span> <span class='ocrx_word' id='word_1_32' title='bbox 385 347 433 378; x_wconf 83' lang='lat' dir='ltr'>sui</span> <span class='ocrx_word' id='word_1_33' title='bbox 450 346 547 378; x_wconf 79' lang='lat' dir='ltr'>finem</span> <span class='ocrx_word' id='word_1_34' title='bbox 562 348 683 380; x_wconf 91' lang='lat' dir='ltr'>multos</span> <span class='ocrx_word' id='word_1_35' title='bbox 701 352 774 381; x_wconf 87' lang='lat' dir='ltr'>ante</span> <span class='ocrx_word' id='word_1_36' title='bbox 791 359 890 382; x_wconf 86' lang='lat' dir='ltr'>annos</span> <span class='ocrx_word' id='word_1_37' title='bbox 906 350 1085 383; x_wconf 79' lang='lat' dir='ltr'>crediderat</span> <span class='ocrx_word' id='word_1_38' title='bbox 1110 352 1283 392; x_wconf 84' lang='lat' dir='ltr'>Agrippina</span> <span class='ocrx_word' id='word_1_39' title='bbox 1299 359 1373 382; x_wconf 83' lang='lat' dir='ltr'>con-</span> 
     </span>
     <span class='ocr_line' id='line_1_5' title="bbox 49 395 1376 447; baseline 0.003 -22"><span class='ocrx_word' id='word_1_40' title='bbox 49 396 303 447; x_wconf 76' lang='lat' dir='ltr'>tempseratque.</span> <span class='ocrx_word' id='word_1_41' title='bbox 317 402 393 424; x_wconf 89' lang='lat' dir='ltr'>uam</span> <span class='ocrx_word' id='word_1_42' title='bbox 408 395 589 426; x_wconf 75' lang='lat' dir='ltr'>consulenti</span> <span class='ocrx_word' id='word_1_43' title='bbox 603 404 701 436; x_wconf 86' lang='lat' dir='ltr'>super</span> <span class='ocrx_word' id='word_1_44' title='bbox 717 401 840 429; x_wconf 79' lang='lat' dir='ltr'><strong>Nerone</strong></span> <span class='ocrx_word' id='word_1_45' title='bbox 853 398 1084 438; x_wconf 84' lang='lat' dir='ltr'>responderunt</span> <span class='ocrx_word' id='word_1_46' title='bbox 1097 398 1240 431; x_wconf 81' lang='lat' dir='ltr'>Chaldaei</span> <span class='ocrx_word' id='word_1_47' title='bbox 1253 398 1326 434; x_wconf 80' lang='lat' dir='ltr'>fore</span> <span class='ocrx_word' id='word_1_48' title='bbox 1336 399 1376 429; x_wconf 81' lang='lat' dir='ltr'>ut</span> 
     </span>
     <span class='ocr_line' id='line_1_6' title="bbox 49 442 1363 488; baseline 0.004 -17"><span class='ocrx_word' id='word_1_49' title='bbox 49 443 238 481; x_wconf 67' lang='lat' dir='ltr'>tmperaret</span> <span class='ocrx_word' id='word_1_50' title='bbox 246 442 459 482; x_wconf 75' lang='lat' dir='ltr'>matremque</span> <span class='ocrx_word' id='word_1_51' title='bbox 465 444 531 488; x_wconf 70' lang='lat' dir='ltr'>occi</span> <span class='ocrx_word' id='word_1_52' title='bbox 536 442 632 474; x_wconf 76' lang='lat' dir='ltr'>deret</span> <span class='ocrx_word' id='word_1_53' title='bbox 640 455 650 475; x_wconf 94' lang='lat'><em>:</em></span> <span class='ocrx_word' id='word_1_54' title='bbox 661 446 757 484; x_wconf 86' lang='lat' dir='ltr'>atque</span> <span class='ocrx_word' id='word_1_55' title='bbox 767 445 988 484; x_wconf 79' lang='lat' dir='ltr'>illa‚0ccidat,</span> <span class='ocrx_word' id='word_1_56' title='bbox 1000 445 1117 486; x_wconf 85' lang='lat' dir='ltr'>inquit,</span> <span class='ocrx_word' id='word_1_57' title='bbox 1125 445 1209 477; x_wconf 86' lang='lat' dir='ltr'>dum</span> <span class='ocrx_word' id='word_1_58' title='bbox 1218 446 1363 486; x_wconf 69' lang='lat' dir='ltr'>imperet</span> 
     </span>
    </p>

    <p class='ocr_par' dir='ltr' id='par_1_3' title="bbox 44 488 1383 907">
     <span class='ocr_line' id='line_1_7' title="bbox 93 488 1377 532; baseline 0.002 -12"><span class='ocrx_word' id='word_1_59' title='bbox 93 492 131 520; x_wconf 88' lang='lat' dir='ltr'>X.</span> <span class='ocrx_word' id='word_1_60' title='bbox 155 488 248 520; x_wconf 85' lang='lat' dir='ltr'>seda</span> <span class='ocrx_word' id='word_1_61' title='bbox 265 493 408 527; x_wconf 80' lang='lat' dir='ltr'>Caesare,</span> <span class='ocrx_word' id='word_1_62' title='bbox 426 490 570 529; x_wconf 81' lang='lat' dir='ltr'>perfecto</span> <span class='ocrx_word' id='word_1_63' title='bbox 594 490 724 521; x_wconf 89' lang='lat' dir='ltr'>demum</span> <span class='ocrx_word' id='word_1_64' title='bbox 750 492 888 531; x_wconf 83' lang='lat' dir='ltr'>scelere,</span> <span class='ocrx_word' id='word_1_65' title='bbox 907 491 1095 532; x_wconf 85' lang='lat' dir='ltr'>magnitudo</span> <span class='ocrx_word' id='word_1_66' title='bbox 1119 493 1188 532; x_wconf 72' lang='lat' dir='ltr'>eius</span> <span class='ocrx_word' id='word_1_67' title='bbox 1212 492 1377 524; x_wconf 83' lang='lat' dir='ltr'>intellecta</span> 
     </span>
     <span class='ocr_line' id='line_1_8' title="bbox 49 535 1376 587; baseline 0.002 -19"><span class='ocrx_word' id='word_1_68' title='bbox 49 538 110 568; x_wconf 87' lang='lat' dir='ltr'>est.</span> <span class='ocrx_word' id='word_1_69' title='bbox 141 535 422 587; x_wconf 17' lang='lat' dir='ltr'>reliquumtnoctis</span> <span class='ocrx_word' id='word_1_70' title='bbox 440 537 537 568; x_wconf 89' lang='lat' dir='ltr'>modo</span> <span class='ocrx_word' id='word_1_71' title='bbox 553 546 609 577; x_wconf 82' lang='lat' dir='ltr'>per</span> <span class='ocrx_word' id='word_1_72' title='bbox 630 537 795 569; x_wconf 87' lang='lat' dir='ltr'>silentium</span> <span class='ocrx_word' id='word_1_73' title='bbox 813 538 954 578; x_wconf 76' lang='lat' dir='ltr'>defixus,</span> <span class='ocrx_word' id='word_1_74' title='bbox 977 539 1097 580; x_wconf 85' lang='lat' dir='ltr'>saepius</span> <span class='ocrx_word' id='word_1_75' title='bbox 1118 547 1238 580; x_wconf 86' lang='lat' dir='ltr'>pavore</span> <span class='ocrx_word' id='word_1_76' title='bbox 1262 547 1376 570; x_wconf 78' lang='lat' dir='ltr'>exsur-</span> 
     </span>
     <span class='ocr_line' id='line_1_9' title="bbox 44 583 1376 626; baseline 0.002 -13"><span class='ocrx_word' id='word_1_77' title='bbox 44 591 129 623; x_wconf 80' lang='lat' dir='ltr'>gens</span> <span class='ocrx_word' id='word_1_78' title='bbox 154 585 187 614; x_wconf 87' lang='lat' dir='ltr'>et</span> <span class='ocrx_word' id='word_1_79' title='bbox 212 585 330 614; x_wconf 71' lang='lat' dir='ltr'>mentis</span> <span class='ocrx_word' id='word_1_80' title='bbox 357 583 468 623; x_wconf 87' lang='lat' dir='ltr'>inops,</span> <span class='ocrx_word' id='word_1_81' title='bbox 490 584 593 615; x_wconf 87' lang='lat' dir='ltr'>lucem</span> <span class='ocrx_word' id='word_1_82' title='bbox 613 585 840 625; x_wconf 75' lang='lat' dir='ltr'>opperiebatur</span> <span class='ocrx_word' id='word_1_83' title='bbox 856 588 1012 626; x_wconf 75' lang='lat' dir='ltr'>tanquam</span> <span class='ocrx_word' id='word_1_84' title='bbox 1030 586 1167 618; x_wconf 84' lang='lat' dir='ltr'>exitium</span> <span class='ocrx_word' id='word_1_85' title='bbox 1194 586 1376 617; x_wconf 87' lang='lat' dir='ltr'>allaturam.</span> 
     </span>
     <span class='ocr_line' id='line_1_10' title="bbox 44 632 1379 673; baseline 0.004 -15"><span class='ocrx_word' id='word_1_86' title='bbox 44 632 148 670; x_wconf 72' lang='lat' dir='ltr'>atque</span> <span class='ocrx_word' id='word_1_87' title='bbox 162 639 237 662; x_wconf 90' lang='lat' dir='ltr'>eum</span> <span class='ocrx_word' id='word_1_88' title='bbox 250 654 258 669; x_wconf 95' lang='lat'>,</span> <span class='ocrx_word' id='word_1_89' title='bbox 277 633 406 662; x_wconf 84' lang='lat' dir='ltr'>auctore</span> <span class='ocrx_word' id='word_1_90' title='bbox 422 635 522 662; x_wconf 80' lang='lat' dir='ltr'>Burro</span> <span class='ocrx_word' id='word_1_91' title='bbox 533 657 542 671; x_wconf 95' lang='lat'>‚</span> <span class='ocrx_word' id='word_1_92' title='bbox 568 633 672 672; x_wconf 86' lang='lat' dir='ltr'>prima</span> <span class='ocrx_word' id='word_1_93' title='bbox 698 633 923 664; x_wconf 74' lang='lat' dir='ltr'>centurionum</span> <span class='ocrx_word' id='word_1_94' title='bbox 950 633 1221 673; x_wconf 85' lang='lat' dir='ltr'>tribunorumque</span> <span class='ocrx_word' id='word_1_95' title='bbox 1237 632 1379 664; x_wconf 81' lang='lat' dir='ltr'>adulatio</span> 
     </span>
     <span class='ocr_line' id='line_1_11' title="bbox 45 677 1378 730; baseline 0.002 -23"><span class='ocrx_word' id='word_1_96' title='bbox 45 677 92 730; x_wconf 62' lang='lat' dir='ltr'>ad</span> <span class='ocrx_word' id='word_1_97' title='bbox 106 686 197 717; x_wconf 86' lang='lat' dir='ltr'>spem</span> <span class='ocrx_word' id='word_1_98' title='bbox 221 677 378 717; x_wconf 71' lang='lat' dir='ltr'>firmavit,</span> <span class='ocrx_word' id='word_1_99' title='bbox 397 679 621 718; x_wconf 82' lang='lat' dir='ltr'>prensantium</span> <span class='ocrx_word' id='word_1_100' title='bbox 639 688 774 710; x_wconf 88' lang='lat' dir='ltr'>manum</span> <span class='ocrx_word' id='word_1_101' title='bbox 790 681 1054 721; x_wconf 81' lang='lat' dir='ltr'>gratantiumque</span> <span class='ocrx_word' id='word_1_102' title='bbox 1078 680 1168 721; x_wconf 80' lang='lat' dir='ltr'>quod</span> <span class='ocrx_word' id='word_1_103' title='bbox 1195 680 1378 711; x_wconf 70' lang='lat' dir='ltr'>discrimen</span> 
     </span>
     <span class='ocr_line' id='line_1_12' title="bbox 48 725 1382 766; baseline 0.002 -12"><span class='ocrx_word' id='word_1_104' title='bbox 48 726 275 764; x_wconf 69' lang='lat' dir='ltr'>unprove&#39;sum</span> <span class='ocrx_word' id='word_1_105' title='bbox 290 726 323 755; x_wconf 78' lang='lat' dir='ltr'>et</span> <span class='ocrx_word' id='word_1_106' title='bbox 336 726 461 756; x_wconf 51' lang='lat' dir='ltr'>¹nuttris</span> <span class='ocrx_word' id='word_1_107' title='bbox 470 725 618 764; x_wconf 75' lang='lat' dir='ltr'>facinus</span> <span class='ocrx_word' id='word_1_108' title='bbox 635 729 810 758; x_wconf 77' lang='lat' dir='ltr'>evasisset.</span> <span class='ocrx_word' id='word_1_109' title='bbox 830 728 926 759; x_wconf 88' lang='lat' dir='ltr'>amici</span> <span class='ocrx_word' id='word_1_110' title='bbox 948 728 1065 759; x_wconf 85' lang='lat' dir='ltr'>dehinc</span> <span class='ocrx_word' id='word_1_111' title='bbox 1080 727 1169 759; x_wconf 87' lang='lat' dir='ltr'>adire</span> <span class='ocrx_word' id='word_1_112' title='bbox 1184 726 1305 766; x_wconf 89' lang='lat' dir='ltr'>templa</span> <span class='ocrx_word' id='word_1_113' title='bbox 1317 750 1326 764; x_wconf 91' lang='lat'>,</span> <span class='ocrx_word' id='word_1_114' title='bbox 1349 726 1382 757; x_wconf 87' lang='lat' dir='ltr'>et</span> 
     </span>
     <span class='ocr_line' id='line_1_13' title="bbox 51 772 1381 824; baseline 0 -22"><span class='ocrx_word' id='word_1_115' title='bbox 51 774 158 824; x_wconf 73' lang='lat' dir='ltr'>coepto</span> <span class='ocrx_word' id='word_1_116' title='bbox 182 772 349 812; x_wconf 85' lang='lat' dir='ltr'>exemplo,</span> <span class='ocrx_word' id='word_1_117' title='bbox 367 774 517 812; x_wconf 81' lang='lat' dir='ltr'>proxima</span> <span class='ocrx_word' id='word_1_118' title='bbox 547 774 733 814; x_wconf 77' lang='lat' dir='ltr'>Campaniae</span> <span class='ocrx_word' id='word_1_119' title='bbox 750 774 929 815; x_wconf 86' lang='lat' dir='ltr'>municipia</span> <span class='ocrx_word' id='word_1_120' title='bbox 950 775 1092 806; x_wconf 87' lang='lat' dir='ltr'>victimis</span> <span class='ocrx_word' id='word_1_121' title='bbox 1119 776 1152 806; x_wconf 90' lang='lat' dir='ltr'>et</span> <span class='ocrx_word' id='word_1_122' title='bbox 1167 772 1381 814; x_wconf 82' lang='lat' dir='ltr'>legationibus</span> 
     </span>
     <span class='ocr_line' id='line_1_14' title="bbox 52 818 1383 862; baseline 0.001 -13"><span class='ocrx_word' id='word_1_123' title='bbox 52 818 197 850; x_wconf 75' lang='lat' dir='ltr'>laetitiam</span> <span class='ocrx_word' id='word_1_124' title='bbox 211 820 321 850; x_wconf 83' lang='lat' dir='ltr'>testari</span> <span class='ocrx_word' id='word_1_125' title='bbox 340 831 347 850; x_wconf 80' lang='lat' dir='ltr'>z</span> <span class='ocrx_word' id='word_1_126' title='bbox 371 821 438 860; x_wconf 87' lang='lat' dir='ltr'>ipse</span> <span class='ocrx_word' id='word_1_127' title='bbox 450 844 458 859; x_wconf 91' lang='lat'>‚</span> <span class='ocrx_word' id='word_1_128' title='bbox 476 820 600 851; x_wconf 87' lang='lat' dir='ltr'>diversa</span> <span class='ocrx_word' id='word_1_129' title='bbox 615 821 840 861; x_wconf 84' lang='lat' dir='ltr'>simulatione,</span> <span class='ocrx_word' id='word_1_130' title='bbox 859 824 997 853; x_wconf 82' lang='lat' dir='ltr'>moestus</span> <span class='ocrx_word' id='word_1_131' title='bbox 1014 823 1047 854; x_wconf 90' lang='lat' dir='ltr'>et</span> <span class='ocrx_word' id='word_1_132' title='bbox 1063 822 1153 862; x_wconf 88' lang='lat' dir='ltr'>quasi</span> <span class='ocrx_word' id='word_1_133' title='bbox 1168 819 1383 852; x_wconf 85' lang='lat' dir='ltr'>incolumitati</span> 
     </span>
     <span class='ocr_line' id='line_1_15' title="bbox 54 866 852 907; baseline 0 -8"><span class='ocrx_word' id='word_1_134' title='bbox 54 876 123 899; x_wconf 80' lang='lat' dir='ltr'>suae</span> <span class='ocrx_word' id='word_1_135' title='bbox 138 866 282 897; x_wconf 76' lang='lat' dir='ltr'>infensus</span> <span class='ocrx_word' id='word_1_136' title='bbox 299 876 336 897; x_wconf 86' lang='lat' dir='ltr'>ac</span> <span class='ocrx_word' id='word_1_137' title='bbox 355 870 459 898; x_wconf 87' lang='lat' dir='ltr'>morte</span> <span class='ocrx_word' id='word_1_138' title='bbox 476 868 618 907; x_wconf 87' lang='lat' dir='ltr'>parentis</span> <span class='ocrx_word' id='word_1_139' title='bbox 640 868 852 899; x_wconf 78' lang='lat' dir='ltr'>illacrimans.</span> 
     </span>
    </p>

    <p class='ocr_par' dir='ltr' id='par_1_4' title="bbox 55 914 1396 1812">
     <span class='ocr_line' id='line_1_16' title="bbox 96 914 1383 954; baseline -0.002 -8"><span class='ocrx_word' id='word_1_140' title='bbox 96 918 148 946; x_wconf 91' lang='lat' dir='ltr'>XI.</span> <span class='ocrx_word' id='word_1_141' title='bbox 174 914 256 953; x_wconf 82' lang='lat' dir='ltr'>Quia</span> <span class='ocrx_word' id='word_1_142' title='bbox 275 918 383 945; x_wconf 82' lang='lat' dir='ltr'>tamen</span> <span class='ocrx_word' id='word_1_143' title='bbox 400 924 464 945; x_wconf 90' lang='lat' dir='ltr'>non</span> <span class='ocrx_word' id='word_1_144' title='bbox 475 939 484 954; x_wconf 85' lang='lat'><strong>,</strong></span> <span class='ocrx_word' id='word_1_145' title='bbox 502 918 537 947; x_wconf 91' lang='lat' dir='ltr'>ut</span> <span class='ocrx_word' id='word_1_146' title='bbox 550 916 719 946; x_wconf 87' lang='lat' dir='ltr'>bominum</span> <span class='ocrx_word' id='word_1_147' title='bbox 735 915 857 950; x_wconf 77' lang='lat' dir='ltr'>vultus,</span> <span class='ocrx_word' id='word_1_148' title='bbox 873 914 920 947; x_wconf 84' lang='lat' dir='ltr'>ita</span> <span class='ocrx_word' id='word_1_149' title='bbox 934 915 1079 946; x_wconf 78' lang='lat' dir='ltr'>locorum</span> <span class='ocrx_word' id='word_1_150' title='bbox 1093 915 1189 945; x_wconf 85' lang='lat' dir='ltr'>facies</span> <span class='ocrx_word' id='word_1_151' title='bbox 1202 914 1383 952; x_wconf 72' lang='lat' dir='ltr'>mutantur,</span> 
     </span>
     <span class='ocr_line' id='line_1_17' title="bbox 55 959 1386 1001; baseline -0.002 -10"><span class='ocrx_word' id='word_1_152' title='bbox 55 959 348 1000; x_wconf 84' lang='lat' dir='ltr'>obversabaturque</span> <span class='ocrx_word' id='word_1_153' title='bbox 370 962 470 992; x_wconf 84' lang='lat' dir='ltr'>maris</span> <span class='ocrx_word' id='word_1_154' title='bbox 481 962 567 992; x_wconf 89' lang='lat' dir='ltr'>illius</span> <span class='ocrx_word' id='word_1_155' title='bbox 582 964 614 993; x_wconf 88' lang='lat' dir='ltr'>et</span> <span class='ocrx_word' id='word_1_156' title='bbox 630 962 779 992; x_wconf 78' lang='lat' dir='ltr'>littorum</span> <span class='ocrx_word' id='word_1_157' title='bbox 797 961 903 999; x_wconf 68' lang='lat' dir='ltr'>gravis</span> <span class='ocrx_word' id='word_1_158' title='bbox 920 963 1068 1001; x_wconf 86' lang='lat' dir='ltr'>aspectus</span> <span class='ocrx_word' id='word_1_159' title='bbox 1085 961 1129 1000; x_wconf 90' lang='lat' dir='ltr'>(et</span> <span class='ocrx_word' id='word_1_160' title='bbox 1145 962 1237 991; x_wconf 89' lang='lat' dir='ltr'>erant</span> <span class='ocrx_word' id='word_1_161' title='bbox 1250 960 1304 1000; x_wconf 86' lang='lat' dir='ltr'>qui</span> <span class='ocrx_word' id='word_1_162' title='bbox 1322 968 1386 990; x_wconf 88' lang='lat' dir='ltr'>cre-</span> 
     </span>
     <span class='ocr_line' id='line_1_18' title="bbox 55 1006 1385 1048; baseline -0.002 -10"><span class='ocrx_word' id='word_1_163' title='bbox 55 1007 167 1039; x_wconf 88' lang='lat' dir='ltr'>derent</span> <span class='ocrx_word' id='word_1_164' title='bbox 183 1008 328 1038; x_wconf 77' lang='lat' dir='ltr'>sonitum</span> <span class='ocrx_word' id='word_1_165' title='bbox 346 1009 434 1040; x_wconf 85' lang='lat' dir='ltr'>tubae</span> <span class='ocrx_word' id='word_1_166' title='bbox 452 1009 588 1040; x_wconf 84' lang='lat' dir='ltr'>collibus</span> <span class='ocrx_word' id='word_1_167' title='bbox 612 1009 735 1039; x_wconf 85' lang='lat' dir='ltr'>circum</span> <span class='ocrx_word' id='word_1_168' title='bbox 762 1009 858 1040; x_wconf 87' lang='lat' dir='ltr'>editis</span> <span class='ocrx_word' id='word_1_169' title='bbox 884 1009 1099 1048; x_wconf 88' lang='lat' dir='ltr'>planctusque</span> <span class='ocrx_word' id='word_1_170' title='bbox 1116 1008 1243 1039; x_wconf 90' lang='lat' dir='ltr'>tumulo</span> <span class='ocrx_word' id='word_1_171' title='bbox 1273 1006 1385 1037; x_wconf 88' lang='lat' dir='ltr'>matris</span> 
     </span>
     <span class='ocr_line' id='line_1_19' title="bbox 55 1055 1387 1095; baseline -0.002 -9"><span class='ocrx_word' id='word_1_172' title='bbox 55 1055 189 1094; x_wconf 89' lang='lat' dir='ltr'>audiri),</span> <span class='ocrx_word' id='word_1_173' title='bbox 207 1055 372 1095; x_wconf 81' lang='lat' dir='ltr'>Neapolim</span> <span class='ocrx_word' id='word_1_174' title='bbox 393 1057 572 1095; x_wconf 88' lang='lat' dir='ltr'>concessit,</span> <span class='ocrx_word' id='word_1_175' title='bbox 596 1056 784 1095; x_wconf 82' lang='lat' dir='ltr'>litterasque</span> <span class='ocrx_word' id='word_1_176' title='bbox 807 1056 846 1087; x_wconf 84' lang='lat' dir='ltr'>ad</span> <span class='ocrx_word' id='word_1_177' title='bbox 861 1058 1007 1087; x_wconf 86' lang='lat' dir='ltr'>senatum</span> <span class='ocrx_word' id='word_1_178' title='bbox 1025 1055 1133 1093; x_wconf 84' lang='lat' dir='ltr'>misit,</span> <span class='ocrx_word' id='word_1_179' title='bbox 1153 1062 1290 1095; x_wconf 84' lang='lat' dir='ltr'>quarum</span> <span class='ocrx_word' id='word_1_180' title='bbox 1303 1062 1387 1084; x_wconf 85' lang='lat' dir='ltr'>sum-</span> 
     </span>
     <span class='ocr_line' id='line_1_20' title="bbox 57 1100 1387 1143; baseline -0.002 -11"><span class='ocrx_word' id='word_1_181' title='bbox 57 1111 111 1133; x_wconf 84' lang='lat' dir='ltr'>ma</span> <span class='ocrx_word' id='word_1_182' title='bbox 136 1103 205 1132; x_wconf 85' lang='lat' dir='ltr'>erat</span> <span class='ocrx_word' id='word_1_183' title='bbox 220 1115 235 1128; x_wconf 86' lang='lat'>«</span> <span class='ocrx_word' id='word_1_184' title='bbox 255 1105 415 1141; x_wconf 73' lang='lat' dir='ltr'>repertum</span> <span class='ocrx_word' id='word_1_185' title='bbox 432 1112 506 1134; x_wconf 88' lang='lat' dir='ltr'>eum</span> <span class='ocrx_word' id='word_1_186' title='bbox 522 1104 607 1134; x_wconf 80' lang='lat' dir='ltr'>ferro</span> <span class='ocrx_word' id='word_1_187' title='bbox 622 1112 844 1143; x_wconf 82' lang='lat' dir='ltr'>percussorem</span> <span class='ocrx_word' id='word_1_188' title='bbox 860 1103 1033 1142; x_wconf 75' lang='lat' dir='ltr'>Agerinum</span> <span class='ocrx_word' id='word_1_189' title='bbox 1045 1126 1054 1142; x_wconf 95' lang='lat'>,</span> <span class='ocrx_word' id='word_1_190' title='bbox 1081 1111 1122 1133; x_wconf 81' lang='lat' dir='ltr'>ex</span> <span class='ocrx_word' id='word_1_191' title='bbox 1144 1102 1267 1132; x_wconf 87' lang='lat' dir='ltr'>intimis</span> <span class='ocrx_word' id='word_1_192' title='bbox 1280 1100 1387 1140; x_wconf 85' lang='lat' dir='ltr'>Agrip-</span> 
     </span>
     <span class='ocr_line' id='line_1_21' title="bbox 59 1147 1388 1190; baseline -0.002 -11"><span class='ocrx_word' id='word_1_193' title='bbox 59 1160 75 1175; x_wconf 93' lang='lat'>«</span> <span class='ocrx_word' id='word_1_194' title='bbox 91 1149 177 1188; x_wconf 82' lang='lat' dir='ltr'>pinae</span> <span class='ocrx_word' id='word_1_195' title='bbox 204 1148 339 1188; x_wconf 82' lang='lat' dir='ltr'>libertis,</span> <span class='ocrx_word' id='word_1_196' title='bbox 369 1153 401 1180; x_wconf 88' lang='lat' dir='ltr'>et</span> <span class='ocrx_word' id='word_1_197' title='bbox 427 1150 525 1180; x_wconf 84' lang='lat' dir='ltr'>luisse</span> <span class='ocrx_word' id='word_1_198' title='bbox 540 1159 611 1181; x_wconf 84' lang='lat' dir='ltr'>eam</span> <span class='ocrx_word' id='word_1_199' title='bbox 638 1159 766 1190; x_wconf 85' lang='lat' dir='ltr'>poenam</span> <span class='ocrx_word' id='word_1_200' title='bbox 794 1149 1013 1181; x_wconf 83' lang='lat' dir='ltr'>conscientia¹</span> <span class='ocrx_word' id='word_1_201' title='bbox 1035 1158 1101 1189; x_wconf 88' lang='lat' dir='ltr'>qua</span> <span class='ocrx_word' id='word_1_202' title='bbox 1120 1149 1226 1179; x_wconf 82' lang='lat' dir='ltr'>scelus</span> <span class='ocrx_word' id='word_1_203' title='bbox 1249 1147 1388 1187; x_wconf 71' lang='lat' dir='ltr'>paravis-</span> 
     </span>
     <span class='ocr_line' id='line_1_22' title="bbox 59 1193 1388 1236; baseline -0.003 -9"><span class='ocrx_word' id='word_1_204' title='bbox 59 1208 76 1223; x_wconf 85' lang='lat'>«</span> <span class='ocrx_word' id='word_1_205' title='bbox 92 1199 150 1227; x_wconf 79' lang='lat' dir='ltr'>sel.</span> <span class='ocrx_word' id='word_1_206' title='bbox 166 1208 180 1223; x_wconf 76' lang='grc' dir='ltr'>υ</span> <span class='ocrx_word' id='word_1_207' title='bbox 206 1196 382 1234; x_wconf 81' lang='lat' dir='ltr'>Adjiciebat</span> <span class='ocrx_word' id='word_1_208' title='bbox 401 1196 538 1227; x_wconf 84' lang='lat' dir='ltr'>crimina</span> <span class='ocrx_word' id='word_1_209' title='bbox 560 1196 687 1236; x_wconf 83' lang='lat' dir='ltr'>longius</span> <span class='ocrx_word' id='word_1_210' title='bbox 705 1197 841 1236; x_wconf 84' lang='lat' dir='ltr'>repetita</span> <span class='ocrx_word' id='word_1_211' title='bbox 854 1221 863 1235; x_wconf 90' lang='lat'>,</span> <span class='ocrx_word' id='word_1_212' title='bbox 891 1209 907 1224; x_wconf 90' lang='lat'>«</span> <span class='ocrx_word' id='word_1_213' title='bbox 921 1196 1009 1236; x_wconf 88' lang='lat' dir='ltr'>quod</span> <span class='ocrx_word' id='word_1_214' title='bbox 1028 1195 1226 1227; x_wconf 82' lang='lat' dir='ltr'>consortium</span> <span class='ocrx_word' id='word_1_215' title='bbox 1243 1193 1388 1234; x_wconf 87' lang='lat' dir='ltr'>imperii,</span> 
     </span>
     <span class='ocr_line' id='line_1_23' title="bbox 61 1241 1388 1285; baseline -0.002 -13"><span class='ocrx_word' id='word_1_216' title='bbox 61 1257 78 1271; x_wconf 88' lang='lat'>«</span> <span class='ocrx_word' id='word_1_217' title='bbox 95 1245 322 1284; x_wconf 83' lang='lat' dir='ltr'>juraturasque</span> <span class='ocrx_word' id='word_1_218' title='bbox 336 1244 367 1274; x_wconf 90' lang='lat' dir='ltr'>in</span> <span class='ocrx_word' id='word_1_219' title='bbox 383 1244 510 1275; x_wconf 81' lang='lat' dir='ltr'>feminae</span> <span class='ocrx_word' id='word_1_220' title='bbox 527 1244 624 1275; x_wconf 89' lang='lat' dir='ltr'>verba</span> <span class='ocrx_word' id='word_1_221' title='bbox 637 1244 805 1285; x_wconf 83' lang='lat' dir='ltr'>praetorias</span> <span class='ocrx_word' id='word_1_222' title='bbox 815 1244 974 1282; x_wconf 83' lang='lat' dir='ltr'>cohortes,</span> <span class='ocrx_word' id='word_1_223' title='bbox 986 1243 1137 1283; x_wconf 87' lang='lat' dir='ltr'>idemque</span> <span class='ocrx_word' id='word_1_224' title='bbox 1148 1241 1288 1273; x_wconf 86' lang='lat' dir='ltr'>dedecus</span> <span class='ocrx_word' id='word_1_225' title='bbox 1302 1248 1388 1271; x_wconf 85' lang='lat' dir='ltr'>sena-</span> 
     </span>
     <span class='ocr_line' id='line_1_24' title="bbox 61 1287 1392 1331; baseline -0.005 -8"><span class='ocrx_word' id='word_1_226' title='bbox 61 1304 77 1319; x_wconf 71' lang='grc' dir='ltr'>σι</span> <span class='ocrx_word' id='word_1_227' title='bbox 94 1294 148 1323; x_wconf 83' lang='lat' dir='ltr'>tus</span> <span class='ocrx_word' id='word_1_228' title='bbox 164 1293 195 1322; x_wconf 88' lang='lat' dir='ltr'>et</span> <span class='ocrx_word' id='word_1_229' title='bbox 212 1292 321 1331; x_wconf 84' lang='lat' dir='ltr'>populi</span> <span class='ocrx_word' id='word_1_230' title='bbox 337 1292 531 1331; x_wconf 87' lang='lat' dir='ltr'>speravisset</span> <span class='ocrx_word' id='word_1_231' title='bbox 543 1315 551 1330; x_wconf 84' lang='lat'>‚</span> <span class='ocrx_word' id='word_1_232' title='bbox 566 1300 601 1322; x_wconf 85' lang='lat' dir='ltr'>ac</span> <span class='ocrx_word' id='word_1_233' title='bbox 617 1294 828 1331; x_wconf 81' lang='lat' dir='ltr'>posteaquam</span> <span class='ocrx_word' id='word_1_234' title='bbox 843 1291 965 1322; x_wconf 82' lang='lat' dir='ltr'>frustra</span> <span class='ocrx_word' id='word_1_235' title='bbox 980 1291 1088 1321; x_wconf 85' lang='lat' dir='ltr'>oblata</span> <span class='ocrx_word' id='word_1_236' title='bbox 1104 1290 1162 1328; x_wconf 88' lang='lat' dir='ltr'>sit,</span> <span class='ocrx_word' id='word_1_237' title='bbox 1192 1288 1317 1319; x_wconf 86' lang='lat' dir='ltr'>infensa</span> <span class='ocrx_word' id='word_1_238' title='bbox 1333 1287 1392 1317; x_wconf 87' lang='lat' dir='ltr'>mi-</span> 
     </span>
     <span class='ocr_line' id='line_1_25' title="bbox 62 1333 1391 1379; baseline -0.002 -13"><span class='ocrx_word' id='word_1_239' title='bbox 62 1352 77 1366; x_wconf 82' lang='lat'>«</span> <span class='ocrx_word' id='word_1_240' title='bbox 95 1338 144 1369; x_wconf 85' lang='lat' dir='ltr'>liti</span> <span class='ocrx_word' id='word_1_241' title='bbox 157 1338 369 1378; x_wconf 76' lang='lat' dir='ltr'>patribusque</span> <span class='ocrx_word' id='word_1_242' title='bbox 386 1342 418 1370; x_wconf 87' lang='lat' dir='ltr'>et</span> <span class='ocrx_word' id='word_1_243' title='bbox 432 1339 535 1379; x_wconf 84' lang='lat' dir='ltr'>plebi,</span> <span class='ocrx_word' id='word_1_244' title='bbox 550 1339 757 1369; x_wconf 84' lang='lat' dir='ltr'>dissuasisset</span> <span class='ocrx_word' id='word_1_245' title='bbox 775 1338 968 1368; x_wconf 88' lang='lat' dir='ltr'>donativum</span> <span class='ocrx_word' id='word_1_246' title='bbox 991 1339 1023 1368; x_wconf 90' lang='lat' dir='ltr'>et</span> <span class='ocrx_word' id='word_1_247' title='bbox 1047 1336 1248 1376; x_wconf 79' lang='lat' dir='ltr'>congiarium</span> <span class='ocrx_word' id='word_1_248' title='bbox 1264 1334 1290 1373; x_wconf 69' lang='lat'>²,</span> <span class='ocrx_word' id='word_1_249' title='bbox 1309 1333 1391 1374; x_wconf 83' lang='lat' dir='ltr'>peri-</span> 
     </span>
     <span class='ocr_line' id='line_1_26' title="bbox 63 1384 1393 1427; baseline -0.006 -9"><span class='ocrx_word' id='word_1_250' title='bbox 63 1400 79 1414; x_wconf 74' lang='lat' dir='ltr'>t«</span> <span class='ocrx_word' id='word_1_251' title='bbox 95 1388 231 1427; x_wconf 86' lang='lat' dir='ltr'>cnlaque</span> <span class='ocrx_word' id='word_1_252' title='bbox 247 1387 322 1417; x_wconf 66' lang='lat' dir='ltr'>viris</span> <span class='ocrx_word' id='word_1_253' title='bbox 339 1386 516 1417; x_wconf 85' lang='lat' dir='ltr'>illustribus</span> <span class='ocrx_word' id='word_1_254' title='bbox 534 1385 750 1417; x_wconf 79' lang='lat' dir='ltr'>instruxisset.</span> <span class='ocrx_word' id='word_1_255' title='bbox 767 1387 888 1424; x_wconf 83' lang='lat' dir='ltr'>quanto</span> <span class='ocrx_word' id='word_1_256' title='bbox 906 1394 965 1415; x_wconf 90' lang='lat' dir='ltr'>suo</span> <span class='ocrx_word' id='word_1_257' title='bbox 983 1384 1093 1415; x_wconf 87' lang='lat' dir='ltr'>labore</span> <span class='ocrx_word' id='word_1_258' title='bbox 1107 1384 1337 1423; x_wconf 68' lang='lat' dir='ltr'>perpetraturi),</span> <span class='ocrx_word' id='word_1_259' title='bbox 1353 1388 1393 1410; x_wconf 84' lang='lat' dir='ltr'>ne</span> 
     </span>
     <span class='ocr_line' id='line_1_27' title="bbox 62 1431 1393 1474; baseline -0.005 -9"><span class='ocrx_word' id='word_1_260' title='bbox 62 1446 78 1460; x_wconf 76' lang='grc' dir='ltr'>«ι</span> <span class='ocrx_word' id='word_1_261' title='bbox 96 1435 287 1474; x_wconf 85' lang='lat' dir='ltr'>irrumperet</span> <span class='ocrx_word' id='word_1_262' title='bbox 311 1435 447 1473; x_wconf 84' lang='lat' dir='ltr'>curiam,</span> <span class='ocrx_word' id='word_1_263' title='bbox 466 1443 504 1465; x_wconf 89' lang='lat' dir='ltr'>ne</span> <span class='ocrx_word' id='word_1_264' title='bbox 518 1433 668 1471; x_wconf 61' lang='lat' dir='ltr'>gentibus</span> <span class='ocrx_word' id='word_1_265' title='bbox 684 1432 828 1463; x_wconf 78' lang='lat' dir='ltr'>externis</span> <span class='ocrx_word' id='word_1_266' title='bbox 842 1440 995 1472; x_wconf 88' lang='lat' dir='ltr'>responsa</span> <span class='ocrx_word' id='word_1_267' title='bbox 1012 1432 1103 1462; x_wconf 85' lang='lat' dir='ltr'>daret</span> <span class='ocrx_word' id='word_1_268' title='bbox 1118 1431 1151 1462; x_wconf 78' lang='lat'>³?</span> <span class='ocrx_word' id='word_1_269' title='bbox 1166 1443 1182 1457; x_wconf 73' lang='grc' dir='ltr'><strong>υ</strong></span> <span class='ocrx_word' id='word_1_270' title='bbox 1199 1434 1393 1469; x_wconf 84' lang='lat' dir='ltr'>Temporum</span> 
     </span>
     <span class='ocr_line' id='line_1_28' title="bbox 61 1475 1394 1522; baseline -0.005 -9"><span class='ocrx_word' id='word_1_271' title='bbox 61 1491 190 1522; x_wconf 86' lang='lat' dir='ltr'>quoque</span> <span class='ocrx_word' id='word_1_272' title='bbox 207 1482 456 1513; x_wconf 85' lang='lat' dir='ltr'>Claudianorum</span> <span class='ocrx_word' id='word_1_273' title='bbox 473 1481 605 1520; x_wconf 86' lang='lat' dir='ltr'>obliqua</span> <span class='ocrx_word' id='word_1_274' title='bbox 625 1480 835 1511; x_wconf 79' lang='lat' dir='ltr'>insectatione</span> <span class='ocrx_word' id='word_1_275' title='bbox 851 1482 969 1510; x_wconf 83' lang='lat' dir='ltr'>cuncta</span> <span class='ocrx_word' id='word_1_276' title='bbox 983 1477 1289 1518; x_wconf 81' lang='lat' dir='ltr'>ejusdominationis</span> <span class='ocrx_word' id='word_1_277' title='bbox 1306 1475 1394 1515; x_wconf 72' lang='lat' dir='ltr'>flagi-</span> 
     </span>
     <span class='ocr_line' id='line_1_29' title="bbox 63 1526 1394 1569; baseline -0.008 -6"><span class='ocrx_word' id='word_1_278' title='bbox 63 1531 107 1563; x_wconf 84' lang='lat' dir='ltr'>tia</span> <span class='ocrx_word' id='word_1_279' title='bbox 119 1531 151 1562; x_wconf 93' lang='lat' dir='ltr'>in</span> <span class='ocrx_word' id='word_1_280' title='bbox 167 1532 303 1561; x_wconf 76' lang='lat' dir='ltr'>matrem</span> <span class='ocrx_word' id='word_1_281' title='bbox 322 1529 503 1568; x_wconf 82' lang='lat' dir='ltr'>transtulit,</span> <span class='ocrx_word' id='word_1_282' title='bbox 526 1529 669 1569; x_wconf 66' lang='lat' dir='ltr'>publica</span> <span class='ocrx_word' id='word_1_283' title='bbox 681 1527 833 1567; x_wconf 54' lang='grc' dir='ltr'>ιῙονίῖιηα</span> <span class='ocrx_word' id='word_1_284' title='bbox 856 1528 1066 1558; x_wconf 71' lang='lat' dir='ltr'>exstinctum</span> <span class='ocrx_word' id='word_1_285' title='bbox 1081 1526 1239 1556; x_wconf 79' lang='lat' dir='ltr'>referens:</span> <span class='ocrx_word' id='word_1_286' title='bbox 1256 1531 1394 1562; x_wconf 80' lang='lat' dir='ltr'>namque</span> 
     </span>
     <span class='ocr_line' id='line_1_30' title="bbox 64 1570 1395 1617; baseline -0.007 -8"><span class='ocrx_word' id='word_1_287' title='bbox 64 1582 96 1611; x_wconf 89' lang='lat' dir='ltr'>et</span> <span class='ocrx_word' id='word_1_288' title='bbox 106 1578 309 1617; x_wconf 78' lang='lat' dir='ltr'>naufragium</span> <span class='ocrx_word' id='word_1_289' title='bbox 328 1578 478 1608; x_wconf 81' lang='lat' dir='ltr'>narrabat</span> <span class='ocrx_word' id='word_1_290' title='bbox 491 1577 500 1594; x_wconf 69' lang='lat'>⁴</span> <span class='ocrx_word' id='word_1_291' title='bbox 521 1587 528 1607; x_wconf 90' lang='lat'>:</span> <span class='ocrx_word' id='word_1_292' title='bbox 546 1576 632 1616; x_wconf 90' lang='lat' dir='ltr'>quod</span> <span class='ocrx_word' id='word_1_293' title='bbox 651 1575 820 1606; x_wconf 86' lang='lat' dir='ltr'>fortuitum</span> <span class='ocrx_word' id='word_1_294' title='bbox 840 1574 951 1613; x_wconf 82' lang='lat' dir='ltr'>fuisse,</span> <span class='ocrx_word' id='word_1_295' title='bbox 967 1574 1039 1613; x_wconf 86' lang='lat' dir='ltr'>quis</span> <span class='ocrx_word' id='word_1_296' title='bbox 1055 1573 1134 1603; x_wconf 84' lang='lat' dir='ltr'>adeo</span> <span class='ocrx_word' id='word_1_297' title='bbox 1155 1573 1252 1603; x_wconf 80' lang='lat' dir='ltr'>hebes</span> <span class='ocrx_word' id='word_1_298' title='bbox 1270 1570 1395 1601; x_wconf 72' lang='lat' dir='ltr'>inveni-</span> 
     </span>
     <span class='ocr_line' id='line_1_31' title="bbox 64 1614 1395 1661; baseline -0.008 -4"><span class='ocrx_word' id='word_1_299' title='bbox 64 1628 154 1659; x_wconf 82' lang='lat' dir='ltr'>retur</span> <span class='ocrx_word' id='word_1_300' title='bbox 180 1627 215 1657; x_wconf 90' lang='lat' dir='ltr'>ut</span> <span class='ocrx_word' id='word_1_301' title='bbox 231 1626 392 1656; x_wconf 73' lang='lat' dir='ltr'>crederet?</span> <span class='ocrx_word' id='word_1_302' title='bbox 418 1626 473 1655; x_wconf 88' lang='lat' dir='ltr'>aut</span> <span class='ocrx_word' id='word_1_303' title='bbox 493 1633 511 1655; x_wconf 87' lang='lat' dir='ltr'>a</span> <span class='ocrx_word' id='word_1_304' title='bbox 537 1624 672 1654; x_wconf 89' lang='lat' dir='ltr'>muliere</span> <span class='ocrx_word' id='word_1_305' title='bbox 698 1624 851 1661; x_wconf 75' lang='lat' dir='ltr'>naufraga</span> <span class='ocrx_word' id='word_1_306' title='bbox 869 1622 1001 1652; x_wconf 90' lang='lat' dir='ltr'>missum</span> <span class='ocrx_word' id='word_1_307' title='bbox 1015 1629 1090 1651; x_wconf 87' lang='lat' dir='ltr'>cum</span> <span class='ocrx_word' id='word_1_308' title='bbox 1114 1619 1179 1650; x_wconf 88' lang='lat' dir='ltr'>telo</span> <span class='ocrx_word' id='word_1_309' title='bbox 1197 1627 1299 1649; x_wconf 88' lang='lat' dir='ltr'>unum</span> <span class='ocrx_word' id='word_1_310' title='bbox 1313 1642 1321 1654; x_wconf 89' lang='lat'><strong>‚</strong></span> <span class='ocrx_word' id='word_1_311' title='bbox 1340 1614 1395 1655; x_wconf 74' lang='lat' dir='ltr'>qui</span> 
     </span>
     <span class='ocr_line' id='line_1_32' title="bbox 63 1664 1393 1712; baseline -0.007 -8"><span class='ocrx_word' id='word_1_312' title='bbox 63 1674 213 1705; x_wconf 86' lang='lat' dir='ltr'>cobortes</span> <span class='ocrx_word' id='word_1_313' title='bbox 230 1674 261 1703; x_wconf 85' lang='lat' dir='ltr'>et</span> <span class='ocrx_word' id='word_1_314' title='bbox 276 1673 390 1703; x_wconf 83' lang='lat' dir='ltr'>classes</span> <span class='ocrx_word' id='word_1_315' title='bbox 416 1671 623 1712; x_wconf 88' lang='lat' dir='ltr'>Imperatoris</span> <span class='ocrx_word' id='word_1_316' title='bbox 639 1670 848 1710; x_wconf 79' lang='lat' dir='ltr'>perfringeret</span> <span class='ocrx_word' id='word_1_317' title='bbox 864 1669 899 1698; x_wconf 71' lang='lat'>⁵?</span> <span class='ocrx_word' id='word_1_318' title='bbox 917 1672 996 1707; x_wconf 78' lang='lat' dir='ltr'>Ergo</span> <span class='ocrx_word' id='word_1_319' title='bbox 1021 1667 1163 1707; x_wconf 85' lang='lat' dir='ltr'>nonjam</span> <span class='ocrx_word' id='word_1_320' title='bbox 1181 1670 1264 1697; x_wconf 64' lang='lat' dir='ltr'>Nero</span> <span class='ocrx_word' id='word_1_321' title='bbox 1278 1689 1286 1703; x_wconf 91' lang='lat'>‚</span> <span class='ocrx_word' id='word_1_322' title='bbox 1301 1664 1393 1701; x_wconf 83' lang='lat' dir='ltr'>cujus</span> 
     </span>
     <span class='ocr_line' id='line_1_33' title="bbox 65 1714 1396 1758; baseline -0.008 -7"><span class='ocrx_word' id='word_1_323' title='bbox 65 1721 250 1751; x_wconf 84' lang='lat' dir='ltr'>immanitas</span> <span class='ocrx_word' id='word_1_324' title='bbox 278 1721 424 1749; x_wconf 82' lang='lat' dir='ltr'>omnium</span> <span class='ocrx_word' id='word_1_325' title='bbox 442 1721 576 1758; x_wconf 82' lang='lat' dir='ltr'>questus</span> <span class='ocrx_word' id='word_1_326' title='bbox 599 1717 743 1749; x_wconf 80' lang='lat' dir='ltr'>anteibat</span> <span class='ocrx_word' id='word_1_327' title='bbox 755 1742 764 1755; x_wconf 94' lang='lat'>‚</span> <span class='ocrx_word' id='word_1_328' title='bbox 781 1716 837 1747; x_wconf 89' lang='lat' dir='ltr'>sed</span> <span class='ocrx_word' id='word_1_329' title='bbox 867 1715 1001 1747; x_wconf 85' lang='lat' dir='ltr'>adverso</span> <span class='ocrx_word' id='word_1_330' title='bbox 1019 1723 1149 1745; x_wconf 87' lang='lat' dir='ltr'>rumore</span> <span class='ocrx_word' id='word_1_331' title='bbox 1176 1717 1294 1745; x_wconf 84' lang='lat' dir='ltr'>Seneca</span> <span class='ocrx_word' id='word_1_332' title='bbox 1311 1714 1396 1749; x_wconf 74' lang='lat' dir='ltr'>erat,</span> 
     </span>
     <span class='ocr_line' id='line_1_34' title="bbox 66 1768 900 1812; baseline -0.006 -10"><span class='ocrx_word' id='word_1_333' title='bbox 66 1770 158 1812; x_wconf 75' lang='lat' dir='ltr'>quod</span> <span class='ocrx_word' id='word_1_334' title='bbox 177 1772 332 1801; x_wconf 80' lang='lat' dir='ltr'>oratione</span> <span class='ocrx_word' id='word_1_335' title='bbox 351 1770 415 1800; x_wconf 74' lang='lat' dir='ltr'>lali</span> <span class='ocrx_word' id='word_1_336' title='bbox 433 1768 677 1808; x_wconf 66' lang='lat' dir='ltr'>confessionem</span> <span class='ocrx_word' id='word_1_337' title='bbox 693 1769 900 1806; x_wconf 76' lang='lat' dir='ltr'>scripsisset.</span> 
     </span>
    </p>

    <p class='ocr_par' dir='ltr' id='par_1_5' title="bbox 67 1808 1404 2140">
     <span class='ocr_line' id='line_1_35' title="bbox 108 1808 1399 1854; baseline -0.008 -6"><span class='ocrx_word' id='word_1_338' title='bbox 108 1821 176 1850; x_wconf 83' lang='lat' dir='ltr'>XII.</span> <span class='ocrx_word' id='word_1_339' title='bbox 192 1817 273 1848; x_wconf 81' lang='lat' dir='ltr'>Miro</span> <span class='ocrx_word' id='word_1_340' title='bbox 288 1818 396 1847; x_wconf 87' lang='lat' dir='ltr'>tamen</span> <span class='ocrx_word' id='word_1_341' title='bbox 413 1816 586 1846; x_wconf 88' lang='lat' dir='ltr'>certamine</span> <span class='ocrx_word' id='word_1_342' title='bbox 601 1823 770 1854; x_wconf 81' lang='lat' dir='ltr'>procerum</span> <span class='ocrx_word' id='word_1_343' title='bbox 789 1813 1008 1844; x_wconf 86' lang='lat' dir='ltr'>decernuntur</span> <span class='ocrx_word' id='word_1_344' title='bbox 1021 1811 1289 1851; x_wconf 74' lang='lat' dir='ltr'>supplicationes</span> <span class='ocrx_word' id='word_1_345' title='bbox 1306 1808 1399 1848; x_wconf 75' lang='lat' dir='ltr'>apud</span> 
     </span>
     <span class='ocr_line' id='line_1_36' title="bbox 67 1854 1398 1904; baseline -0.009 -8"><span class='ocrx_word' id='word_1_346' title='bbox 67 1866 183 1897; x_wconf 73' lang='lat' dir='ltr'>omnia</span> <span class='ocrx_word' id='word_1_347' title='bbox 199 1862 432 1904; x_wconf 65' lang='lat' dir='ltr'>pulvinariw,</span> <span class='ocrx_word' id='word_1_348' title='bbox 449 1864 557 1901; x_wconf 77' lang='lat' dir='ltr'>utque</span> <span class='ocrx_word' id='word_1_349' title='bbox 573 1862 825 1901; x_wconf 76' lang='lat' dir='ltr'>Quinquatrus,</span> <span class='ocrx_word' id='word_1_350' title='bbox 842 1859 963 1899; x_wconf 79' lang='lat' dir='ltr'>quibus</span> <span class='ocrx_word' id='word_1_351' title='bbox 977 1859 1110 1898; x_wconf 82' lang='lat' dir='ltr'>apertae</span> <span class='ocrx_word' id='word_1_352' title='bbox 1124 1857 1235 1887; x_wconf 79' lang='lat' dir='ltr'>essent</span> <span class='ocrx_word' id='word_1_353' title='bbox 1253 1854 1398 1892; x_wconf 70' lang='lat' dir='ltr'>insidiae,</span> 
     </span>
     <span class='ocr_line' id='line_1_37' title="bbox 71 1902 1399 1946; baseline -0.008 -4"><span class='ocrx_word' id='word_1_354' title='bbox 71 1911 166 1943; x_wconf 70' lang='lat' dir='ltr'>ludis</span> <span class='ocrx_word' id='word_1_355' title='bbox 186 1911 313 1941; x_wconf 78' lang='lat' dir='ltr'>annw&#39;s</span> <span class='ocrx_word' id='word_1_356' title='bbox 329 1908 610 1946; x_wconf 57' lang='lat' dir='ltr'>celabo-arentum</span> <span class='ocrx_word' id='word_1_357' title='bbox 626 1915 774 1938; x_wconf 77' lang='lat' dir='ltr'>aureum</span> <span class='ocrx_word' id='word_1_358' title='bbox 790 1907 958 1937; x_wconf 69' lang='lat' dir='ltr'>Miner-vce</span> <span class='ocrx_word' id='word_1_359' title='bbox 981 1904 1211 1936; x_wconf 71' lang='lat' dir='ltr'>simulacrum</span> <span class='ocrx_word' id='word_1_360' title='bbox 1236 1904 1271 1932; x_wconf 72' lang='lat' dir='ltr'>in</span> <span class='ocrx_word' id='word_1_361' title='bbox 1300 1902 1399 1932; x_wconf 76' lang='lat' dir='ltr'>curia</span> 
     </span>
     <span class='ocr_line' id='line_1_38' title="bbox 68 1949 1401 1997; baseline -0.008 -8"><span class='ocrx_word' id='word_1_362' title='bbox 68 1960 102 1990; x_wconf 84' lang='lat' dir='ltr'>et</span> <span class='ocrx_word' id='word_1_363' title='bbox 108 1959 222 1997; x_wconf 59' lang='lat' dir='ltr'>juncta</span> <span class='ocrx_word' id='word_1_364' title='bbox 237 1957 408 1996; x_wconf 71' lang='lat' dir='ltr'>Principis</span> <span class='ocrx_word' id='word_1_365' title='bbox 431 1957 542 1995; x_wconf 75' lang='lat' dir='ltr'>imaqo</span> <span class='ocrx_word' id='word_1_366' title='bbox 563 1954 824 1991; x_wconf 77' lang='lat' dir='ltr'>statuerentur;</span> <span class='ocrx_word' id='word_1_367' title='bbox 843 1951 914 1983; x_wconf 61' lang='lat' dir='ltr'>dies</span> <span class='ocrx_word' id='word_1_368' title='bbox 937 1951 1069 1983; x_wconf 73' lang='lat' dir='ltr'>natalis</span> <span class='ocrx_word' id='word_1_369' title='bbox 1088 1950 1289 1990; x_wconf 67' lang='lat' dir='ltr'>Aqre‘ppinae</span> <span class='ocrx_word' id='word_1_370' title='bbox 1309 1949 1401 1979; x_wconf 72' lang='lat' dir='ltr'>inter</span> 
     </span>
     <span class='ocr_line' id='line_1_39' title="bbox 68 1997 1400 2046; baseline -0.008 -8"><span class='ocrx_word' id='word_1_371' title='bbox 68 2006 226 2046; x_wconf 81' lang='lat' dir='ltr'>nefastos</span> <span class='ocrx_word' id='word_1_372' title='bbox 250 2008 344 2038; x_wconf 76' lang='lat' dir='ltr'>esset.</span> <span class='ocrx_word' id='word_1_373' title='bbox 369 2006 508 2036; x_wconf 83' lang='lat' dir='ltr'>Thrasea</span> <span class='ocrx_word' id='word_1_374' title='bbox 524 2005 646 2041; x_wconf 84' lang='lat' dir='ltr'>Paetus,</span> <span class='ocrx_word' id='word_1_375' title='bbox 672 2001 801 2033; x_wconf 86' lang='lat' dir='ltr'>silentio</span> <span class='ocrx_word' id='word_1_376' title='bbox 817 2001 867 2031; x_wconf 83' lang='lat' dir='ltr'>vel</span> <span class='ocrx_word' id='word_1_377' title='bbox 888 2000 980 2032; x_wconf 86' lang='lat' dir='ltr'>brevi</span> <span class='ocrx_word' id='word_1_378' title='bbox 1002 2008 1135 2031; x_wconf 86' lang='lat' dir='ltr'>assensu</span> <span class='ocrx_word' id='word_1_379' title='bbox 1152 1998 1274 2038; x_wconf 86' lang='lat' dir='ltr'>priores</span> <span class='ocrx_word' id='word_1_380' title='bbox 1291 1997 1400 2028; x_wconf 85' lang='lat' dir='ltr'>adula-</span> 
     </span>
     <span class='ocr_line' id='line_1_40' title="bbox 67 2044 1400 2086; baseline -0.008 -2"><span class='ocrx_word' id='word_1_381' title='bbox 67 2053 174 2086; x_wconf 90' lang='lat' dir='ltr'>tiones</span> <span class='ocrx_word' id='word_1_382' title='bbox 191 2053 408 2084; x_wconf 84' lang='lat' dir='ltr'>transmittere</span> <span class='ocrx_word' id='word_1_383' title='bbox 438 2051 569 2086; x_wconf 86' lang='lat' dir='ltr'>solitus‚</span> <span class='ocrx_word' id='word_1_384' title='bbox 588 2049 668 2081; x_wconf 85' lang='lat' dir='ltr'>exiit</span> <span class='ocrx_word' id='word_1_385' title='bbox 690 2052 760 2080; x_wconf 89' lang='lat' dir='ltr'>tum</span> <span class='ocrx_word' id='word_1_386' title='bbox 790 2050 926 2086; x_wconf 79' lang='lat' dir='ltr'>senatu3</span> <span class='ocrx_word' id='word_1_387' title='bbox 946 2056 984 2079; x_wconf 91' lang='lat' dir='ltr'>ac</span> <span class='ocrx_word' id='word_1_388' title='bbox 1011 2046 1073 2078; x_wconf 90' lang='lat' dir='ltr'>sibi</span> <span class='ocrx_word' id='word_1_389' title='bbox 1104 2054 1233 2077; x_wconf 86' lang='lat' dir='ltr'>causam</span> <span class='ocrx_word' id='word_1_390' title='bbox 1264 2044 1400 2084; x_wconf 90' lang='lat' dir='ltr'>periculi</span> 
     </span>
     <span class='ocr_line' id='line_1_41' title="bbox 70 2091 1404 2140; baseline -0.009 -7"><span class='ocrx_word' id='word_1_391' title='bbox 70 2101 164 2140; x_wconf 77' lang='lat' dir='ltr'>fecit,</span> <span class='ocrx_word' id='word_1_392' title='bbox 180 2102 294 2133; x_wconf 86' lang='lat' dir='ltr'>ceteris</span> <span class='ocrx_word' id='word_1_393' title='bbox 309 2099 467 2131; x_wconf 84' lang='lat' dir='ltr'>libertatis</span> <span class='ocrx_word' id='word_1_394' title='bbox 491 2098 620 2129; x_wconf 88' lang='lat' dir='ltr'>initium</span> <span class='ocrx_word' id='word_1_395' title='bbox 646 2105 713 2127; x_wconf 89' lang='lat' dir='ltr'>non</span> <span class='ocrx_word' id='word_1_396' title='bbox 737 2094 887 2136; x_wconf 83' lang='lat' dir='ltr'>praebuit.</span> <span class='ocrx_word' id='word_1_397' title='bbox 912 2093 1060 2134; x_wconf 88' lang='lat' dir='ltr'>Prodigia</span> <span class='ocrx_word' id='word_1_398' title='bbox 1079 2100 1209 2134; x_wconf 91' lang='lat' dir='ltr'>quoque</span> <span class='ocrx_word' id='word_1_399' title='bbox 1232 2091 1344 2122; x_wconf 87' lang='lat' dir='ltr'>crebra</span> <span class='ocrx_word' id='word_1_400' title='bbox 1369 2091 1404 2121; x_wconf 84' lang='lat' dir='ltr'>et</span> 
     </span>
    </p>
   </div>
   <div class='ocr_carea' id='block_1_3' title="bbox 64 2175 1404 2462">
    <p class='ocr_par' dir='ltr' id='par_1_6' title="bbox 73 2175 1402 2322">
     <span class='ocr_line' id='line_1_42' title="bbox 100 2175 1398 2214; baseline -0.01 -4"><span class='ocrx_word' id='word_1_401' title='bbox 100 2186 144 2210; x_wconf 82' lang='lat' dir='ltr'>XI.</span> <span class='ocrx_word' id='word_1_402' title='bbox 160 2187 210 2209; x_wconf 88' lang='lat' dir='ltr'>Per</span> <span class='ocrx_word' id='word_1_403' title='bbox 220 2191 258 2214; x_wconf 89' lang='lat' dir='ltr'>se,</span> <span class='ocrx_word' id='word_1_404' title='bbox 270 2184 396 2208; x_wconf 87' lang='lat' dir='ltr'>manibus</span> <span class='ocrx_word' id='word_1_405' title='bbox 412 2183 463 2207; x_wconf 81' lang='lat' dir='ltr'>sibi</span> <span class='ocrx_word' id='word_1_406' title='bbox 484 2183 566 2206; x_wconf 81' lang='lat' dir='ltr'>illatis</span> <span class='ocrx_word' id='word_1_407' title='bbox 588 2182 704 2211; x_wconf 85' lang='lat' dir='ltr'>urgente</span> <span class='ocrx_word' id='word_1_408' title='bbox 723 2179 900 2206; x_wconf 71' lang='lat' dir='ltr'>conscientia,</span> <span class='ocrx_word' id='word_1_409' title='bbox 923 2176 1127 2208; x_wconf 81' lang='lat' dir='ltr'>quoniam‘filio</span> <span class='ocrx_word' id='word_1_410' title='bbox 1144 2180 1333 2206; x_wconf 84' lang='lat' dir='ltr'>percussorem</span> <span class='ocrx_word' id='word_1_411' title='bbox 1349 2175 1398 2199; x_wconf 87' lang='lat' dir='ltr'>im·</span> 
     </span>
     <span class='ocr_line' id='line_1_43' title="bbox 73 2210 1402 2248; baseline -0.01 -2"><span class='ocrx_word' id='word_1_412' title='bbox 73 2222 257 2246; x_wconf 58' lang='lat' dir='ltr'>misisset-2.</span> <span class='ocrx_word' id='word_1_413' title='bbox 269 2221 301 2244; x_wconf 90' lang='lat' dir='ltr'>V.</span> <span class='ocrx_word' id='word_1_414' title='bbox 313 2221 371 2248; x_wconf 76' lang='grc' dir='ltr'>ΧΠ,</span> <span class='ocrx_word' id='word_1_415' title='bbox 385 2224 480 2243; x_wconf 74' lang='lat'>⁴1.-5.</span> <span class='ocrx_word' id='word_1_416' title='bbox 492 2218 568 2243; x_wconf 78' lang='lat' dir='ltr'>Conr.</span> <span class='ocrx_word' id='word_1_417' title='bbox 582 2218 652 2245; x_wconf 77' lang='lat' dir='ltr'>XHl,</span> <span class='ocrx_word' id='word_1_418' title='bbox 665 2221 735 2240; x_wconf 66' lang='lat'>5.—-2</span> <span class='ocrx_word' id='word_1_419' title='bbox 743 2234 746 2237; x_wconf 66' lang='grc'>,</span> <span class='ocrx_word' id='word_1_420' title='bbox 755 2214 833 2244; x_wconf 82' lang='lat' dir='ltr'>Quod</span> <span class='ocrx_word' id='word_1_421' title='bbox 844 2214 950 2238; x_wconf 70' lang='lat' dir='ltr'>scilicet</span> <span class='ocrx_word' id='word_1_422' title='bbox 958 2213 1065 2243; x_wconf 79' lang='lat' dir='ltr'>placido</span> <span class='ocrx_word' id='word_1_423' title='bbox 1074 2213 1142 2236; x_wconf 84' lang='lat' dir='ltr'>mari</span> <span class='ocrx_word' id='word_1_424' title='bbox 1153 2213 1248 2236; x_wconf 83' lang='lat' dir='ltr'>mirum</span> <span class='ocrx_word' id='word_1_425' title='bbox 1256 2211 1283 2234; x_wconf 88' lang='lat' dir='ltr'>in</span> <span class='ocrx_word' id='word_1_426' title='bbox 1292 2210 1402 2235; x_wconf 76' lang='lat' dir='ltr'>modum</span> 
     </span>
     <span class='ocr_line' id='line_1_44' title="bbox 73 2246 1401 2286; baseline -0.007 -6"><span class='ocrx_word' id='word_1_427' title='bbox 73 2262 152 2286; x_wconf 82' lang='lat' dir='ltr'>passa</span> <span class='ocrx_word' id='word_1_428' title='bbox 163 2257 235 2280; x_wconf 88' lang='lat' dir='ltr'>esset</span> <span class='ocrx_word' id='word_1_429' title='bbox 247 2256 400 2285; x_wconf 76' lang='lat' dir='ltr'>Agrippina,</span> <span class='ocrx_word' id='word_1_430' title='bbox 412 2255 530 2278; x_wconf 78' lang='lat' dir='ltr'>Furtum</span> <span class='ocrx_word' id='word_1_431' title='bbox 541 2253 634 2282; x_wconf 71' lang='lat' dir='ltr'>popul-i</span> <span class='ocrx_word' id='word_1_432' title='bbox 644 2251 760 2276; x_wconf 67' lang='lat' dir='ltr'>Romani</span> <span class='ocrx_word' id='word_1_433' title='bbox 769 2251 807 2274; x_wconf 84' lang='lat' dir='ltr'>ita</span> <span class='ocrx_word' id='word_1_434' title='bbox 819 2247 1203 2280; x_wconf 64' lang='lat' dir='ltr'>parante..Sequnntia⁴Taeiti</span> <span class='ocrx_word' id='word_1_435' title='bbox 1212 2246 1286 2274; x_wconf 80' lang='lat' dir='ltr'>sunt,</span> <span class='ocrx_word' id='word_1_436' title='bbox 1301 2251 1355 2270; x_wconf 86' lang='lat' dir='ltr'>non</span> <span class='ocrx_word' id='word_1_437' title='bbox 1368 2252 1401 2271; x_wconf 82' lang='lat' dir='ltr'>ex</span> 
     </span>
     <span class='ocr_line' id='line_1_45' title="bbox 77 2288 749 2322; baseline -0.009 -6"><span class='ocrx_word' id='word_1_438' title='bbox 77 2291 256 2322; x_wconf 64' lang='lat' dir='ltr'>epistola—s.</span> <span class='ocrx_word' id='word_1_439' title='bbox 270 2292 299 2314; x_wconf 90' lang='lat' dir='ltr'>Vi</span> <span class='ocrx_word' id='word_1_440' title='bbox 313 2296 361 2314; x_wconf 87' lang='lat' dir='ltr'>sua</span> <span class='ocrx_word' id='word_1_441' title='bbox 372 2290 568 2320; x_wconf 76' lang='lat' dir='ltr'>perrumperet,</span> <span class='ocrx_word' id='word_1_442' title='bbox 579 2288 749 2318; x_wconf 84' lang='lat' dir='ltr'>penetraret.</span> 
     </span>
    </p>

    <p class='ocr_par' dir='ltr' id='par_1_7' title="bbox 103 2316 1402 2354">
     <span class='ocr_line' id='line_1_46' title="bbox 103 2316 1402 2354; baseline -0.008 -3"><span class='ocrx_word' id='word_1_443' title='bbox 103 2327 161 2352; x_wconf 76' lang='grc' dir='ltr'>ΧΠ,</span> <span class='ocrx_word' id='word_1_444' title='bbox 182 2332 205 2350; x_wconf 77' lang='grc' dir='ltr'>ι.</span> <span class='ocrx_word' id='word_1_445' title='bbox 219 2327 344 2350; x_wconf 82' lang='lat' dir='ltr'>Omnium</span> <span class='ocrx_word' id='word_1_446' title='bbox 354 2326 467 2349; x_wconf 89' lang='lat' dir='ltr'>deorum</span> <span class='ocrx_word' id='word_1_447' title='bbox 485 2324 645 2354; x_wconf 75' lang='lat' dir='ltr'>pulvinaria,</span> <span class='ocrx_word' id='word_1_448' title='bbox 655 2323 672 2346; x_wconf 81' lang='lat' dir='ltr'>i.</span> <span class='ocrx_word' id='word_1_449' title='bbox 684 2328 709 2346; x_wconf 83' lang='lat' dir='ltr'>e.</span> <span class='ocrx_word' id='word_1_450' title='bbox 723 2323 753 2346; x_wconf 84' lang='lat' dir='ltr'>ut</span> <span class='ocrx_word' id='word_1_451' title='bbox 763 2320 945 2351; x_wconf 77' lang='lat' dir='ltr'>supplicatum</span> <span class='ocrx_word' id='word_1_452' title='bbox 963 2320 1018 2345; x_wconf 77' lang='lat' dir='ltr'>iret</span> <span class='ocrx_word' id='word_1_453' title='bbox 1037 2318 1155 2350; x_wconf 83' lang='lat' dir='ltr'>populus</span> <span class='ocrx_word' id='word_1_454' title='bbox 1172 2317 1206 2341; x_wconf 89' lang='lat' dir='ltr'>ad</span> <span class='ocrx_word' id='word_1_455' title='bbox 1227 2316 1318 2341; x_wconf 86' lang='lat' dir='ltr'>omnia</span> <span class='ocrx_word' id='word_1_456' title='bbox 1332 2317 1402 2341; x_wconf 79' lang='lat' dir='ltr'>tem-</span> 
     </span>
    </p>

    <p class='ocr_par' dir='ltr' id='par_1_8' title="bbox 64 2351 1404 2462">
     <span class='ocr_line' id='line_1_47' title="bbox 64 2351 1400 2392; baseline -0.01 -5"><span class='ocrx_word' id='word_1_457' title='bbox 64 2362 128 2392; x_wconf 56' lang='lat' dir='ltr'>mla,</span> <span class='ocrx_word' id='word_1_458' title='bbox 142 2362 278 2391; x_wconf 15' lang='lat' dir='ltr'>iniquibus</span> <span class='ocrx_word' id='word_1_459' title='bbox 286 2361 463 2386; x_wconf 71' lang='lat' dir='ltr'>lectisternia</span> <span class='ocrx_word' id='word_1_460' title='bbox 475 2361 522 2384; x_wconf 80' lang='lat' dir='ltr'>aut</span> <span class='ocrx_word' id='word_1_461' title='bbox 530 2358 707 2384; x_wconf 79' lang='lat' dir='ltr'>sellisternia</span> <span class='ocrx_word' id='word_1_462' title='bbox 720 2357 832 2382; x_wconf 81' lang='lat' dir='ltr'>fierent:</span> <span class='ocrx_word' id='word_1_463' title='bbox 845 2356 1041 2381; x_wconf 66' lang='lat' dir='ltr'>sternebantur</span> <span class='ocrx_word' id='word_1_464' title='bbox 1051 2355 1123 2379; x_wconf 76' lang='lat' dir='ltr'>enim</span> <span class='ocrx_word' id='word_1_465' title='bbox 1135 2353 1199 2377; x_wconf 86' lang='lat' dir='ltr'>lecti</span> <span class='ocrx_word' id='word_1_466' title='bbox 1214 2352 1266 2376; x_wconf 86' lang='lat' dir='ltr'>diis</span> <span class='ocrx_word' id='word_1_467' title='bbox 1273 2351 1400 2379; x_wconf 78' lang='lat' dir='ltr'>maribus,</span> 
     </span>
     <span class='ocr_line' id='line_1_48' title="bbox 79 2386 1404 2422; baseline -0.008 -1"><span class='ocrx_word' id='word_1_468' title='bbox 79 2397 187 2422; x_wconf 79' lang='lat' dir='ltr'>teminis</span> <span class='ocrx_word' id='word_1_469' title='bbox 199 2397 273 2421; x_wconf 81' lang='lat' dir='ltr'>sellae</span> <span class='ocrx_word' id='word_1_470' title='bbox 289 2397 394 2420; x_wconf 86' lang='lat' dir='ltr'>circum</span> <span class='ocrx_word' id='word_1_471' title='bbox 405 2395 604 2420; x_wconf 78' lang='lat' dir='ltr'>araseamihus</span> <span class='ocrx_word' id='word_1_472' title='bbox 622 2394 796 2418; x_wconf 66' lang='lat' dir='ltr'>uictimarum</span> <span class='ocrx_word' id='word_1_473' title='bbox 811 2392 949 2420; x_wconf 78' lang='lat' dir='ltr'>oneratas,</span> <span class='ocrx_word' id='word_1_474' title='bbox 964 2392 1002 2415; x_wconf 91' lang='lat' dir='ltr'>et.</span> <span class='ocrx_word' id='word_1_475' title='bbox 1013 2388 1224 2420; x_wconf 77' lang='lat' dir='ltr'>imponebantur</span> <span class='ocrx_word' id='word_1_476' title='bbox 1242 2386 1296 2412; x_wconf 76' lang='lat' dir='ltr'>illis</span> <span class='ocrx_word' id='word_1_477' title='bbox 1308 2387 1404 2411; x_wconf 67' lang='lat' dir='ltr'>statuae</span> 
     </span>
     <span class='ocr_line' id='line_1_49' title="bbox 78 2433 502 2462; baseline -0.009 -3"><span class='ocrx_word' id='word_1_478' title='bbox 78 2433 193 2459; x_wconf 69' lang='lat' dir='ltr'>demun</span> <span class='ocrx_word' id='word_1_479' title='bbox 201 2434 339 2462; x_wconf 54' lang='lat' dir='ltr'>tanquam</span> <span class='ocrx_word' id='word_1_480' title='bbox 349 2433 502 2456; x_wconf 71' lang='lat' dir='ltr'>coenatunae..</span> 
     </span>
    </p>
   </div>
  </div>
 </body>
</html>
