1539 2668
154 210 214 241 412
517 213 648 243 TACITI
671 213 943 241 HISTORIARUM
967 214 1040 242 LIB.
1064 215 1103 243 V.

153 283 289 314 trahunt
306 292 314 313 ε
330 283 403 314 inde
422 283 508 315 nullo
524 285 658 324 juvante
675 284 781 316 influit
796 287 969 325 oneratque
981 310 990 325 ,
1008 285 1110 317 donec
1127 285 1307 317 abscindas.
1331 294 1391 318 nec
1409 286 1468 317 ab·

153 329 298 361 scindere
313 339 375 361 aere
397 330 521 361 ferrove
542 331 641 370 possis
657 341 665 362 ε
681 331 761 371 fugit
781 340 931 363 cruorem
945 335 1133 372 vestemque
1147 333 1297 364 infectam
1314 333 1468 373 sanguine

152 385 217 416 quo
241 376 370 407 feminae
395 386 594 416 permenses
619 378 844 409 exsolvuntur.
869 379 915 410 sic
938 381 1063 410 veteres
1087 380 1287 410 auctores¹⁰.
1305 379 1359 411 sed
1378 379 1469 419 gnari

152 422 298 453 locorum
312 423 446 454 tradunt
462 423 620 455 undantes
643 424 801 456 bitumine
825 426 925 457 moles
946 426 1020 466 pelli
1034 435 1197 466 manuque
1215 426 1298 457 trahi
1319 426 1358 458 ad
1372 427 1465 464 litus3

152 476 229 499 mox
239 493 247 507 ‚
262 470 316 500 uhi
331 479 449 509 vapore
463 472 556 501 terrae
568 494 577 510 ‚
592 471 624 501 vi
640 470 717 502 solis
734 472 928 511 inaruerint,
944 473 1113 504 securibus
1127 473 1299 513 cuneisque
1311 476 1347 504 ut
1363 473 1467 504 trabes

152 517 209 546 aut
224 525 301 547 saxa
318 517 467 547 discindi.

193 566 261 593 Vll.
286 563 380 594 Haud
401 564 511 604 procul
529 565 602 595 inde
615 565 740 605 campi¹
760 575 840 605 quos
857 566 962 597 ferunt
979 565 1054 596 olim
1072 566 1189 597 uberes
1207 566 1395 606 magnisque
1412 574 1468 596 ur-

151 608 246 640 bibus
264 610 426 641 habitatos
450 611 623 643 fulminum
644 612 735 651 jactu
755 614 891 651 arsisse;
915 615 946 644 et
964 621 1092 644 manere
1117 614 1266 653 vestigia,
1284 615 1469 652 terramque

151 655 274 695 ipsam,
292 657 398 696 specie
421 659 595 696 torridam,
619 660 687 690 vim
707 660 892 698 frugiferam
912 659 1100 699 perdidisse.
1122 669 1196 690 nam
1216 662 1334 691 cuncta
1355 661 1469 699 sponte

151 702 237 733 edita
252 706 308 734 aut
324 713 424 735 manu
439 708 508 736 sata
522 730 531 745 ‚
551 706 618 736 sive
632 706 730 737 herba
743 708 837 737 tenus
856 710 913 737 aut
933 707 1011 737 ssore
1024 706 1049 745 ²,
1066 716 1121 737 seu
1136 706 1265 738 solitam
1281 708 1313 737 in
1328 706 1469 746 speciem

151 748 319 781 adolevere
332 774 341 789 ,
365 754 436 783 atra
457 755 489 783 et
508 753 615 784 inania
632 753 723 784 velut
742 754 776 784 in
796 753 936 784 cinerem
953 756 1140 785 vanescunt.
1160 762 1216 793 ego
1236 754 1320 784 sicut
1341 753 1469 783 inclitas

148 796 315 835 quondam
333 798 427 829 urbes
443 800 514 838 igne
535 800 656 831 coelesti
674 800 823 840 flagrasse
839 801 1053 831 concesserim
1065 825 1073 839 ‚
1095 800 1139 830 ita
1162 800 1263 831 halitu
1279 801 1367 831 lacus
1384 799 1470 830 infici

150 845 285 883 terram,
305 846 469 885 corrumpi
486 847 691 886 superfusum
707 847 871 887 spiritum,
888 856 990 887 eoque
1004 847 1100 878 foetus
1117 850 1261 887 segetum
1278 849 1310 878 et
1323 846 1470 877 autumni

149 893 333 930 putrescere
352 901 445 932 reor,
470 894 539 924 solo
561 894 705 933 coeloque
719 895 812 934 juxta
828 894 928 934 gravi.
954 898 986 925 et
1006 894 1098 925 Belus
1119 894 1223 925 amnis
1240 898 1253 925 J
1259 894 1372 925 udaico
1390 893 1471 924 mari

149 936 310 976 illabitur-3
325 939 409 970 circa
422 940 514 978 cujus
528 949 563 971 os
574 941 667 972 lectae
680 950 785 972 arenae
797 941 941 972 admixto
955 941 1041 972 nitro
1052 941 1086 971 in
1096 941 1217 972 vitrum
1232 942 1467 980 excoquuntur.

149 984 314 1015 modicum
333 986 364 1016 id
385 986 476 1017 littus
490 987 516 1026 ³,
535 989 568 1018 et
584 988 785 1027 egerentibus
802 988 1042 1019 inexhaustum.

191 1034 275 1074 Vm·
302 1036 417 1072 Magna
432 1043 507 1073 pars
525 1034 644 1065 Judaeae
661 1034 740 1065 vicis
757 1035 950 1074 dispergitur
965 1045 973 1073 ;
991 1035 1110 1065 liabent
1127 1035 1159 1065 et
1175 1034 1301 1074 oppida.
1318 1033 1469 1065 Hieroso-

148 1075 234 1115 lyma
256 1079 342 1117 genti
367 1082 474 1119 caput.
504 1081 569 1111 illic
591 1081 755 1112 immensae
778 1082 951 1121 opulentiae
973 1081 1152 1120 templum,
1179 1085 1211 1111 et
1234 1081 1344 1120 primis
1365 1081 1469 1112 muni·

150 1124 267 1155 mentis
284 1125 289 1141 ¹
317 1126 395 1156 urbs
408 1150 416 1164 ,
441 1127 516 1158 dein
537 1128 642 1167 regia,
660 1128 819 1167 templum
836 1128 963 1158 intimis
977 1127 988 1144 ²
1008 1128 1167 1158 clausum.
1187 1127 1227 1157 ad
1244 1128 1327 1158 sores
1342 1128 1469 1158 tantum

148 1170 261 1201 Judaeo
287 1172 395 1203 aditus
411 1172 445 1210 ³3
471 1173 603 1212 limine,
628 1176 745 1213 praeter
769 1174 972 1212 sacerdotes,
996 1174 1198 1205 arcebantur.
1226 1173 1302 1204 dum
1323 1173 1469 1214 Assyrios

148 1224 246 1255 penes
262 1219 436 1258 Medosque
454 1223 486 1250 et
502 1224 614 1251 Persas
639 1221 754 1251 Oriens
779 1221 856 1260 suit,
882 1221 1122 1260 despectissima
1143 1229 1215 1259 pars
1234 1220 1443 1251 servientium
1461 1229 1468 1250 :

147 1263 322 1303 postquam
337 1266 527 1298 Macedones
543 1269 756 1307 praepotuere,
773 1276 827 1298 rex
844 1267 1022 1298 Antiochus
1035 1266 1045 1284 ’ὅ
1064 1266 1192 1298 demere
1206 1267 1468 1306 superstitionem

148 1311 180 1340 et
193 1318 298 1342 mores
313 1313 501 1344 Graecorum
519 1313 594 1345 dare
609 1315 738 1344 annisus
748 1338 756 1353 ‚
771 1314 945 1353 quominus
959 1315 1155 1345 teterrimam
1170 1315 1295 1354 gentem
1307 1314 1341 1345 in
1355 1314 1469 1346 melius

148 1358 312 1397 mutaret,
340 1361 529 1391 Parthorum
556 1361 639 1392 bello
664 1361 849 1400 prohibitus
876 1363 924 1392 est
944 1371 951 1391 z
969 1370 1044 1392 nam
1067 1371 1103 1392 ea
1125 1363 1314 1401 tempestate
1339 1364 1469 1392 Arsaces

148 1402 329 1436 desciverat
340 1406 365 1436 ⁵.
381 1409 451 1437 tum
465 1407 570 1438 Judoei
580 1431 588 1446 ,
604 1407 830 1439 Macedonibus
841 1408 852 1425 θ
871 1407 1018 1439 invalidis
1032 1433 1040 1447 ,
1055 1408 1181 1439 Parthis
1196 1407 1339 1438 nondum
1352 1408 1469 1439 adultis

148 1450 198 1487 (et
214 1453 351 1483 Romani
368 1454 482 1493 procul
500 1453 612 1492 erant)
632 1453 693 1484 sibi
710 1455 772 1494 ipsi
788 1463 876 1494 reges
893 1455 1091 1494 imposnere;
1108 1455 1164 1494 qui
1182 1454 1361 1486 mobilitate
1379 1455 1470 1494 vulgi

148 1498 275 1536 expulsi
289 1498 314 1537 ⁷,
336 1502 501 1540 resumpta
521 1510 577 1540 per
596 1510 684 1531 arma
697 1501 918 1532 dominatione
935 1503 1024 1542 sugas
1037 1502 1047 1518 ⁸
1066 1502 1205 1540 civium,
1227 1501 1358 1532 urbium
1381 1511 1469 1533 ever-

148 1543 273 1583 siones,
297 1546 431 1577 fratrum
446 1571 454 1584 ,
479 1549 672 1586 conjugum,
689 1552 859 1588 parentum
883 1558 977 1579 neces
1001 1549 1128 1588 aliaque
1143 1549 1238 1579 solita
1255 1548 1383 1587 regibus
1400 1549 1470 1579 ausi

148 1593 411 1630 superstitionem
437 1594 590 1625 fovebant
604 1618 612 1633 ,
637 1595 712 1634 quia
734 1595 836 1625 honor
859 1595 1030 1626 sacerdotii
1053 1595 1295 1626 firmamentum
1318 1595 1470 1634 potentiae

148 1639 385 1671 assumebatur.

190 1687 240 1715 ΙΧ.
257 1689 476 1716 Romanorum
491 1686 615 1726 primns
626 1690 740 1718 Gnaeus
754 1687 924 1727 Pompeius
937 1687 1065 1719 Judaeos
1079 1687 1216 1718 domuit¹
1226 1712 1234 1726 ,
1248 1688 1470 1728 templumque

147 1729 219 1768 jure
233 1731 380 1763 victoriae
396 1733 558 1771 ingressus
575 1736 634 1765 est.
653 1733 729 1765 inde
747 1735 913 1774 vulgatum
929 1735 1031 1766 nulla
1048 1736 1143 1765 intus
1160 1734 1263 1765 deum
1283 1734 1396 1774 cyfiyie
1412 1742 1471 1765 va-

148 1830 293 1853 rimentum
308 1829 423 1852 instituit
433 1829 628 1858 Vespasianus,
647 1829 753 1858 injectis
767 1830 794 1852 in
808 1835 868 1853 eum
881 1830 1034 1854 hominibus
1048 1831 1129 1854 nandi
1142 1831 1287 1859 imperitis,
1302 1837 1396 1856 manus
1409 1835 1470 1862 post

147 1866 224 1892 terga
241 1863 346 1886 vinetis.
359 1876 386 1879 —
400 1869 436 1887 ιο.
456 1865 489 1887 Ut
506 1864 658 1887 Herodotus
672 1870 678 1886 :
694 1870 843 1894 quanquam
855 1865 949 1888 similia
968 1867 1096 1895 repetunt
1108 1866 1239 1895 Josephus
1250 1868 1277 1890 et
1290 1866 1394 1890 Plinius.

177 1899 231 1922 vu.
251 1904 272 1921 ι.
285 1899 462 1922 Sodomorum
474 1900 502 1922 et
518 1899 688 1927 Gomorrhae;
705 1900 797 1923 Genes.
812 1901 888 1929 Xlx,
901 1901 1013 1930 Joseph.
1026 1902 1121 1931 Antiq.
1135 1901 1200 1925 Jud.
1217 1902 1258 1929 lv,
1270 1908 1344 1926 8.-2.
1356 1903 1417 1927 Non
1437 1904 1470 1928 ad

147 1933 254 1964 plenam
267 1934 449 1956 maturitatem
459 1935 650 1963 pervenientia,
663 1940 720 1964 quae
731 1937 771 1958 est
783 1935 869 1959 solita
880 1937 1044 1964 species-3.
1059 1936 1166 1965 Plinius,
1178 1937 1249 1960 Hist.
1265 1938 1334 1965 nat..
1349 1938 1468 1967 XXXVI,

146 1973 192 1992 26:
207 1977 220 1988 «
234 1968 448 1997 Quingentorum
468 1970 509 1992 est
527 1975 668 1999 passuum,
683 1975 737 1993 non
752 1970 879 1999 amplius,
894 1970 993 1994 littoris
1013 1972 1143 2000 spatium:
1163 1971 1244 2000 idque
1264 1973 1368 1995 tantum
1385 1973 1468 1996 multa
1517 1994 1518 1999 ,

146 2009 196 2032 per
207 2003 303 2026 saecula
316 2004 451 2032 gignendo
464 2004 514 2028 tuit
528 2005 607 2028 vitro.
624 2005 705 2028 Fama
720 2006 774 2033 est,
790 2005 901 2034 appulsa
915 2012 985 2029 nave
1000 2007 1180 2029 mercatorum
1197 2006 1274 2034 nitri,
1289 2012 1371 2035 quum
1384 2009 1470 2036 sparsi
1517 2020 1519 2025 ⁴

146 2043 196 2066 per
209 2037 285 2061 littus
301 2039 393 2067 epulas
411 2039 551 2068 pararent,
569 2045 620 2062 nec
638 2041 708 2063 esset
722 2041 833 2063 cortinis
848 2041 1004 2064 attollendis
1023 2041 1140 2070 lapidum
1159 2041 1282 2070 occasio,
1297 2041 1388 2070 glebas
1404 2043 1469 2065 nitrl

147 2076 162 2094 e
178 2078 247 2096 nave
265 2073 433 2097 subdidisse:
448 2075 543 2103 quibus
560 2075 682 2098 accensis
702 2076 835 2104 permixta
848 2081 929 2099 arena
949 2076 1047 2100 littoris
1065 2076 1262 2100 translucentes
1281 2077 1344 2100 novi
1357 2076 1468 2106 liquoris

147 2108 255 2131 fluxisse
266 2109 346 2136 τίνος,
360 2110 386 2132 et
399 2109 469 2133 hanc
484 2110 566 2133 fnisse
583 2110 713 2139 originem
730 2111 797 2133 vitri.
810 2120 825 2130 η

179 2143 249 2166 Vlll.
270 2149 289 2166 ι.
303 2144 389 2172 Quum
404 2145 490 2173 prima
505 2146 558 2168 sint.
571 2146 738 2168 munimenta
749 2164 755 2173 ,
771 2146 897 2170 nimirum
914 2153 929 2170 a
945 2147 1012 2170 mari
1034 2147 1154 2170 venienti
1173 2147 1200 2169 et
1214 2147 1354 2170 accedenti
1372 2147 1468 2171 Hiero-

147 2177 315 2206 solyma—2.
332 2180 372 2202 Sc.
389 2180 603 2203 niuninientis.—
611 2186 632 2203 s.
645 2180 723 2204 Cont.
738 2182 814 2204 Lucae
825 2181 924 2209 Evang.
939 2183 957 2209 1,
970 2187 1053 2205 ε-ιο,
1065 2194 1092 2197 -
1103 2186 1126 2204 4.
1140 2181 1298 2210 Epiphanes,
1311 2187 1333 2204 a.
1350 2187 1390 2206 rea
1403 2184 1468 2206 ante

147 2212 207 2236 Chr.
226 2214 325 2237 Verum
340 2215 466 2237 narratur
479 2215 554 2238 initio
567 2214 699 2238 librorum
714 2215 746 2238 de
758 2215 986 2240 Maccaboea's.—-s.
1001 2216 1130 2240 Contudit
1141 2216 1251 2239 Tacitus
1269 2222 1329 2239 cum
1344 2217 1395 2240 hoc
1409 2218 1467 2240 An-

147 2247 240 2271 tiocho
261 2250 357 2276 quarto
377 2250 525 2273 secundum
545 2250 708 2273 Antiochum
732 2252 893 2279 cognomine
907 2252 1005 2280 Deum,
1028 2252 1072 2280 qui
1090 2251 1141 2274 hoc
1160 2250 1260 2274 bellum
1283 2257 1343 2274 cum
1367 2253 1466 2275 Arsace

147 2282 306 2306 Parthorum
324 2285 422 2313 gessit,
445 2291 468 2308 a.
488 2290 531 2308 ⁴25ss
550 2286 615 2308 ante
628 2285 689 2309 Chr.
704 2286 856 2315 Epiphanes
875 2287 902 2309 in
923 2286 1073 2310 Armenios
1095 2285 1171 2309 duxit
1192 2288 1287 2310 contra
1309 2286 1465 2310 Artaaeiam

146 2322 254 2345 regem,
269 2324 348 2347 quem
361 2320 435 2343 vicit.
446 2333 474 2336 —
484 2325 505 2344 6.
528 2320 660 2344 Nimirum
674 2321 755 2350 Syriae
769 2321 885 2350 regibus,
902 2327 917 2344 a
931 2321 1042 2344 Seleuco
1059 2321 1238 2344 Macedonum
1252 2320 1301 2344 sub
1312 2320 1464 2344 Alexandro

148 2350 217 2374 duce
230 2354 358 2377 oriundis.
370 2360 430 2378 —7.
448 2355 477 2378 ln
493 2355 564 2379 bello
578 2355 649 2378 civili
668 2361 717 2385 per
732 2361 777 2379 sex
798 2361 883 2379 annos
906 2357 981 2385 gesto
1001 2356 1072 2378 inter
1084 2355 1190 2379 Judaeos
1211 2357 1238 2379 et
1258 2361 1351 2385 regem
1370 2360 1462 2379 eorum

149 2384 330 2411 Alexandrum
345 2389 492 2417 Jannaeurn,
508 2396 532 2413 a.
547 2395 588 2414 no
601 2391 663 2414 ante
677 2390 790 2414 ehu—a.
806 2390 910 2418 Exsilia,
926 2396 1012 2419 graece
1028 2385 1131 2426 φυγάς.

177 2420 222 2446 lx.
241 2426 262 2446 ι.
274 2423 352 2447 Anno
364 2424 392 2448 U.
404 2429 454 2453 osi,
469 2426 532 2448 ante
544 2425 604 2449 Chr.
616 2430 683 2450 ea—
694 2431 715 2449 ι».
732 2427 818 2455 Atque
833 2425 899 2449 adeo
912 2425 1022 2450 donaria
1036 2427 1062 2450 ct
1075 2427 1241 2455 ornamenta,
1257 2431 1316 2457 quzc
1329 2431 1383 2450 non
1398 2425 1459 2450 abs-

1515 2114 1523 2267 l

1509 2477 1514 2543 g

1508 2548 1513 2615 l
