1539 2668
482 199 518 228 Α.
543 199 581 229 U.
605 199 639 228 C.
665 199 737 228 822.
761 200 797 230 A.
822 200 858 230 C.
882 200 932 230 69.
1306 202 1366 233 273

48 275 153 304 terum
171 274 308 313 utraque
320 272 426 304 caedes
439 272 568 303 sinistre
584 272 716 311 accepta
731 284 737 300 :
752 274 782 305 et
795 273 900 305 inviso
916 273 1014 305 semel
1028 273 1175 313 Principe
1186 295 1196 310 ,
1216 283 1272 306 seu
1285 274 1367 308 hene

47 326 103 350 seu
128 320 212 351 male
232 319 315 352 sacta
338 321 497 360 premunt.
524 323 593 350 Jam
620 319 799 352 afferebant
822 320 945 352 venalia
967 323 1082 351 cuncta
1098 324 1308 361 praepotentes
1332 324 1369 356 li·

50 364 129 398 berti
142 366 172 407 2;
199 376 366 399 servorum
384 375 498 398 manus
517 366 631 398 subitis
646 366 657 384 ³
676 368 798 406 avidae,
816 370 849 400 et
864 370 1028 408 tamquam
1051 367 1135 408 apud
1160 377 1266 400 senem
1285 370 1370 402 sesti-

48 415 180 454 nantes3
196 415 371 456 eademque
384 423 476 447 novae
492 415 574 446 aulae
592 415 675 446 mala
689 440 697 455 ‚
728 425 823 456 aeque
840 417 968 456 gravia,
993 424 1057 446 non
1085 425 1179 456 aeque
1203 418 1367 449 excusata.

49 463 120 500 Ipsa
136 464 215 494 aetas
229 463 336 495 Galbae
350 463 457 494 irrisui
474 471 511 494 ac
528 462 654 493 fastidio
671 465 737 495 erat
749 464 885 495 assuetis
896 464 1038 504 juventae
1051 464 1198 503 Neronis,
1217 466 1250 495 et
1264 468 1369 505 Impe-

50 511 170 541 ratores
186 510 289 542 sorma
305 520 342 542 ac
360 511 473 542 decore
488 510 648 550 corporis,
664 513 701 542 ut
718 513 766 542 est
788 520 858 542 mos
876 510 977 551 vulgi,
994 511 1264 551 comparantibus.

89 560 172 589 VIII.
190 559 226 589 Et
249 559 300 589 bic
324 558 456 598 quidem
471 562 601 596 Romae,
621 561 774 598 tanquam
793 559 799 576 ¹
825 558 856 589 in
877 560 966 590 tanta
983 558 1209 598 multitudine,
1243 559 1371 591 babitus

51 605 237 636 animorum
256 605 329 636 suit.
347 614 364 636 e
380 605 557 646 provinciis
571 605 732 645 Hispaniae
748 608 881 645 praeerat
907 606 1037 637 Cluvius
1057 606 1177 645 Rufus,
1196 607 1245 637 vir
1264 606 1371 637 sacun-

49 651 109 683 dus
124 653 155 683 et
171 652 262 692 pacis
279 653 402 683 artibus
418 652 444 692 ²,
469 653 561 684 bellis
579 653 789 693 inexpertus;
814 653 939 692 Galliae,
970 662 1067 693 super
1091 654 1279 684 memoriam
1298 654 1372 684 vin-

48 698 129 730 dicis
145 698 171 738 ³‚
188 699 338 739 obligatae
352 700 476 731 recenti
495 699 580 731 dono
594 704 748 731 Romanae
765 700 907 731 civitatis
926 699 932 717 ⁵
954 700 1030 731 etin
1056 702 1230 740 posterum
1255 700 1371 732 tributi

48 747 238 778 levamento.
259 747 414 787 proximae
428 750 533 778 tamen
545 748 710 779 Germanis
725 747 917 778 exercitibus
929 747 939 764 ⁵
955 748 1128 779 Galliarum
1143 748 1290 779 civitates
1307 756 1371 778 non

49 794 163 825 eodem
188 794 309 825 bonore
336 794 478 834 habitae,
505 795 657 835 quaedam
689 795 786 825 etiam
816 794 934 825 finibus
963 794 1122 835 ademptis
1139 796 1150 812 ‘³
1170 796 1238 835 pari
1263 795 1372 827 dolore

48 841 218 872 commoda
236 841 337 873 aliena
354 850 391 873 ac
408 850 481 872 suas
503 841 635 880 injurias
656 842 884 872 metiebantur.
904 842 1055 873 Germani
1075 844 1235 873 exercitus
1252 867 1259 882 ‚
1283 842 1371 882 quod

49 887 367 926 periculosissimum
386 889 416 919 in
434 889 533 919 tantis
548 888 696 927 viribus,
722 888 849 918 solliciti
877 891 910 918 et
937 888 1030 918 irati:
1059 888 1209 928 superbia
1235 889 1371 922 recentis

49 933 192 965 victoriae
205 959 212 973 ‚
231 938 261 965 et
277 937 382 966 metus
396 938 562 975 tamquam
581 935 659 965 alias
679 934 687 951 ⁷
707 938 814 974 partes
837 935 1006 966 fovissent.
1025 935 1112 965 tarde
1135 945 1152 966 a
1171 941 1292 968 herone
1320 937 1371 969 de-

47 981 222 1022 sciverant3
237 991 296 1013 nec
311 983 418 1013 statim
435 992 492 1022 pro
504 982 603 1013 Galba
622 982 809 1021 Verginius:
826 991 865 1013 an
879 982 1037 1021 imperare
1051 982 1203 1014 voluisset
1215 984 1370 1023 (lubitum

48 1027 191 1060 delatum
209 1030 236 1061 ei
252 1040 268 1061 a
284 1030 384 1061 milite
401 1030 572 1071 imperium
595 1029 813 1060 conveniebat
830 1029 855 1060 ⁸.
881 1030 1051 1060 Fonteium
1075 1031 1263 1070 Capitonem
1289 1031 1372 1062 ocei-

48 1084 120 1107 sum
134 1101 142 1115 ,
155 1076 250 1108 etiam
266 1077 321 1117 qui
338 1077 430 1117 queri
445 1087 509 1108 non
526 1079 675 1117 poterant
687 1102 697 1114 ,
715 1081 831 1107 tamen
854 1076 1118 1116 indignabantur.
1146 1077 1210 1108 dux
1241 1079 1370 1117 deerat,

49 1122 189 1154 abducto
204 1124 352 1163 Verginio
367 1133 421 1164 per
447 1125 687 1155 simulationem
716 1124 888 1155 amicitiae:
916 1134 1011 1164 quem
1037 1133 1102 1155 non
1134 1126 1253 1156 remitti
1274 1128 1371 1166 atque

49 1170 146 1202 eliam
163 1179 255 1202 reum
272 1180 340 1202 esse
356 1173 522 1211 tamquam
540 1180 636 1202 suum
654 1171 775 1201 crimen
792 1171 1004 1210 accipiebant.

92 1221 144 1248 IX.
168 1218 321 1258 Superior
340 1219 345 1234 ¹
364 1218 526 1250 exereitus
540 1218 682 1257 legatum
707 1218 922 1248 Hordeonium
949 1218 1096 1249 Flaccum
1112 1219 1301 1258 spernebat,
1322 1229 1372 1253 se-

49 1266 142 1297 necta
160 1274 197 1296 ac
214 1266 380 1297 debilitate
394 1266 514 1306 pedum
531 1265 726 1303 invalidum,
743 1265 811 1296 siue
830 1266 1012 1297 constantia
1031 1291 1039 1305 ‚
1066 1266 1134 1297 sine
1157 1268 1346 1299 auctoritate
1362 1292 1371 1307 ‚

50 1321 89 1343 ne
103 1313 216 1353 quieto
239 1313 369 1353 quidem
392 1314 495 1344 milite
516 1312 657 1352 regimen
672 1311 706 1342 ²:
725 1312 804 1343 adeo
828 1313 970 1344 furentes
993 1312 1178 1344 infirmitate
1204 1315 1372 1347 retinentis

51 1360 135 1391 ultro
156 1360 426 1392 accendebantur.
449 1360 611 1391 inferioris
624 1360 803 1391 Germaniae
818 1360 957 1400 legiones
976 1361 1098 1391 diutius
1119 1361 1188 1391 siue
1209 1362 1371 1393 consulari

50 1406 156 1445 suere,
181 1407 286 1438 donec
311 1408 409 1438 missu
437 1407 548 1438 Galbae
576 1411 612 1437 A.
636 1406 788 1437 Vitellius
813 1407 941 1447 aderat,
968 1408 1111 1439 censoris
1130 1408 1248 1439 xiiollii
1273 1418 1310 1439 ac
1325 1413 1371 1440 ter

50 1454 193 1486 consulis
210 1454 293 1485 filius
312 1455 364 1485 :id
382 1454 461 1485 satis
476 1454 651 1485 videbatur
665 1453 689 1484 ³.
715 1454 747 1484 in
772 1454 955 1485 Britannico
972 1455 1112 1486 exercitu
1136 1456 1212 1487 nibil
1230 1456 1369 1487 irarum:

48 1509 114 1533 non
128 1510 204 1534 sane
223 1502 296 1533 aliae
318 1502 460 1542 legiones
480 1510 536 1541 per
551 1509 664 1532 omnes
685 1500 829 1531 civilium
857 1501 1013 1532 bellorum
1042 1505 1148 1533 motus
1171 1503 1371 1534 innocentius

49 1550 202 1588 egerunt,
219 1558 274 1580 seu
288 1549 364 1589 quia
384 1549 495 1589 procul
520 1551 552 1579 et
575 1552 704 1579 Oceano
732 1548 867 1588 divisae,
894 1558 949 1579 seu
977 1548 1095 1580 crebris
1112 1550 1371 1589 expeditionibus

49 1593 154 1627 doctae
171 1596 297 1627 hostem
319 1596 428 1636 potius
443 1596 561 1626 odisse.
588 1595 681 1635 quies
704 1598 735 1625 et
752 1595 878 1635 Illyrico
891 1619 899 1634 ‚
918 1605 1115 1635 quamquam
1143 1598 1256 1629 excitae
1276 1608 1294 1628 a
1313 1602 1372 1629 Ne-

49 1650 126 1674 rone
139 1642 279 1683 legiones
291 1667 299 1681 ,
315 1644 392 1675 dum
405 1643 437 1673 in
454 1642 545 1674 ltalia
560 1645 770 1682 cunctantur,
786 1643 971 1682 Verginium
990 1643 1203 1682 legationibus
1217 1645 1368 1677 adissent.

49 1689 106 1720 sed
128 1690 229 1730 longis
258 1690 372 1731 spatiis
395 1690 527 1721 discreti
552 1690 730 1728 exercitus,
758 1690 847 1730 quod
867 1690 1115 1721 saluberrimum
1133 1694 1182 1722 est
1203 1692 1242 1723 ad
1267 1693 1370 1725 conti-

52 1736 193 1768 nendam
217 1738 391 1769 militarem
407 1737 503 1768 tidem
515 1762 522 1776 ,
539 1746 598 1768 nec
616 1737 704 1768 vitiis
718 1747 777 1769 nec
791 1737 915 1768 viribus
930 1738 1161 1769 miscebantur.

90 1787 127 1815 X.
172 1784 287 1815 Oriens
317 1784 423 1815 adbuc
447 1785 614 1815 immotus.
644 1785 767 1821 Syriam
796 1787 828 1816 et
855 1787 1009 1824 quattuor
1036 1785 1175 1825 legiones
1203 1787 1371 1820 obtinebat

50 1830 189 1862 Licinius
201 1831 370 1862 Mucianus
381 1856 388 1870 ‚
406 1831 457 1861 vir
471 1832 621 1862 secundis
635 1832 841 1872 adxersisque
853 1834 945 1870 juxta
962 1833 1112 1863 famosus.
1129 1833 1269 1873 insigni-s
1291 1835 1368 1865 ami-

0 1893 1 1896 =
50 1877 140 1908 citias
155 1878 280 1917 juvenis
296 1878 467 1909 ambitiose
482 1879 647 1916 coluerat;
664 1887 738 1908 mox
759 1878 878 1909 attritis
901 1878 1016 1918 opibus
1038 1878 1161 1909 lubrico
1176 1882 1262 1911 statu
1277 1904 1286 1919 ‚
1316 1889 1368 1911 su-

49 1926 158 1964 specta
172 1925 177 1941 ¹
196 1925 291 1955 etiam
307 1924 433 1956 Claudii
449 1924 617 1955 iracundia
629 1949 638 1963 ,
655 1924 686 1954 in
707 1926 866 1956 secretum
883 1925 965 1956 Asiae
982 1925 992 1942 '¹
1008 1926 1166 1965 repositus
1182 1928 1246 1957 tam
1270 1936 1369 1968 prope

49 1970 90 2001 ab
104 1971 214 2002 exsule
230 1972 291 2003 fuit.
303 1980 399 2012 quam
425 1974 537 2012 postea
557 1980 575 2002 a
598 1971 746 2011 Principe
763 1972 786 2001 ³.
817 1972 946 2002 luxuria
960 1997 968 2011 ‚
991 1971 1165 2011 industria,
1191 1975 1342 2005 comitate
1357 1999 1366 2014 ,

49 2018 232 2058 arrogantia
244 2043 253 2057 ,
285 2019 378 2050 malis
405 2019 564 2059 bonisque
588 2019 712 2050 artibus
741 2019 876 2050 mixtus.
898 2018 1009 2050 nimiae
1037 2019 1219 2059 voluptates
1231 2045 1239 2059 ‚
1268 2031 1366 2061 quum

49 2093 176 2123 Hispania
190 2095 299 2118 Romam
314 2094 500 2118 advenientes.
512 2107 538 2110 —
549 2099 574 2118 z.
595 2094 635 2117 Ad
649 2093 750 2122 subIta,
763 2093 853 2118 subito
868 2095 895 2118 et
909 2094 1045 2123 insperate
1058 2093 1147 2118 allata.

79 2131 145 2161 vin,
164 2137 186 2155 ι.
205 2133 317 2162 Utpote.
332 2133 361 2156 ut
375 2134 586 2156 consentaneum
602 2134 669 2156 erat.
691 2145 718 2149 —
729 2137 752 2156 2.
769 2132 909 2156 Ablativus
922 2131 1069 2161 qualitatis.
1082 2145 1106 2148 —
1118 2138 1139 2155 s.
1153 2132 1216 2156 Vide
1236 2134 1292 2157 not.
1304 2138 1318 2157 9
1332 2135 1365 2159 ad

50 2172 74 2191 c.
91 2167 196 2191 Vl.-⁴.
211 2168 295 2197 Quam
317 2167 401 2194 Galba
415 2168 476 2197 ipsis
490 2169 664 2192 concesserat
677 2173 738 2192 cum
759 2167 917 2191 remissione
934 2169 1036 2197 quartae
1054 2168 1136 2197 partis
1153 2167 1326 2193 tributorum.
1338 2182 1366 2187 —

49 2206 72 2225 5.
89 2201 139 2231 Qui
151 2203 245 2226 contra
259 2202 396 2226 Vindicem
410 2203 526 2227 feliciter
539 2205 734 2233 pugnaverant.
745 2215 775 2219 -
785 2207 807 2226 s.
820 2202 927 2226 Finibus
940 2203 1064 2232 adempta
1079 2203 1195 2232 regionis
1212 2205 1288 2232 parte
1300 2210 1364 2228 con-

50 2236 207 2261 tractis-⁷.
221 2238 355 2267 Diversas,
368 2238 477 2262 hostiles
490 2239 643 2262 Gatbae—a.
657 2239 698 2263 Sc.
713 2239 784 2262 inter
797 2243 844 2261 eos
857 2238 901 2266 qui
914 2238 962 2261 has
975 2244 1018 2262 res
1036 2238 1171 2262 meinoriae
1188 2238 1362 2265 mandabant.

50 2270 90 2294 De
103 2271 228 2302 Verginio
241 2273 461 2302 praestantissimo
475 2274 531 2297 viro
543 2273 672 2303 tegendus
684 2273 797 2302 Plinius,
817 2272 906 2302 Epist.
921 2273 942 2297 11
952 2292 959 2301 ,
975 2279 1000 2302 ι;
1014 2273 1047 2296 Vl
1057 2292 1063 2303 ,
1077 2278 1112 2297 ιο.

79 2305 124 2330 lx.
142 2311 163 2330 ι.
174 2308 324 2337 Superioris
334 2309 496 2336 Germanum
507 2315 533 2332 v.
550 2310 624 2333 Ann.
636 2309 654 2337 l,
666 2313 758 2332 ,τι-2.
772 2309 813 2332 Sc.
835 2310 894 2332 erat
907 2316 912 2337 ;
925 2309 1081 2339 regebatur.
1094 2309 1180 2336 Adeo,
1195 2310 1280 2334 multo
1297 2316 1363 2336 con-

50 2343 101 2373 gis.
113 2357 143 2362 —
158 2349 181 2369 ⁵.
196 2345 326 2370 Nimirum
347 2347 497 2371 consularis
510 2347 580 2371 tilius
598 2353 648 2377 pro
663 2346 817 2375 consulam
834 2347 964 2377 majorem
984 2347 1117 2372 honorem
1134 2347 1264 2372 militibus
1283 2349 1316 2374 ab
1333 2356 1363 2375 se

50 2377 175 2404 alienatis
188 2379 307 2404 tribuere
320 2381 430 2406 nolebat
442 2382 535 2407 Galba.

80 2414 113 2437 Χ.
129 2420 150 2439 ι.
162 2415 249 2445 Quum
266 2421 314 2446 per
328 2417 508 2446 suspicionem
524 2420 742 2447 praesumeretur.
756 2432 784 2435 —
796 2423 819 2443 2.
836 2419 871 2443 Ut
886 2420 961 2444 Arm⁴
978 2419 1046 2448 XIV,
1060 2424 1089 2443 53
1099 2418 1199 2443 dicitur
1211 2419 1363 2450 Mytilense

49 2451 197 2475 secretum.
213 2450 243 2475 In
257 2451 364 2481 Lyciam
376 2452 484 2478 videtur
496 2454 655 2479 amandatus
671 2454 753 2479 fuisse
775 2453 920 2485 legationis
937 2454 1084 2485 specie-2
1109 2454 1148 2478 De
1162 2461 1214 2484 qua
1227 2461 1257 2483 re
1271 2454 1362 2480 multi:

1141 2499 1190 2529 12.
