<?xml version="1.0" encoding="UTF-8"?>
<!DOCTYPE html PUBLIC "-//W3C//DTD XHTML 1.0 Transitional//EN"
    "http://www.w3.org/TR/xhtml1/DTD/xhtml1-transitional.dtd">
<html xmlns="http://www.w3.org/1999/xhtml" xml:lang="en" lang="en">
 <head>
  <title>
</title>
<meta http-equiv="Content-Type" content="text/html;charset=utf-8" />
  <meta name='ocr-system' content='tesseract 3.04.00' />
  <meta name='ocr-capabilities' content='ocr_page ocr_carea ocr_par ocr_line ocrx_word'/>
</head>
<body>
  <div class='ocr_page' id='page_1' title='image "./operaquaesupersu00taciuoft_0478.png"; bbox 0 0 1539 2668; ppageno 0'>
   <div class='ocr_carea' id='block_1_1' title="bbox 96 144 948 180">
    <p class='ocr_par' dir='ltr' id='par_1_1' title="bbox 96 144 948 180">
     <span class='ocr_line' id='line_1_1' title="bbox 96 144 948 180; baseline -0.011 0"><span class='ocrx_word' id='word_1_1' title='bbox 96 150 155 180; x_wconf 76' lang='lat'><strong>446</strong></span> <span class='ocrx_word' id='word_1_2' title='bbox 552 147 587 175; x_wconf 91' lang='lat' dir='ltr'><strong>C.</strong></span> <span class='ocrx_word' id='word_1_3' title='bbox 610 145 794 175; x_wconf 84' lang='lat' dir='ltr'><strong>CORNELII</strong></span> <span class='ocrx_word' id='word_1_4' title='bbox 817 144 948 173; x_wconf 83' lang='lat' dir='ltr'>TACITI</span> 
     </span>
    </p>
   </div>
   <div class='ocr_carea' id='block_1_2' title="bbox 93 213 1429 1905">
    <p class='ocr_par' dir='ltr' id='par_1_2' title="bbox 93 213 1429 964">
     <span class='ocr_line' id='line_1_2' title="bbox 96 213 1429 259; baseline -0.005 -7"><span class='ocrx_word' id='word_1_5' title='bbox 96 221 132 252; x_wconf 90' lang='lat' dir='ltr'><strong>ut</strong></span> <span class='ocrx_word' id='word_1_6' title='bbox 147 219 260 251; x_wconf 91' lang='lat' dir='ltr'><strong>eodem</strong></span> <span class='ocrx_word' id='word_1_7' title='bbox 274 219 356 258; x_wconf 85' lang='lat' dir='ltr'><strong>telo,</strong></span> <span class='ocrx_word' id='word_1_8' title='bbox 378 219 475 259; x_wconf 88' lang='lat' dir='ltr'><strong>prout</strong></span> <span class='ocrx_word' id='word_1_9' title='bbox 492 218 573 249; x_wconf 81' lang='lat' dir='ltr'><strong>ratio</strong></span> <span class='ocrx_word' id='word_1_10' title='bbox 591 216 715 257; x_wconf 80' lang='lat' dir='ltr'><strong>poscit,</strong></span> <span class='ocrx_word' id='word_1_11' title='bbox 735 215 785 246; x_wconf 92' lang='lat' dir='ltr'><strong>vel</strong></span> <span class='ocrx_word' id='word_1_12' title='bbox 804 214 972 254; x_wconf 87' lang='lat' dir='ltr'><strong>cominus,</strong></span> <span class='ocrx_word' id='word_1_13' title='bbox 992 213 1043 245; x_wconf 85' lang='lat' dir='ltr'><strong>vel</strong></span> <span class='ocrx_word' id='word_1_14' title='bbox 1063 213 1192 245; x_wconf 88' lang='lat' dir='ltr'><strong>eminus</strong></span> <span class='ocrx_word' id='word_1_15' title='bbox 1212 214 1368 253; x_wconf 82' lang='lat' dir='ltr'>pugnent.</span> <span class='ocrx_word' id='word_1_16' title='bbox 1385 215 1429 246; x_wconf 84' lang='lat' dir='ltr'><strong>et·</strong></span> 
     </span>
     <span class='ocr_line' id='line_1_3' title="bbox 94 260 1417 307; baseline -0.005 -9"><span class='ocrx_word' id='word_1_17' title='bbox 94 276 191 307; x_wconf 82' lang='lat' dir='ltr'><strong>eques</strong></span> <span class='ocrx_word' id='word_1_18' title='bbox 205 266 333 306; x_wconf 88' lang='lat' dir='ltr'><strong>quidem</strong></span> <span class='ocrx_word' id='word_1_19' title='bbox 345 268 437 297; x_wconf 83' lang='lat' dir='ltr'><strong>scuto</strong></span> <span class='ocrx_word' id='word_1_20' title='bbox 453 267 636 304; x_wconf 68' lang='lat' dir='ltr'><strong>frameaque</strong></span> <span class='ocrx_word' id='word_1_21' title='bbox 651 265 821 293; x_wconf 70' lang='lat' dir='ltr'><strong>coni-entus</strong></span> <span class='ocrx_word' id='word_1_22' title='bbox 835 263 883 293; x_wconf 86' lang='lat' dir='ltr'><strong>est</strong></span> <span class='ocrx_word' id='word_1_23' title='bbox 896 273 904 301; x_wconf 90' lang='lat'>;</span> <span class='ocrx_word' id='word_1_24' title='bbox 920 261 1043 302; x_wconf 81' lang='lat' dir='ltr'>pedites</span> <span class='ocrx_word' id='word_1_25' title='bbox 1056 262 1088 292; x_wconf 91' lang='lat' dir='ltr'><strong>et</strong></span> <span class='ocrx_word' id='word_1_26' title='bbox 1104 260 1237 291; x_wconf 81' lang='lat' dir='ltr'><strong>missilia</strong></span> <span class='ocrx_word' id='word_1_27' title='bbox 1250 260 1417 300; x_wconf 81' lang='lat' dir='ltr'><strong>spargunt,</strong></span> 
     </span>
     <span class='ocr_line' id='line_1_4' title="bbox 94 306 1419 353; baseline -0.005 -9"><span class='ocrx_word' id='word_1_28' title='bbox 94 313 184 353; x_wconf 86' lang='lat' dir='ltr'><strong>plura</strong></span> <span class='ocrx_word' id='word_1_29' title='bbox 204 313 343 352; x_wconf 82' lang='lat' dir='ltr'><strong>singuli,</strong></span> <span class='ocrx_word' id='word_1_30' title='bbox 358 315 455 352; x_wconf 89' lang='lat' dir='ltr'><strong>atque</strong></span> <span class='ocrx_word' id='word_1_31' title='bbox 470 313 502 343; x_wconf 93' lang='lat' dir='ltr'><strong>in</strong></span> <span class='ocrx_word' id='word_1_32' title='bbox 518 313 714 342; x_wconf 81' lang='lat' dir='ltr'><strong>immensum</strong></span> <span class='ocrx_word' id='word_1_33' title='bbox 730 309 857 340; x_wconf 82' lang='lat' dir='ltr'><strong>vibrant</strong></span> <span class='ocrx_word' id='word_1_34' title='bbox 877 308 956 339; x_wconf 91' lang='lat' dir='ltr'><strong>nudi</strong></span> <span class='ocrx_word' id='word_1_35' title='bbox 970 307 981 325; x_wconf 82' lang='lat'><strong>³</strong></span> <span class='ocrx_word' id='word_1_36' title='bbox 1005 310 1060 339; x_wconf 91' lang='lat' dir='ltr'><strong>aut</strong></span> <span class='ocrx_word' id='word_1_37' title='bbox 1081 307 1190 347; x_wconf 80' lang='lat' dir='ltr'><strong>sagulo</strong></span> <span class='ocrx_word' id='word_1_38' title='bbox 1214 307 1310 338; x_wconf 78' lang='lat' dir='ltr'><strong>leveS.</strong></span> <span class='ocrx_word' id='word_1_39' title='bbox 1331 306 1419 338; x_wconf 87' lang='lat' dir='ltr'><strong>nulla</strong></span> 
     </span>
     <span class='ocr_line' id='line_1_5' title="bbox 94 353 1420 399; baseline -0.006 -7"><span class='ocrx_word' id='word_1_40' title='bbox 94 361 200 392; x_wconf 87' lang='lat' dir='ltr'><strong>cultus</strong></span> <span class='ocrx_word' id='word_1_41' title='bbox 221 360 375 399; x_wconf 87' lang='lat' dir='ltr'><strong>jactatio,</strong></span> <span class='ocrx_word' id='word_1_42' title='bbox 401 363 493 391; x_wconf 87' lang='lat' dir='ltr'><strong>scuta</strong></span> <span class='ocrx_word' id='word_1_43' title='bbox 517 360 643 390; x_wconf 84' lang='lat' dir='ltr'><strong>tantum</strong></span> <span class='ocrx_word' id='word_1_44' title='bbox 671 357 855 388; x_wconf 79' lang='lat' dir='ltr'><strong>lectissimis</strong></span> <span class='ocrx_word' id='word_1_45' title='bbox 880 355 1040 387; x_wconf 90' lang='lat' dir='ltr'><strong>coloribus</strong></span> <span class='ocrx_word' id='word_1_46' title='bbox 1060 355 1285 395; x_wconf 82' lang='lat' dir='ltr'><strong>distinguunt3</strong></span> <span class='ocrx_word' id='word_1_47' title='bbox 1308 353 1420 393; x_wconf 87' lang='lat' dir='ltr'><strong>paucis</strong></span> 
     </span>
     <span class='ocr_line' id='line_1_6' title="bbox 94 400 1420 445; baseline -0.005 -7"><span class='ocrx_word' id='word_1_48' title='bbox 94 407 203 438; x_wconf 80' lang='lat' dir='ltr'><strong>loricae</strong></span> <span class='ocrx_word' id='word_1_49' title='bbox 216 430 225 445; x_wconf 84' lang='lat'>‚</span> <span class='ocrx_word' id='word_1_50' title='bbox 244 407 297 437; x_wconf 64' lang='lat' dir='ltr'><strong>vix</strong></span> <span class='ocrx_word' id='word_1_51' title='bbox 313 407 368 438; x_wconf 91' lang='lat' dir='ltr'><strong>uni</strong></span> <span class='ocrx_word' id='word_1_52' title='bbox 385 407 519 438; x_wconf 86' lang='lat' dir='ltr'><strong>alterive</strong></span> <span class='ocrx_word' id='word_1_53' title='bbox 533 406 632 437; x_wconf 87' lang='lat' dir='ltr'><strong>cassis</strong></span> <span class='ocrx_word' id='word_1_54' title='bbox 646 407 702 435; x_wconf 89' lang='lat' dir='ltr'><strong>aut</strong></span> <span class='ocrx_word' id='word_1_55' title='bbox 716 405 803 444; x_wconf 81' lang='lat' dir='ltr'><strong>galea</strong></span> <span class='ocrx_word' id='word_1_56' title='bbox 815 403 840 434; x_wconf 75' lang='lat'><strong>⁴.</strong></span> <span class='ocrx_word' id='word_1_57' title='bbox 856 403 930 443; x_wconf 88' lang='lat' dir='ltr'><strong>equi</strong></span> <span class='ocrx_word' id='word_1_58' title='bbox 947 412 1011 434; x_wconf 90' lang='lat' dir='ltr'><strong>non</strong></span> <span class='ocrx_word' id='word_1_59' title='bbox 1028 403 1150 441; x_wconf 86' lang='lat' dir='ltr'><strong>forma,</strong></span> <span class='ocrx_word' id='word_1_60' title='bbox 1167 410 1231 432; x_wconf 88' lang='lat' dir='ltr'><strong>non</strong></span> <span class='ocrx_word' id='word_1_61' title='bbox 1248 400 1420 432; x_wconf 87' lang='lat' dir='ltr'><strong>velocitate</strong></span> 
     </span>
     <span class='ocr_line' id='line_1_7' title="bbox 93 448 1419 494; baseline -0.005 -10"><span class='ocrx_word' id='word_1_62' title='bbox 93 454 263 494; x_wconf 80' lang='lat' dir='ltr'><strong>conspicui</strong></span> <span class='ocrx_word' id='word_1_63' title='bbox 277 465 285 492; x_wconf 89' lang='lat'>;</span> <span class='ocrx_word' id='word_1_64' title='bbox 303 453 358 485; x_wconf 86' lang='lat' dir='ltr'><strong>sed</strong></span> <span class='ocrx_word' id='word_1_65' title='bbox 375 462 434 485; x_wconf 88' lang='lat' dir='ltr'><strong>nec</strong></span> <span class='ocrx_word' id='word_1_66' title='bbox 449 453 574 484; x_wconf 87' lang='lat' dir='ltr'><strong>variare</strong></span> <span class='ocrx_word' id='word_1_67' title='bbox 590 461 684 492; x_wconf 77' lang='lat' dir='ltr'><strong>gyros</strong></span> <span class='ocrx_word' id='word_1_68' title='bbox 697 452 729 482; x_wconf 94' lang='lat' dir='ltr'><strong>in</strong></span> <span class='ocrx_word' id='word_1_69' title='bbox 746 460 869 482; x_wconf 88' lang='lat' dir='ltr'><strong>morem</strong></span> <span class='ocrx_word' id='word_1_70' title='bbox 887 452 1034 481; x_wconf 86' lang='lat' dir='ltr'><strong>nostrum</strong></span> <span class='ocrx_word' id='word_1_71' title='bbox 1051 449 1207 480; x_wconf 84' lang='lat' dir='ltr'>docentur</span> <span class='ocrx_word' id='word_1_72' title='bbox 1222 458 1229 479; x_wconf 88' lang='lat'>:</span> <span class='ocrx_word' id='word_1_73' title='bbox 1245 448 1278 478; x_wconf 92' lang='lat' dir='ltr'><strong>in</strong></span> <span class='ocrx_word' id='word_1_74' title='bbox 1295 450 1419 479; x_wconf 87' lang='lat' dir='ltr'><strong>rectum</strong></span> 
     </span>
     <span class='ocr_line' id='line_1_8' title="bbox 94 493 1416 539; baseline -0.005 -7"><span class='ocrx_word' id='word_1_75' title='bbox 94 503 150 532; x_wconf 83' lang='lat' dir='ltr'><strong>aut</strong></span> <span class='ocrx_word' id='word_1_76' title='bbox 167 510 232 531; x_wconf 92' lang='lat' dir='ltr'><strong>uno</strong></span> <span class='ocrx_word' id='word_1_77' title='bbox 250 500 336 531; x_wconf 79' lang='lat' dir='ltr'><strong>flexu</strong></span> <span class='ocrx_word' id='word_1_78' title='bbox 357 501 487 531; x_wconf 79' lang='lat' dir='ltr'><strong>dextros</strong></span> <span class='ocrx_word' id='word_1_79' title='bbox 507 502 606 539; x_wconf 86' lang='lat' dir='ltr'><strong>agunt</strong></span> <span class='ocrx_word' id='word_1_80' title='bbox 624 499 669 530; x_wconf 87' lang='lat' dir='ltr'><strong>ita</strong></span> <span class='ocrx_word' id='word_1_81' title='bbox 684 499 859 537; x_wconf 84' lang='lat' dir='ltr'><strong>conjuncto</strong></span> <span class='ocrx_word' id='word_1_82' title='bbox 879 497 977 536; x_wconf 88' lang='lat' dir='ltr'><strong>orbe,</strong></span> <span class='ocrx_word' id='word_1_83' title='bbox 996 499 1031 528; x_wconf 86' lang='lat' dir='ltr'><strong>ut</strong></span> <span class='ocrx_word' id='word_1_84' title='bbox 1049 505 1144 527; x_wconf 90' lang='lat' dir='ltr'><strong>nemo</strong></span> <span class='ocrx_word' id='word_1_85' title='bbox 1163 495 1323 536; x_wconf 78' lang='lat' dir='ltr'><strong>posterior</strong></span> <span class='ocrx_word' id='word_1_86' title='bbox 1337 495 1379 526; x_wconf 88' lang='lat' dir='ltr'><strong>sit</strong></span> <span class='ocrx_word' id='word_1_87' title='bbox 1392 493 1416 525; x_wconf 81' lang='lat'><strong>⁵.</strong></span> 
     </span>
     <span class='ocr_line' id='line_1_9' title="bbox 96 542 1419 586; baseline -0.005 -7"><span class='ocrx_word' id='word_1_88' title='bbox 96 551 131 579; x_wconf 92' lang='lat' dir='ltr'><strong>In</strong></span> <span class='ocrx_word' id='word_1_89' title='bbox 156 548 342 578; x_wconf 87' lang='lat' dir='ltr'><strong>universum</strong></span> <span class='ocrx_word' id='word_1_90' title='bbox 369 547 545 579; x_wconf 67' lang='lat' dir='ltr'><strong>aestimanti</strong></span> <span class='ocrx_word' id='word_1_91' title='bbox 567 546 640 586; x_wconf 85' lang='lat' dir='ltr'><strong>plus</strong></span> <span class='ocrx_word' id='word_1_92' title='bbox 659 554 755 585; x_wconf 83' lang='lat' dir='ltr'><strong>penes</strong></span> <span class='ocrx_word' id='word_1_93' title='bbox 777 545 918 585; x_wconf 80' lang='lat' dir='ltr'><strong>peditem</strong></span> <span class='ocrx_word' id='word_1_94' title='bbox 941 544 1088 583; x_wconf 88' lang='lat' dir='ltr'><strong>roboris;</strong></span> <span class='ocrx_word' id='word_1_95' title='bbox 1106 552 1209 583; x_wconf 91' lang='lat' dir='ltr'><strong>eoque</strong></span> <span class='ocrx_word' id='word_1_96' title='bbox 1225 542 1319 573; x_wconf 82' lang='lat' dir='ltr'><strong>mixti</strong></span> <span class='ocrx_word' id='word_1_97' title='bbox 1335 549 1419 581; x_wconf 84' lang='lat' dir='ltr'><strong>proe-</strong></span> 
     </span>
     <span class='ocr_line' id='line_1_10' title="bbox 95 588 1420 634; baseline -0.005 -9"><span class='ocrx_word' id='word_1_98' title='bbox 95 594 217 626; x_wconf 86' lang='lat' dir='ltr'><strong>liantur</strong></span> <span class='ocrx_word' id='word_1_99' title='bbox 240 598 314 634; x_wconf 85' lang='lat' dir='ltr'><strong>apta</strong></span> <span class='ocrx_word' id='word_1_100' title='bbox 339 597 371 625; x_wconf 88' lang='lat' dir='ltr'><strong>et</strong></span> <span class='ocrx_word' id='word_1_101' title='bbox 391 595 587 633; x_wconf 73' lang='lat' dir='ltr'><strong>congruente</strong></span> <span class='ocrx_word' id='word_1_102' title='bbox 609 593 649 624; x_wconf 87' lang='lat' dir='ltr'><strong>ad</strong></span> <span class='ocrx_word' id='word_1_103' title='bbox 675 595 856 633; x_wconf 80' lang='lat' dir='ltr'><strong>equestrem</strong></span> <span class='ocrx_word' id='word_1_104' title='bbox 883 600 1022 632; x_wconf 84' lang='lat' dir='ltr'><strong>pugnam</strong></span> <span class='ocrx_word' id='word_1_105' title='bbox 1044 591 1216 622; x_wconf 87' lang='lat' dir='ltr'><strong>velocitate</strong></span> <span class='ocrx_word' id='word_1_106' title='bbox 1237 588 1420 630; x_wconf 64' lang='lat' dir='ltr'><strong>peditume,</strong></span> 
     </span>
     <span class='ocr_line' id='line_1_11' title="bbox 94 637 1420 680; baseline -0.005 -8"><span class='ocrx_word' id='word_1_107' title='bbox 94 648 176 680; x_wconf 86' lang='lat' dir='ltr'><strong>quos</strong></span> <span class='ocrx_word' id='word_1_108' title='bbox 191 650 230 672; x_wconf 80' lang='lat' dir='ltr'><strong>ex</strong></span> <span class='ocrx_word' id='word_1_109' title='bbox 247 642 335 672; x_wconf 89' lang='lat' dir='ltr'><strong>omni</strong></span> <span class='ocrx_word' id='word_1_110' title='bbox 346 641 521 680; x_wconf 83' lang='lat' dir='ltr'><strong>juventute</strong></span> <span class='ocrx_word' id='word_1_111' title='bbox 534 640 675 671; x_wconf 88' lang='lat' dir='ltr'><strong>delectos</strong></span> <span class='ocrx_word' id='word_1_112' title='bbox 688 641 763 670; x_wconf 79' lang='lat' dir='ltr'><strong>ante</strong></span> <span class='ocrx_word' id='word_1_113' title='bbox 776 639 877 670; x_wconf 84' lang='lat' dir='ltr'><strong>aciem</strong></span> <span class='ocrx_word' id='word_1_114' title='bbox 891 639 1009 669; x_wconf 74' lang='lat' dir='ltr'><strong>locant.</strong></span> <span class='ocrx_word' id='word_1_115' title='bbox 1025 637 1177 669; x_wconf 79' lang='lat' dir='ltr'><strong>definitur</strong></span> <span class='ocrx_word' id='word_1_116' title='bbox 1193 640 1226 668; x_wconf 90' lang='lat' dir='ltr'><strong>et</strong></span> <span class='ocrx_word' id='word_1_117' title='bbox 1240 644 1396 668; x_wconf 89' lang='lat' dir='ltr'><strong>numerus</strong></span> <span class='ocrx_word' id='word_1_118' title='bbox 1411 644 1420 665; x_wconf 89' lang='lat'>:</span> 
     </span>
     <span class='ocr_line' id='line_1_12' title="bbox 94 682 1419 728; baseline -0.004 -10"><span class='ocrx_word' id='word_1_119' title='bbox 94 688 224 718; x_wconf 86' lang='lat' dir='ltr'><strong>centeni</strong></span> <span class='ocrx_word' id='word_1_120' title='bbox 238 697 275 719; x_wconf 84' lang='lat' dir='ltr'><strong>ex</strong></span> <span class='ocrx_word' id='word_1_121' title='bbox 292 689 425 728; x_wconf 82' lang='lat' dir='ltr'><strong>singulis</strong></span> <span class='ocrx_word' id='word_1_122' title='bbox 440 688 529 728; x_wconf 80' lang='lat' dir='ltr'><strong>pagis</strong></span> <span class='ocrx_word' id='word_1_123' title='bbox 544 689 622 719; x_wconf 88' lang='lat' dir='ltr'><strong>sunt</strong></span> <span class='ocrx_word' id='word_1_124' title='bbox 637 686 733 726; x_wconf 85' lang='lat' dir='ltr'><strong>idque</strong></span> <span class='ocrx_word' id='word_1_125' title='bbox 753 685 879 726; x_wconf 77' lang='lat' dir='ltr'><strong>ipsum7</strong></span> <span class='ocrx_word' id='word_1_126' title='bbox 899 685 983 716; x_wconf 85' lang='lat' dir='ltr'><strong>inter</strong></span> <span class='ocrx_word' id='word_1_127' title='bbox 999 693 1074 716; x_wconf 91' lang='lat' dir='ltr'><strong>suos</strong></span> <span class='ocrx_word' id='word_1_128' title='bbox 1090 686 1267 723; x_wconf 83' lang='lat' dir='ltr'><strong>vocantur3</strong></span> <span class='ocrx_word' id='word_1_129' title='bbox 1286 686 1318 714; x_wconf 90' lang='lat' dir='ltr'><strong>et</strong></span> <span class='ocrx_word' id='word_1_130' title='bbox 1334 682 1419 722; x_wconf 88' lang='lat' dir='ltr'><strong>quod</strong></span> 
     </span>
     <span class='ocr_line' id='line_1_13' title="bbox 94 732 1420 774; baseline -0.004 -9"><span class='ocrx_word' id='word_1_131' title='bbox 94 734 199 774; x_wconf 88' lang='lat' dir='ltr'><strong>primo</strong></span> <span class='ocrx_word' id='word_1_132' title='bbox 222 744 378 766; x_wconf 86' lang='lat' dir='ltr'><strong>numerus</strong></span> <span class='ocrx_word' id='word_1_133' title='bbox 396 736 458 766; x_wconf 86' lang='lat' dir='ltr'><strong>fuit</strong></span> <span class='ocrx_word' id='word_1_134' title='bbox 470 760 478 774; x_wconf 91' lang='lat'>,</span> <span class='ocrx_word' id='word_1_135' title='bbox 494 735 561 774; x_wconf 85' lang='lat' dir='ltr'><strong>jam</strong></span> <span class='ocrx_word' id='word_1_136' title='bbox 579 743 697 765; x_wconf 87' lang='lat' dir='ltr'><strong>nomen</strong></span> <span class='ocrx_word' id='word_1_137' title='bbox 716 736 748 764; x_wconf 90' lang='lat' dir='ltr'><strong>et</strong></span> <span class='ocrx_word' id='word_1_138' title='bbox 765 734 867 764; x_wconf 86' lang='lat' dir='ltr'><strong>honor</strong></span> <span class='ocrx_word' id='word_1_139' title='bbox 885 734 942 764; x_wconf 87' lang='lat' dir='ltr'><strong>est.</strong></span> <span class='ocrx_word' id='word_1_140' title='bbox 963 732 1058 763; x_wconf 84' lang='lat' dir='ltr'><strong>Acies</strong></span> <span class='ocrx_word' id='word_1_141' title='bbox 1072 740 1130 772; x_wconf 83' lang='lat' dir='ltr'><strong>per</strong></span> <span class='ocrx_word' id='word_1_142' title='bbox 1151 740 1272 762; x_wconf 86' lang='lat' dir='ltr'><strong>cuneos</strong></span> <span class='ocrx_word' id='word_1_143' title='bbox 1293 738 1420 769; x_wconf 88' lang='lat' dir='ltr'><strong>compo-</strong></span> 
     </span>
     <span class='ocr_line' id='line_1_14' title="bbox 97 775 1422 822; baseline -0.003 -11"><span class='ocrx_word' id='word_1_144' title='bbox 97 781 194 812; x_wconf 84' lang='lat' dir='ltr'><strong>nitur.</strong></span> <span class='ocrx_word' id='word_1_145' title='bbox 212 782 325 814; x_wconf 80' lang='lat' dir='ltr'><strong>cedere</strong></span> <span class='ocrx_word' id='word_1_146' title='bbox 340 782 409 813; x_wconf 86' lang='lat' dir='ltr'><strong>loco</strong></span> <span class='ocrx_word' id='word_1_147' title='bbox 423 807 431 822; x_wconf 88' lang='lat'>,</span> <span class='ocrx_word' id='word_1_148' title='bbox 451 782 629 813; x_wconf 89' lang='lat' dir='ltr'><strong>dummodo</strong></span> <span class='ocrx_word' id='word_1_149' title='bbox 645 790 754 812; x_wconf 83' lang='lat' dir='ltr'><strong>rursus</strong></span> <span class='ocrx_word' id='word_1_150' title='bbox 768 780 881 818; x_wconf 83' lang='lat' dir='ltr'><strong>instes,</strong></span> <span class='ocrx_word' id='word_1_151' title='bbox 898 778 1023 810; x_wconf 83' lang='lat' dir='ltr'><strong>consilii</strong></span> <span class='ocrx_word' id='word_1_152' title='bbox 1039 787 1134 818; x_wconf 90' lang='lat' dir='ltr'><strong>quam</strong></span> <span class='ocrx_word' id='word_1_153' title='bbox 1151 777 1331 810; x_wconf 84' lang='lat' dir='ltr'><strong>formidinis</strong></span> <span class='ocrx_word' id='word_1_154' title='bbox 1343 775 1422 808; x_wconf 89' lang='lat' dir='ltr'><strong>arbi-</strong></span> 
     </span>
     <span class='ocr_line' id='line_1_15' title="bbox 95 824 1424 869; baseline -0.001 -12"><span class='ocrx_word' id='word_1_155' title='bbox 95 829 230 860; x_wconf 85' lang='lat' dir='ltr'><strong>trantur.</strong></span> <span class='ocrx_word' id='word_1_156' title='bbox 255 838 391 869; x_wconf 86' lang='lat' dir='ltr'><strong>corpora</strong></span> <span class='ocrx_word' id='word_1_157' title='bbox 413 838 548 860; x_wconf 86' lang='lat' dir='ltr'><strong>suorum</strong></span> <span class='ocrx_word' id='word_1_158' title='bbox 571 829 670 860; x_wconf 87' lang='lat' dir='ltr'><strong>etiam</strong></span> <span class='ocrx_word' id='word_1_159' title='bbox 691 828 725 858; x_wconf 89' lang='lat' dir='ltr'><strong>in</strong></span> <span class='ocrx_word' id='word_1_160' title='bbox 747 827 855 858; x_wconf 86' lang='lat' dir='ltr'><strong>dubiis</strong></span> <span class='ocrx_word' id='word_1_161' title='bbox 877 826 1000 866; x_wconf 84' lang='lat' dir='ltr'><strong>proeliis</strong></span> <span class='ocrx_word' id='word_1_162' title='bbox 1021 826 1176 859; x_wconf 83' lang='lat' dir='ltr'><strong>referunt.</strong></span> <span class='ocrx_word' id='word_1_163' title='bbox 1201 828 1332 857; x_wconf 82' lang='lat' dir='ltr'><strong>scutum</strong></span> <span class='ocrx_word' id='word_1_164' title='bbox 1353 824 1424 856; x_wconf 91' lang='lat' dir='ltr'><strong>reli-</strong></span> 
     </span>
     <span class='ocr_line' id='line_1_16' title="bbox 95 872 1423 917; baseline -0.001 -12"><span class='ocrx_word' id='word_1_165' title='bbox 95 875 204 913; x_wconf 88' lang='lat' dir='ltr'><strong>quisse</strong></span> <span class='ocrx_word' id='word_1_166' title='bbox 227 877 427 917; x_wconf 81' lang='lat' dir='ltr'><strong>praecipnum</strong></span> <span class='ocrx_word' id='word_1_167' title='bbox 451 876 627 916; x_wconf 77' lang='lat' dir='ltr'><strong>ssagitium3</strong></span> <span class='ocrx_word' id='word_1_168' title='bbox 653 883 713 906; x_wconf 85' lang='lat' dir='ltr'><strong>nec</strong></span> <span class='ocrx_word' id='word_1_169' title='bbox 733 876 789 906; x_wconf 89' lang='lat' dir='ltr'><strong>aut</strong></span> <span class='ocrx_word' id='word_1_170' title='bbox 811 874 909 906; x_wconf 84' lang='lat' dir='ltr'><strong>sacris</strong></span> <span class='ocrx_word' id='word_1_171' title='bbox 936 874 1047 905; x_wconf 83' lang='lat' dir='ltr'><strong>adesse</strong></span> <span class='ocrx_word' id='word_1_172' title='bbox 1062 875 1118 905; x_wconf 84' lang='lat' dir='ltr'><strong>aut</strong></span> <span class='ocrx_word' id='word_1_173' title='bbox 1140 873 1315 904; x_wconf 87' lang='lat' dir='ltr'><strong>concilium</strong></span> <span class='ocrx_word' id='word_1_174' title='bbox 1339 872 1423 905; x_wconf 87' lang='lat' dir='ltr'><strong>inire</strong></span> 
     </span>
     <span class='ocr_line' id='line_1_17' title="bbox 95 920 1420 964; baseline 0.001 -14"><span class='ocrx_word' id='word_1_175' title='bbox 95 920 309 960; x_wconf 78' lang='lat' dir='ltr'><strong>ignominioso</strong></span> <span class='ocrx_word' id='word_1_176' title='bbox 324 925 382 964; x_wconf 77' lang='lat' dir='ltr'><strong>tas,</strong></span> <span class='ocrx_word' id='word_1_177' title='bbox 394 923 553 963; x_wconf 88' lang='lat' dir='ltr'><strong>multique</strong></span> <span class='ocrx_word' id='word_1_178' title='bbox 568 924 756 963; x_wconf 86' lang='lat' dir='ltr'><strong>superstites</strong></span> <span class='ocrx_word' id='word_1_179' title='bbox 772 922 926 953; x_wconf 87' lang='lat' dir='ltr'><strong>bellorum</strong></span> <span class='ocrx_word' id='word_1_180' title='bbox 945 921 1109 952; x_wconf 77' lang='lat' dir='ltr'><strong>infamiam</strong></span> <span class='ocrx_word' id='word_1_181' title='bbox 1123 921 1238 961; x_wconf 87' lang='lat' dir='ltr'><strong>laqueo</strong></span> <span class='ocrx_word' id='word_1_182' title='bbox 1255 920 1420 952; x_wconf 83' lang='lat' dir='ltr'><strong>finierunt.</strong></span> 
     </span>
    </p>

    <p class='ocr_par' dir='ltr' id='par_1_3' title="bbox 93 967 1422 1574">
     <span class='ocr_line' id='line_1_18' title="bbox 137 967 1422 1010; baseline -0.002 -10"><span class='ocrx_word' id='word_1_183' title='bbox 137 972 204 1001; x_wconf 91' lang='lat' dir='ltr'><strong>VII.</strong></span> <span class='ocrx_word' id='word_1_184' title='bbox 223 974 322 1010; x_wconf 76' lang='lat' dir='ltr'><strong>Reges</strong></span> <span class='ocrx_word' id='word_1_185' title='bbox 342 980 382 1002; x_wconf 82' lang='lat' dir='ltr'><strong>ex</strong></span> <span class='ocrx_word' id='word_1_186' title='bbox 396 970 568 1001; x_wconf 89' lang='lat' dir='ltr'><strong>nobilitate</strong></span> <span class='ocrx_word' id='word_1_187' title='bbox 584 993 592 1008; x_wconf 90' lang='lat'>‚</span> <span class='ocrx_word' id='word_1_188' title='bbox 609 970 708 1000; x_wconf 84' lang='lat' dir='ltr'><strong>duces</strong></span> <span class='ocrx_word' id='word_1_189' title='bbox 722 978 760 1000; x_wconf 81' lang='lat' dir='ltr'><strong>ex</strong></span> <span class='ocrx_word' id='word_1_190' title='bbox 775 969 898 999; x_wconf 87' lang='lat' dir='ltr'><strong>virtute</strong></span> <span class='ocrx_word' id='word_1_191' title='bbox 911 970 1057 999; x_wconf 89' lang='lat' dir='ltr'><strong>sumunt.</strong></span> <span class='ocrx_word' id='word_1_192' title='bbox 1071 977 1131 999; x_wconf 89' lang='lat' dir='ltr'><strong>nec</strong></span> <span class='ocrx_word' id='word_1_193' title='bbox 1149 968 1278 1008; x_wconf 83' lang='lat' dir='ltr'><strong>regibus</strong></span> <span class='ocrx_word' id='word_1_194' title='bbox 1297 967 1422 999; x_wconf 83' lang='lat' dir='ltr'><strong>infinita</strong></span> 
     </span>
     <span class='ocr_line' id='line_1_19' title="bbox 94 1015 1421 1058; baseline 0.002 -14"><span class='ocrx_word' id='word_1_195' title='bbox 94 1018 152 1045; x_wconf 84' lang='lat' dir='ltr'><strong>aut</strong></span> <span class='ocrx_word' id='word_1_196' title='bbox 173 1016 274 1048; x_wconf 87' lang='lat' dir='ltr'><strong>libera</strong></span> <span class='ocrx_word' id='word_1_197' title='bbox 297 1019 439 1058; x_wconf 72' lang='lat' dir='ltr'><strong>potestas</strong></span> <span class='ocrx_word' id='word_1_198' title='bbox 451 1042 460 1057; x_wconf 93' lang='lat'>,</span> <span class='ocrx_word' id='word_1_199' title='bbox 479 1019 511 1048; x_wconf 90' lang='lat' dir='ltr'><strong>et</strong></span> <span class='ocrx_word' id='word_1_200' title='bbox 530 1017 629 1048; x_wconf 89' lang='lat' dir='ltr'><strong>duces</strong></span> <span class='ocrx_word' id='word_1_201' title='bbox 643 1016 795 1056; x_wconf 84' lang='lat' dir='ltr'><strong>exemplo</strong></span> <span class='ocrx_word' id='word_1_202' title='bbox 812 1016 921 1056; x_wconf 85' lang='lat' dir='ltr'><strong>potius</strong></span> <span class='ocrx_word' id='word_1_203' title='bbox 934 1024 1030 1055; x_wconf 87' lang='lat' dir='ltr'><strong>quam</strong></span> <span class='ocrx_word' id='word_1_204' title='bbox 1045 1015 1178 1056; x_wconf 91' lang='lat' dir='ltr'><strong>imperio</strong></span> <span class='ocrx_word' id='word_1_205' title='bbox 1190 1039 1198 1054; x_wconf 94' lang='lat'>‚</span> <span class='ocrx_word' id='word_1_206' title='bbox 1215 1015 1241 1047; x_wconf 84' lang='lat' dir='ltr'><strong>si</strong></span> <span class='ocrx_word' id='word_1_207' title='bbox 1257 1015 1421 1056; x_wconf 88' lang='lat' dir='ltr'><strong>prompti,</strong></span> 
     </span>
     <span class='ocr_line' id='line_1_20' title="bbox 94 1062 1421 1104; baseline 0.001 -12"><span class='ocrx_word' id='word_1_208' title='bbox 94 1062 121 1092; x_wconf 85' lang='lat' dir='ltr'><strong>si</strong></span> <span class='ocrx_word' id='word_1_209' title='bbox 138 1064 326 1104; x_wconf 65' lang='lat' dir='ltr'><strong>conspicui,</strong></span> <span class='ocrx_word' id='word_1_210' title='bbox 344 1065 369 1095; x_wconf 89' lang='lat' dir='ltr'><strong>si</strong></span> <span class='ocrx_word' id='word_1_211' title='bbox 388 1069 462 1096; x_wconf 89' lang='lat' dir='ltr'><strong>ante</strong></span> <span class='ocrx_word' id='word_1_212' title='bbox 477 1065 579 1095; x_wconf 85' lang='lat' dir='ltr'><strong>aciem</strong></span> <span class='ocrx_word' id='word_1_213' title='bbox 597 1067 715 1103; x_wconf 81' lang='lat' dir='ltr'><strong>agant,</strong></span> <span class='ocrx_word' id='word_1_214' title='bbox 733 1062 964 1094; x_wconf 85' lang='lat' dir='ltr'><strong>admiratione¹</strong></span> <span class='ocrx_word' id='word_1_215' title='bbox 985 1064 1142 1102; x_wconf 82' lang='lat' dir='ltr'><strong>praesunt.</strong></span> <span class='ocrx_word' id='word_1_216' title='bbox 1161 1064 1304 1094; x_wconf 87' lang='lat' dir='ltr'><strong>ceterum</strong></span> <span class='ocrx_word' id='word_1_217' title='bbox 1317 1071 1421 1102; x_wconf 87' lang='lat' dir='ltr'><strong>neque</strong></span> 
     </span>
     <span class='ocr_line' id='line_1_21' title="bbox 96 1109 1421 1151; baseline 0.001 -12"><span class='ocrx_word' id='word_1_218' title='bbox 96 1110 352 1143; x_wconf 81' lang='lat' dir='ltr'><strong>animadvertere</strong></span> <span class='ocrx_word' id='word_1_219' title='bbox 366 1112 376 1129; x_wconf 78' lang='lat'><strong>2</strong></span> <span class='ocrx_word' id='word_1_220' title='bbox 405 1121 509 1151; x_wconf 88' lang='lat' dir='ltr'><strong>neque</strong></span> <span class='ocrx_word' id='word_1_221' title='bbox 530 1111 671 1149; x_wconf 86' lang='lat' dir='ltr'><strong>vincire,</strong></span> <span class='ocrx_word' id='word_1_222' title='bbox 694 1119 734 1141; x_wconf 92' lang='lat' dir='ltr'><strong>ne</strong></span> <span class='ocrx_word' id='word_1_223' title='bbox 757 1111 926 1142; x_wconf 86' lang='lat' dir='ltr'><strong>verberare</strong></span> <span class='ocrx_word' id='word_1_224' title='bbox 945 1110 1095 1149; x_wconf 87' lang='lat' dir='ltr'><strong>quidem,</strong></span> <span class='ocrx_word' id='word_1_225' title='bbox 1116 1109 1176 1141; x_wconf 85' lang='lat' dir='ltr'><strong>nisi</strong></span> <span class='ocrx_word' id='word_1_226' title='bbox 1200 1109 1421 1141; x_wconf 86' lang='lat' dir='ltr'><strong>sacerdotibus</strong></span> 
     </span>
     <span class='ocr_line' id='line_1_22' title="bbox 95 1155 1420 1199; baseline 0 -12"><span class='ocrx_word' id='word_1_227' title='bbox 95 1158 290 1196; x_wconf 82' lang='lat' dir='ltr'><strong>permissui-n</strong></span> <span class='ocrx_word' id='word_1_228' title='bbox 308 1168 314 1189; x_wconf 92' lang='lat'>:</span> <span class='ocrx_word' id='word_1_229' title='bbox 335 1168 398 1189; x_wconf 83' lang='lat' dir='ltr'><strong>non</strong></span> <span class='ocrx_word' id='word_1_230' title='bbox 418 1159 509 1199; x_wconf 82' lang='lat' dir='ltr'><strong>quasi</strong></span> <span class='ocrx_word' id='word_1_231' title='bbox 526 1158 558 1188; x_wconf 90' lang='lat' dir='ltr'><strong>in</strong></span> <span class='ocrx_word' id='word_1_232' title='bbox 575 1166 703 1198; x_wconf 71' lang='lat' dir='ltr'><strong>poenam</strong></span> <span class='ocrx_word' id='word_1_233' title='bbox 718 1181 726 1197; x_wconf 91' lang='lat'><strong>,</strong></span> <span class='ocrx_word' id='word_1_234' title='bbox 744 1166 802 1188; x_wconf 88' lang='lat' dir='ltr'><strong>nec</strong></span> <span class='ocrx_word' id='word_1_235' title='bbox 819 1157 912 1188; x_wconf 84' lang='lat' dir='ltr'><strong>ducis</strong></span> <span class='ocrx_word' id='word_1_236' title='bbox 926 1155 1016 1194; x_wconf 87' lang='lat' dir='ltr'><strong>jussu</strong></span> <span class='ocrx_word' id='word_1_237' title='bbox 1029 1180 1038 1196; x_wconf 84' lang='lat'>‚</span> <span class='ocrx_word' id='word_1_238' title='bbox 1054 1156 1111 1187; x_wconf 88' lang='lat' dir='ltr'><strong>sed</strong></span> <span class='ocrx_word' id='word_1_239' title='bbox 1129 1157 1218 1188; x_wconf 89' lang='lat' dir='ltr'><strong>velut</strong></span> <span class='ocrx_word' id='word_1_240' title='bbox 1238 1156 1298 1188; x_wconf 92' lang='lat' dir='ltr'><strong>deo</strong></span> <span class='ocrx_word' id='word_1_241' title='bbox 1320 1156 1420 1196; x_wconf 90' lang='lat' dir='ltr'><strong>impe-</strong></span> 
     </span>
     <span class='ocr_line' id='line_1_23' title="bbox 95 1202 1420 1244; baseline -0.001 -10"><span class='ocrx_word' id='word_1_242' title='bbox 95 1206 187 1235; x_wconf 89' lang='lat' dir='ltr'><strong>rante</strong></span> <span class='ocrx_word' id='word_1_243' title='bbox 200 1229 208 1244; x_wconf 91' lang='lat'>,</span> <span class='ocrx_word' id='word_1_244' title='bbox 230 1214 327 1244; x_wconf 90' lang='lat' dir='ltr'><strong>quem</strong></span> <span class='ocrx_word' id='word_1_245' title='bbox 351 1205 465 1236; x_wconf 80' lang='lat' dir='ltr'><strong>adesse</strong></span> <span class='ocrx_word' id='word_1_246' title='bbox 488 1204 683 1236; x_wconf 82' lang='lat' dir='ltr'><strong>bellantibus</strong></span> <span class='ocrx_word' id='word_1_247' title='bbox 702 1204 857 1243; x_wconf 81' lang='lat' dir='ltr'><strong>credunt3</strong></span> <span class='ocrx_word' id='word_1_248' title='bbox 876 1203 1059 1243; x_wconf 80' lang='lat' dir='ltr'><strong>effigiesque</strong></span> <span class='ocrx_word' id='word_1_249' title='bbox 1074 1204 1085 1221; x_wconf 78' lang='lat'><strong>³</strong></span> <span class='ocrx_word' id='word_1_250' title='bbox 1107 1207 1138 1235; x_wconf 87' lang='lat' dir='ltr'><strong>et</strong></span> <span class='ocrx_word' id='word_1_251' title='bbox 1158 1204 1249 1243; x_wconf 80' lang='lat' dir='ltr'><strong>sigua</strong></span> <span class='ocrx_word' id='word_1_252' title='bbox 1268 1202 1420 1244; x_wconf 77' lang='lat' dir='ltr'><strong>quaedam</strong></span> 
     </span>
     <span class='ocr_line' id='line_1_24' title="bbox 95 1250 1420 1293; baseline 0.001 -12"><span class='ocrx_word' id='word_1_253' title='bbox 95 1250 239 1283; x_wconf 86' lang='lat' dir='ltr'><strong>detracta</strong></span> <span class='ocrx_word' id='word_1_254' title='bbox 253 1252 334 1283; x_wconf 83' lang='lat' dir='ltr'><strong>lucis</strong></span> <span class='ocrx_word' id='word_1_255' title='bbox 348 1253 380 1283; x_wconf 91' lang='lat' dir='ltr'><strong>in</strong></span> <span class='ocrx_word' id='word_1_256' title='bbox 397 1252 548 1293; x_wconf 80' lang='lat' dir='ltr'><strong>proelium</strong></span> <span class='ocrx_word' id='word_1_257' title='bbox 565 1253 683 1283; x_wconf 83' lang='lat' dir='ltr'><strong>serunt.</strong></span> <span class='ocrx_word' id='word_1_258' title='bbox 705 1251 858 1291; x_wconf 86' lang='lat' dir='ltr'><strong>qnodque</strong></span> <span class='ocrx_word' id='word_1_259' title='bbox 873 1251 1074 1291; x_wconf 82' lang='lat' dir='ltr'><strong>praecipuum</strong></span> <span class='ocrx_word' id='word_1_260' title='bbox 1091 1251 1289 1283; x_wconf 82' lang='lat' dir='ltr'><strong>fortitudinis</strong></span> <span class='ocrx_word' id='word_1_261' title='bbox 1309 1252 1420 1285; x_wconf 83' lang='lat' dir='ltr'><strong>incita-</strong></span> 
     </span>
     <span class='ocr_line' id='line_1_25' title="bbox 95 1298 1420 1338; baseline 0.001 -10"><span class='ocrx_word' id='word_1_262' title='bbox 95 1301 242 1329; x_wconf 86' lang='lat' dir='ltr'><strong>mentum</strong></span> <span class='ocrx_word' id='word_1_263' title='bbox 268 1301 338 1338; x_wconf 85' lang='lat' dir='ltr'><strong>est,</strong></span> <span class='ocrx_word' id='word_1_264' title='bbox 368 1309 430 1331; x_wconf 90' lang='lat' dir='ltr'><strong>non</strong></span> <span class='ocrx_word' id='word_1_265' title='bbox 455 1309 552 1331; x_wconf 87' lang='lat' dir='ltr'><strong>casus</strong></span> <span class='ocrx_word' id='word_1_266' title='bbox 574 1308 634 1330; x_wconf 89' lang='lat' dir='ltr'><strong>nec</strong></span> <span class='ocrx_word' id='word_1_267' title='bbox 652 1299 784 1329; x_wconf 82' lang='lat' dir='ltr'><strong>fortuita</strong></span> <span class='ocrx_word' id='word_1_268' title='bbox 807 1298 1012 1337; x_wconf 81' lang='lat' dir='ltr'><strong>conglobatio</strong></span> <span class='ocrx_word' id='word_1_269' title='bbox 1035 1299 1177 1330; x_wconf 81' lang='lat' dir='ltr'><strong>turmam</strong></span> <span class='ocrx_word' id='word_1_270' title='bbox 1202 1300 1258 1330; x_wconf 86' lang='lat' dir='ltr'><strong>aut</strong></span> <span class='ocrx_word' id='word_1_271' title='bbox 1281 1307 1420 1330; x_wconf 86' lang='lat' dir='ltr'><strong>cuneum</strong></span> 
     </span>
     <span class='ocr_line' id='line_1_26' title="bbox 96 1345 1420 1387; baseline 0.002 -12"><span class='ocrx_word' id='word_1_272' title='bbox 96 1345 193 1384; x_wconf 80' lang='lat' dir='ltr'><strong>facit,</strong></span> <span class='ocrx_word' id='word_1_273' title='bbox 212 1346 268 1377; x_wconf 84' lang='lat' dir='ltr'><strong>sed</strong></span> <span class='ocrx_word' id='word_1_274' title='bbox 285 1346 414 1378; x_wconf 84' lang='lat' dir='ltr'><strong>familiae</strong></span> <span class='ocrx_word' id='word_1_275' title='bbox 434 1349 466 1378; x_wconf 87' lang='lat' dir='ltr'><strong>et</strong></span> <span class='ocrx_word' id='word_1_276' title='bbox 483 1345 741 1387; x_wconf 82' lang='lat' dir='ltr'><strong>propinquitates</strong></span> <span class='ocrx_word' id='word_1_277' title='bbox 765 1348 797 1376; x_wconf 88' lang='lat' dir='ltr'><strong>et</strong></span> <span class='ocrx_word' id='word_1_278' title='bbox 815 1346 847 1376; x_wconf 90' lang='lat' dir='ltr'><strong>in</strong></span> <span class='ocrx_word' id='word_1_279' title='bbox 869 1345 1018 1385; x_wconf 79' lang='lat' dir='ltr'><strong>proximo</strong></span> <span class='ocrx_word' id='word_1_280' title='bbox 1040 1345 1210 1385; x_wconf 74' lang='lat' dir='ltr'><strong>pignora⁴‚</strong></span> <span class='ocrx_word' id='word_1_281' title='bbox 1227 1346 1313 1377; x_wconf 89' lang='lat' dir='ltr'><strong>unde</strong></span> <span class='ocrx_word' id='word_1_282' title='bbox 1328 1345 1420 1377; x_wconf 85' lang='lat' dir='ltr'><strong>semi·</strong></span> 
     </span>
     <span class='ocr_line' id='line_1_27' title="bbox 94 1392 1420 1434; baseline 0.002 -13"><span class='ocrx_word' id='word_1_283' title='bbox 94 1399 211 1423; x_wconf 91' lang='lat' dir='ltr'><strong>narum</strong></span> <span class='ocrx_word' id='word_1_284' title='bbox 238 1394 380 1425; x_wconf 84' lang='lat' dir='ltr'><strong>ululatus</strong></span> <span class='ocrx_word' id='word_1_285' title='bbox 400 1394 527 1434; x_wconf 89' lang='lat' dir='ltr'><strong>audiri,</strong></span> <span class='ocrx_word' id='word_1_286' title='bbox 549 1393 633 1425; x_wconf 92' lang='lat' dir='ltr'><strong>unde</strong></span> <span class='ocrx_word' id='word_1_287' title='bbox 660 1393 788 1432; x_wconf 81' lang='lat' dir='ltr'><strong>vagitus</strong></span> <span class='ocrx_word' id='word_1_288' title='bbox 814 1393 999 1423; x_wconf 78' lang='lat' dir='ltr'><strong>infantium.</strong></span> <span class='ocrx_word' id='word_1_289' title='bbox 1023 1392 1055 1423; x_wconf 91' lang='lat' dir='ltr'><strong>hi</strong></span> <span class='ocrx_word' id='word_1_290' title='bbox 1087 1393 1206 1433; x_wconf 86' lang='lat' dir='ltr'><strong>cuique</strong></span> <span class='ocrx_word' id='word_1_291' title='bbox 1226 1393 1420 1424; x_wconf 83' lang='lat' dir='ltr'><strong>sanctissimi</strong></span> 
     </span>
     <span class='ocr_line' id='line_1_28' title="bbox 93 1439 1418 1480; baseline 0.002 -11"><span class='ocrx_word' id='word_1_292' title='bbox 93 1440 193 1470; x_wconf 85' lang='lat' dir='ltr'><strong>testes</strong></span> <span class='ocrx_word' id='word_1_293' title='bbox 206 1464 214 1478; x_wconf 89' lang='lat'><em>‚</em></span> <span class='ocrx_word' id='word_1_294' title='bbox 239 1440 271 1471; x_wconf 85' lang='lat' dir='ltr'><strong>hi</strong></span> <span class='ocrx_word' id='word_1_295' title='bbox 290 1441 426 1472; x_wconf 84' lang='lat' dir='ltr'><strong>maximi</strong></span> <span class='ocrx_word' id='word_1_296' title='bbox 452 1441 645 1472; x_wconf 89' lang='lat' dir='ltr'><strong>laudatores.</strong></span> <span class='ocrx_word' id='word_1_297' title='bbox 666 1439 707 1471; x_wconf 87' lang='lat' dir='ltr'><strong>ad</strong></span> <span class='ocrx_word' id='word_1_298' title='bbox 733 1443 874 1480; x_wconf 87' lang='lat' dir='ltr'><strong>matres,</strong></span> <span class='ocrx_word' id='word_1_299' title='bbox 897 1440 936 1471; x_wconf 91' lang='lat' dir='ltr'><strong>ad</strong></span> <span class='ocrx_word' id='word_1_300' title='bbox 961 1440 1113 1480; x_wconf 84' lang='lat' dir='ltr'><strong>conjuges</strong></span> <span class='ocrx_word' id='word_1_301' title='bbox 1134 1441 1268 1472; x_wconf 92' lang='lat' dir='ltr'><strong>vulnera</strong></span> <span class='ocrx_word' id='word_1_302' title='bbox 1289 1441 1418 1479; x_wconf 79' lang='lat' dir='ltr'><strong>ferunt3</strong></span> 
     </span>
     <span class='ocr_line' id='line_1_29' title="bbox 94 1486 1419 1528; baseline 0.002 -11"><span class='ocrx_word' id='word_1_303' title='bbox 94 1495 154 1517; x_wconf 91' lang='lat' dir='ltr'><strong>nec</strong></span> <span class='ocrx_word' id='word_1_304' title='bbox 168 1486 229 1517; x_wconf 75' lang='lat' dir='ltr'><strong>illae</strong></span> <span class='ocrx_word' id='word_1_305' title='bbox 242 1496 412 1519; x_wconf 83' lang='lat' dir='ltr'><strong>numerare</strong></span> <span class='ocrx_word' id='word_1_306' title='bbox 427 1491 486 1520; x_wconf 90' lang='lat' dir='ltr'><strong>aut</strong></span> <span class='ocrx_word' id='word_1_307' title='bbox 498 1487 645 1528; x_wconf 75' lang='lat' dir='ltr'><strong>exigere⁵</strong></span> <span class='ocrx_word' id='word_1_308' title='bbox 663 1486 771 1527; x_wconf 83' lang='lat' dir='ltr'><strong>plagas</strong></span> <span class='ocrx_word' id='word_1_309' title='bbox 788 1488 929 1528; x_wconf 84' lang='lat' dir='ltr'><strong>pavent,</strong></span> <span class='ocrx_word' id='word_1_310' title='bbox 947 1487 1102 1528; x_wconf 88' lang='lat' dir='ltr'><strong>cibosque</strong></span> <span class='ocrx_word' id='word_1_311' title='bbox 1119 1489 1152 1519; x_wconf 91' lang='lat' dir='ltr'><strong>et</strong></span> <span class='ocrx_word' id='word_1_312' title='bbox 1168 1487 1348 1520; x_wconf 84' lang='lat' dir='ltr'><strong>hortamina</strong></span> <span class='ocrx_word' id='word_1_313' title='bbox 1363 1497 1419 1528; x_wconf 89' lang='lat' dir='ltr'><strong>pu-</strong></span> 
     </span>
     <span class='ocr_line' id='line_1_30' title="bbox 93 1533 416 1574; baseline 0.006 -10"><span class='ocrx_word' id='word_1_314' title='bbox 93 1533 265 1574; x_wconf 80' lang='lat' dir='ltr'><strong>gnantibus</strong></span> <span class='ocrx_word' id='word_1_315' title='bbox 281 1536 416 1574; x_wconf 84' lang='lat' dir='ltr'><strong>gestant.</strong></span> 
     </span>
    </p>

    <p class='ocr_par' dir='ltr' id='par_1_4' title="bbox 93 1580 1418 1905">
     <span class='ocr_line' id='line_1_31' title="bbox 136 1580 1418 1622; baseline 0.002 -11"><span class='ocrx_word' id='word_1_316' title='bbox 136 1584 218 1612; x_wconf 90' lang='lat' dir='ltr'><strong>VI11.</strong></span> <span class='ocrx_word' id='word_1_317' title='bbox 241 1583 408 1613; x_wconf 77' lang='lat' dir='ltr'><strong>MemorIae</strong></span> <span class='ocrx_word' id='word_1_318' title='bbox 429 1581 598 1622; x_wconf 84' lang='lat' dir='ltr'><strong>proditur,</strong></span> <span class='ocrx_word' id='word_1_319' title='bbox 622 1582 776 1621; x_wconf 86' lang='lat' dir='ltr'><strong>quasdam</strong></span> <span class='ocrx_word' id='word_1_320' title='bbox 801 1581 884 1612; x_wconf 88' lang='lat' dir='ltr'><strong>acies</strong></span> <span class='ocrx_word' id='word_1_321' title='bbox 906 1580 1075 1612; x_wconf 86' lang='lat' dir='ltr'><strong>inclinatas</strong></span> <span class='ocrx_word' id='word_1_322' title='bbox 1094 1582 1160 1620; x_wconf 89' lang='lat' dir='ltr'><strong>jam</strong></span> <span class='ocrx_word' id='word_1_323' title='bbox 1175 1583 1208 1613; x_wconf 91' lang='lat' dir='ltr'><strong>et</strong></span> <span class='ocrx_word' id='word_1_324' title='bbox 1231 1582 1376 1613; x_wconf 85' lang='lat' dir='ltr'><strong>labentes</strong></span> <span class='ocrx_word' id='word_1_325' title='bbox 1399 1591 1418 1613; x_wconf 90' lang='lat' dir='ltr'><strong>a</strong></span> 
     </span>
     <span class='ocr_line' id='line_1_32' title="bbox 95 1627 1418 1669; baseline 0.002 -11"><span class='ocrx_word' id='word_1_326' title='bbox 95 1628 220 1659; x_wconf 85' lang='lat' dir='ltr'><strong>seminis</strong></span> <span class='ocrx_word' id='word_1_327' title='bbox 237 1629 400 1660; x_wconf 83' lang='lat' dir='ltr'><strong>restitutas</strong></span> <span class='ocrx_word' id='word_1_328' title='bbox 424 1629 606 1660; x_wconf 86' lang='lat' dir='ltr'><strong>constantia</strong></span> <span class='ocrx_word' id='word_1_329' title='bbox 627 1638 759 1669; x_wconf 88' lang='lat' dir='ltr'><strong>precum</strong></span> <span class='ocrx_word' id='word_1_330' title='bbox 783 1631 815 1659; x_wconf 90' lang='lat' dir='ltr'><strong>et</strong></span> <span class='ocrx_word' id='word_1_331' title='bbox 841 1627 967 1667; x_wconf 84' lang='lat' dir='ltr'><strong>objectu</strong></span> <span class='ocrx_word' id='word_1_332' title='bbox 993 1629 1161 1667; x_wconf 87' lang='lat' dir='ltr'><strong>pectorum</strong></span> <span class='ocrx_word' id='word_1_333' title='bbox 1184 1630 1216 1660; x_wconf 89' lang='lat' dir='ltr'><strong>et</strong></span> <span class='ocrx_word' id='word_1_334' title='bbox 1242 1632 1418 1661; x_wconf 82' lang='lat' dir='ltr'><strong>monstrata</strong></span> 
     </span>
     <span class='ocr_line' id='line_1_33' title="bbox 93 1674 1415 1716; baseline 0.002 -11"><span class='ocrx_word' id='word_1_335' title='bbox 93 1674 239 1706; x_wconf 82' lang='lat' dir='ltr'><strong>cominus</strong></span> <span class='ocrx_word' id='word_1_336' title='bbox 263 1676 451 1716; x_wconf 83' lang='lat' dir='ltr'><strong>captivitate</strong></span> <span class='ocrx_word' id='word_1_337' title='bbox 465 1677 488 1715; x_wconf 85' lang='lat'><strong>¹,</strong></span> <span class='ocrx_word' id='word_1_338' title='bbox 511 1684 608 1716; x_wconf 87' lang='lat' dir='ltr'><strong>quam</strong></span> <span class='ocrx_word' id='word_1_339' title='bbox 632 1676 726 1715; x_wconf 83' lang='lat' dir='ltr'><strong>longe</strong></span> <span class='ocrx_word' id='word_1_340' title='bbox 749 1674 970 1715; x_wconf 85' lang='lat' dir='ltr'><strong>impatientius</strong></span> <span class='ocrx_word' id='word_1_341' title='bbox 990 1675 1181 1705; x_wconf 84' lang='lat' dir='ltr'><strong>feminarum</strong></span> <span class='ocrx_word' id='word_1_342' title='bbox 1204 1684 1336 1706; x_wconf 86' lang='lat' dir='ltr'><strong>suarum</strong></span> <span class='ocrx_word' id='word_1_343' title='bbox 1361 1685 1415 1708; x_wconf 87' lang='lat' dir='ltr'><strong>no-</strong></span> 
     </span>
     <span class='ocr_line' id='line_1_34' title="bbox 94 1721 1418 1762; baseline 0.003 -11"><span class='ocrx_word' id='word_1_344' title='bbox 94 1721 181 1752; x_wconf 89' lang='lat' dir='ltr'><strong>mine</strong></span> <span class='ocrx_word' id='word_1_345' title='bbox 194 1722 327 1762; x_wconf 88' lang='lat' dir='ltr'><strong>timent,</strong></span> <span class='ocrx_word' id='word_1_346' title='bbox 343 1723 423 1754; x_wconf 88' lang='lat' dir='ltr'><strong>adeo</strong></span> <span class='ocrx_word' id='word_1_347' title='bbox 443 1725 478 1754; x_wconf 91' lang='lat' dir='ltr'><strong>ut</strong></span> <span class='ocrx_word' id='word_1_348' title='bbox 494 1722 658 1754; x_wconf 81' lang='lat' dir='ltr'><strong>efficacius</strong></span> <span class='ocrx_word' id='word_1_349' title='bbox 674 1723 857 1762; x_wconf 79' lang='lat' dir='ltr'><strong>obligentur</strong></span> <span class='ocrx_word' id='word_1_350' title='bbox 874 1721 973 1752; x_wconf 85' lang='lat' dir='ltr'><strong>animi</strong></span> <span class='ocrx_word' id='word_1_351' title='bbox 989 1722 1158 1753; x_wconf 87' lang='lat' dir='ltr'><strong>civitatum</strong></span> <span class='ocrx_word' id='word_1_352' title='bbox 1172 1747 1181 1762; x_wconf 87' lang='lat'>,</span> <span class='ocrx_word' id='word_1_353' title='bbox 1199 1723 1317 1762; x_wconf 91' lang='lat' dir='ltr'><strong>quibus</strong></span> <span class='ocrx_word' id='word_1_354' title='bbox 1334 1724 1418 1755; x_wconf 88' lang='lat' dir='ltr'><strong>inter</strong></span> 
     </span>
     <span class='ocr_line' id='line_1_35' title="bbox 93 1768 1417 1810; baseline 0.003 -12"><span class='ocrx_word' id='word_1_355' title='bbox 93 1768 222 1800; x_wconf 89' lang='lat' dir='ltr'><strong>obsides</strong></span> <span class='ocrx_word' id='word_1_356' title='bbox 245 1770 360 1809; x_wconf 79' lang='lat' dir='ltr'><strong>puellae</strong></span> <span class='ocrx_word' id='word_1_357' title='bbox 381 1778 510 1810; x_wconf 88' lang='lat' dir='ltr'><strong>quoque</strong></span> <span class='ocrx_word' id='word_1_358' title='bbox 529 1769 652 1800; x_wconf 90' lang='lat' dir='ltr'><strong>nobiles</strong></span> <span class='ocrx_word' id='word_1_359' title='bbox 671 1770 871 1809; x_wconf 87' lang='lat' dir='ltr'><strong>imperantur</strong></span> <span class='ocrx_word' id='word_1_360' title='bbox 883 1768 1031 1799; x_wconf 77' lang='lat' dir='ltr'><strong>²..inesse</strong></span> <span class='ocrx_word' id='word_1_361' title='bbox 1053 1769 1132 1809; x_wconf 90' lang='lat' dir='ltr'><strong>quin</strong></span> <span class='ocrx_word' id='word_1_362' title='bbox 1150 1769 1246 1800; x_wconf 87' lang='lat' dir='ltr'><strong>etiam</strong></span> <span class='ocrx_word' id='word_1_363' title='bbox 1268 1771 1417 1803; x_wconf 85' lang='lat' dir='ltr'><strong>sanctum</strong></span> 
     </span>
     <span class='ocr_line' id='line_1_36' title="bbox 94 1816 1417 1857; baseline 0.002 -11"><span class='ocrx_word' id='word_1_364' title='bbox 94 1816 214 1855; x_wconf 87' lang='lat' dir='ltr'><strong>aliquid</strong></span> <span class='ocrx_word' id='word_1_365' title='bbox 240 1818 272 1847; x_wconf 88' lang='lat' dir='ltr'><strong>et</strong></span> <span class='ocrx_word' id='word_1_366' title='bbox 294 1817 465 1857; x_wconf 88' lang='lat' dir='ltr'><strong>providum</strong></span> <span class='ocrx_word' id='word_1_367' title='bbox 492 1816 644 1856; x_wconf 84' lang='lat' dir='ltr'><strong>putant³,</strong></span> <span class='ocrx_word' id='word_1_368' title='bbox 669 1826 729 1848; x_wconf 88' lang='lat' dir='ltr'><strong>nec</strong></span> <span class='ocrx_word' id='word_1_369' title='bbox 754 1817 810 1847; x_wconf 88' lang='lat' dir='ltr'><strong>aut</strong></span> <span class='ocrx_word' id='word_1_370' title='bbox 836 1816 970 1847; x_wconf 83' lang='lat' dir='ltr'><strong>consilia</strong></span> <span class='ocrx_word' id='word_1_371' title='bbox 992 1825 1103 1846; x_wconf 88' lang='lat' dir='ltr'><strong>earum</strong></span> <span class='ocrx_word' id='word_1_372' title='bbox 1128 1819 1341 1857; x_wconf 73' lang='lat' dir='ltr'><strong>aspernantur</strong></span> <span class='ocrx_word' id='word_1_373' title='bbox 1360 1819 1417 1849; x_wconf 87' lang='lat' dir='ltr'><strong>aut</strong></span> 
     </span>
     <span class='ocr_line' id='line_1_37' title="bbox 94 1863 1417 1905; baseline 0.004 -13"><span class='ocrx_word' id='word_1_374' title='bbox 94 1871 248 1903; x_wconf 87' lang='lat' dir='ltr'><strong>responsa</strong></span> <span class='ocrx_word' id='word_1_375' title='bbox 266 1864 444 1903; x_wconf 76' lang='lat' dir='ltr'><strong>negligunt.</strong></span> <span class='ocrx_word' id='word_1_376' title='bbox 470 1864 613 1895; x_wconf 87' lang='lat' dir='ltr'><strong>vidimus</strong></span> <span class='ocrx_word' id='word_1_377' title='bbox 639 1864 701 1895; x_wconf 91' lang='lat' dir='ltr'><strong>sub</strong></span> <span class='ocrx_word' id='word_1_378' title='bbox 728 1864 803 1895; x_wconf 89' lang='lat' dir='ltr'><strong>divo</strong></span> <span class='ocrx_word' id='word_1_379' title='bbox 823 1863 1020 1903; x_wconf 87' lang='lat' dir='ltr'><strong>Vespasiano</strong></span> <span class='ocrx_word' id='word_1_380' title='bbox 1050 1863 1203 1895; x_wconf 81' lang='lat' dir='ltr'><strong>Veledam</strong></span> <span class='ocrx_word' id='word_1_381' title='bbox 1218 1864 1229 1882; x_wconf 74' lang='lat'>⁵</span> <span class='ocrx_word' id='word_1_382' title='bbox 1252 1865 1305 1895; x_wconf 84' lang='lat' dir='ltr'><strong>dIu</strong></span> <span class='ocrx_word' id='word_1_383' title='bbox 1331 1865 1417 1905; x_wconf 82' lang='lat' dir='ltr'><strong>apud</strong></span> 
     </span>
    </p>
   </div>
   <div class='ocr_carea' id='block_1_3' title="bbox 91 1951 1417 2442">
    <p class='ocr_par' dir='ltr' id='par_1_5' title="bbox 92 1951 1417 2152">
     <span class='ocr_line' id='line_1_38' title="bbox 104 1951 1405 1983; baseline 0.002 -8"><span class='ocrx_word' id='word_1_384' title='bbox 104 1965 120 1968; x_wconf 92' lang='lat'>-</span> <span class='ocrx_word' id='word_1_385' title='bbox 131 1958 151 1975; x_wconf 67' lang='grc' dir='ltr'><strong>5Δ</strong></span> <span class='ocrx_word' id='word_1_386' title='bbox 166 1952 194 1975; x_wconf 82' lang='lat' dir='ltr'><strong>Id</strong></span> <span class='ocrx_word' id='word_1_387' title='bbox 208 1953 366 1981; x_wconf 60' lang='lat' dir='ltr'><strong>estanaqna</strong></span> <span class='ocrx_word' id='word_1_388' title='bbox 379 1952 510 1981; x_wconf 79' lang='lat' dir='ltr'><strong>corporis</strong></span> <span class='ocrx_word' id='word_1_389' title='bbox 521 1952 606 1981; x_wconf 74' lang='lat' dir='ltr'><strong>parte</strong></span> <span class='ocrx_word' id='word_1_390' title='bbox 619 1951 709 1980; x_wconf 78' lang='lat' dir='ltr'><strong>nuda,</strong></span> <span class='ocrx_word' id='word_1_391' title='bbox 725 1953 755 1976; x_wconf 89' lang='lat' dir='ltr'><strong>ut</strong></span> <span class='ocrx_word' id='word_1_392' title='bbox 768 1952 857 1975; x_wconf 82' lang='lat' dir='ltr'><strong>Caesar</strong></span> <span class='ocrx_word' id='word_1_393' title='bbox 870 1951 935 1975; x_wconf 86' lang='lat' dir='ltr'><strong>dicit</strong></span> <span class='ocrx_word' id='word_1_394' title='bbox 951 1951 1025 1975; x_wconf 81' lang='lat' dir='ltr'><strong>Gall.</strong></span> <span class='ocrx_word' id='word_1_395' title='bbox 1039 1952 1080 1980; x_wconf 81' lang='lat' dir='ltr'><strong>VI,</strong></span> <span class='ocrx_word' id='word_1_396' title='bbox 1095 1956 1135 1975; x_wconf 65' lang='grc' dir='ltr'><strong>ει.</strong></span> <span class='ocrx_word' id='word_1_397' title='bbox 1150 1951 1224 1975; x_wconf 75' lang='lat' dir='ltr'><strong>Cont.</strong></span> <span class='ocrx_word' id='word_1_398' title='bbox 1236 1952 1310 1976; x_wconf 75' lang='lat' dir='ltr'><strong>Hist.</strong></span> <span class='ocrx_word' id='word_1_399' title='bbox 1325 1953 1355 1981; x_wconf 87' lang='lat' dir='ltr'><strong>II,</strong></span> <span class='ocrx_word' id='word_1_400' title='bbox 1367 1958 1405 1983; x_wconf 73' lang='lat'><strong>22,</strong></span> 
     </span>
     <span class='ocr_line' id='line_1_39' title="bbox 94 1986 1416 2016; baseline 0.002 -6"><span class='ocrx_word' id='word_1_401' title='bbox 94 1988 138 2011; x_wconf 85' lang='lat' dir='ltr'><strong>nbi</strong></span> <span class='ocrx_word' id='word_1_402' title='bbox 151 1993 228 2010; x_wconf 82' lang='lat' dir='ltr'><strong>more</strong></span> <span class='ocrx_word' id='word_1_403' title='bbox 237 1988 335 2016; x_wconf 66' lang='lat' dir='ltr'><strong>patrio</strong></span> <span class='ocrx_word' id='word_1_404' title='bbox 349 1987 434 2010; x_wconf 75' lang='lat' dir='ltr'><strong>nudis</strong></span> <span class='ocrx_word' id='word_1_405' title='bbox 446 1987 614 2016; x_wconf 78' lang='lat' dir='ltr'><strong>corporibus</strong></span> <span class='ocrx_word' id='word_1_406' title='bbox 634 1987 730 2010; x_wconf 84' lang='lat' dir='ltr'><strong>eodem</strong></span> <span class='ocrx_word' id='word_1_407' title='bbox 741 1987 822 2010; x_wconf 85' lang='lat' dir='ltr'><strong>modo</strong></span> <span class='ocrx_word' id='word_1_408' title='bbox 833 1986 1046 2016; x_wconf 80' lang='lat' dir='ltr'><strong>intelligendum.</strong></span> <span class='ocrx_word' id='word_1_409' title='bbox 1059 2000 1087 2003; x_wconf 97' lang='lat'><strong>—</strong></span> <span class='ocrx_word' id='word_1_410' title='bbox 1097 1992 1120 2011; x_wconf 76' lang='grc'><strong>4.</strong></span> <span class='ocrx_word' id='word_1_411' title='bbox 1139 1996 1151 2007; x_wconf 88' lang='lat'>«</span> <span class='ocrx_word' id='word_1_412' title='bbox 1166 1987 1257 2011; x_wconf 65' lang='lat' dir='ltr'><strong>(lassis</strong></span> <span class='ocrx_word' id='word_1_413' title='bbox 1269 1988 1302 2011; x_wconf 78' lang='lat' dir='ltr'><strong>de</strong></span> <span class='ocrx_word' id='word_1_414' title='bbox 1316 1988 1416 2012; x_wconf 84' lang='lat' dir='ltr'><strong>lamina</strong></span> 
     </span>
     <span class='ocr_line' id='line_1_40' title="bbox 94 2022 1417 2053; baseline 0.002 -8"><span class='ocrx_word' id='word_1_415' title='bbox 94 2022 178 2051; x_wconf 76' lang='lat' dir='ltr'><strong>(terri)</strong></span> <span class='ocrx_word' id='word_1_416' title='bbox 192 2024 246 2050; x_wconf 79' lang='lat' dir='ltr'><strong>est,</strong></span> <span class='ocrx_word' id='word_1_417' title='bbox 262 2023 345 2051; x_wconf 73' lang='lat' dir='ltr'><strong>‹Jalea</strong></span> <span class='ocrx_word' id='word_1_418' title='bbox 365 2022 398 2045; x_wconf 85' lang='lat' dir='ltr'><strong>de</strong></span> <span class='ocrx_word' id='word_1_419' title='bbox 412 2024 496 2045; x_wconf 65' lang='lat' dir='ltr'><strong>corio⁴</strong></span> <span class='ocrx_word' id='word_1_420' title='bbox 508 2031 522 2042; x_wconf 86' lang='lat'>»</span> <span class='ocrx_word' id='word_1_421' title='bbox 535 2022 659 2045; x_wconf 71' lang='lat' dir='ltr'><strong>Isidorus,</strong></span> <span class='ocrx_word' id='word_1_422' title='bbox 670 2034 693 2038; x_wconf 87' lang='lat'><strong>——</strong></span> <span class='ocrx_word' id='word_1_423' title='bbox 709 2027 731 2045; x_wconf 73' lang='lat' dir='ltr'><strong>s.</strong></span> <span class='ocrx_word' id='word_1_424' title='bbox 746 2022 788 2045; x_wconf 91' lang='lat' dir='ltr'><strong>Sc.</strong></span> <span class='ocrx_word' id='word_1_425' title='bbox 803 2027 835 2045; x_wconf 88' lang='lat' dir='ltr'><strong>eo</strong></span> <span class='ocrx_word' id='word_1_426' title='bbox 852 2022 926 2050; x_wconf 81' lang='lat' dir='ltr'><strong>juxta</strong></span> <span class='ocrx_word' id='word_1_427' title='bbox 944 2027 1025 2051; x_wconf 86' lang='lat' dir='ltr'><strong>quem</strong></span> <span class='ocrx_word' id='word_1_428' title='bbox 1044 2022 1154 2051; x_wconf 77' lang='lat' dir='ltr'><strong>equitat.</strong></span> <span class='ocrx_word' id='word_1_429' title='bbox 1170 2023 1338 2046; x_wconf 72' lang='lat' dir='ltr'><strong>Variantur</strong></span> <span class='ocrx_word' id='word_1_430' title='bbox 1357 2024 1417 2053; x_wconf 86' lang='lat' dir='ltr'><strong>gyri</strong></span> 
     </span>
     <span class='ocr_line' id='line_1_41' title="bbox 92 2057 1416 2087; baseline 0.001 -7"><span class='ocrx_word' id='word_1_431' title='bbox 92 2058 143 2080; x_wconf 76' lang='lat' dir='ltr'><strong>hac</strong></span> <span class='ocrx_word' id='word_1_432' title='bbox 163 2057 249 2081; x_wconf 79' lang='lat' dir='ltr'><strong>forma</strong></span> <span class='ocrx_word' id='word_1_433' title='bbox 273 2061 323 2083; x_wconf 85' lang='lat'><strong>00.</strong></span> <span class='ocrx_word' id='word_1_434' title='bbox 337 2071 363 2074; x_wconf 93' lang='lat'><em>-</em></span> <span class='ocrx_word' id='word_1_435' title='bbox 376 2063 401 2081; x_wconf 78' lang='grc'><strong>6.</strong></span> <span class='ocrx_word' id='word_1_436' title='bbox 418 2057 497 2086; x_wconf 87' lang='lat' dir='ltr'><strong>Quod</strong></span> <span class='ocrx_word' id='word_1_437' title='bbox 516 2057 660 2087; x_wconf 82' lang='lat' dir='ltr'><strong>proeliandi</strong></span> <span class='ocrx_word' id='word_1_438' title='bbox 678 2062 765 2086; x_wconf 82' lang='lat' dir='ltr'><strong>genus</strong></span> <span class='ocrx_word' id='word_1_439' title='bbox 783 2057 903 2087; x_wconf 86' lang='lat' dir='ltr'><strong>equitum</strong></span> <span class='ocrx_word' id='word_1_440' title='bbox 927 2058 955 2080; x_wconf 85' lang='lat' dir='ltr'><strong>et</strong></span> <span class='ocrx_word' id='word_1_441' title='bbox 975 2058 1095 2086; x_wconf 86' lang='lat' dir='ltr'><strong>peditum</strong></span> <span class='ocrx_word' id='word_1_442' title='bbox 1117 2058 1261 2081; x_wconf 68' lang='lat' dir='ltr'><strong>mixtorum</strong></span> <span class='ocrx_word' id='word_1_443' title='bbox 1287 2058 1416 2082; x_wconf 87' lang='lat' dir='ltr'><strong>describit</strong></span> 
     </span>
     <span class='ocr_line' id='line_1_42' title="bbox 92 2093 1415 2123; baseline 0 -7"><span class='ocrx_word' id='word_1_444' title='bbox 92 2095 178 2116; x_wconf 73' lang='lat' dir='ltr'><strong>(Jaesar</strong></span> <span class='ocrx_word' id='word_1_445' title='bbox 193 2094 223 2116; x_wconf 89' lang='lat' dir='ltr'><strong>B.</strong></span> <span class='ocrx_word' id='word_1_446' title='bbox 240 2093 311 2116; x_wconf 71' lang='lat' dir='ltr'><strong>Gall.</strong></span> <span class='ocrx_word' id='word_1_447' title='bbox 328 2094 346 2120; x_wconf 90' lang='lat' dir='ltr'><strong>I,</strong></span> <span class='ocrx_word' id='word_1_448' title='bbox 361 2098 398 2117; x_wconf 76' lang='lat'><strong>⁴8.</strong></span> <span class='ocrx_word' id='word_1_449' title='bbox 411 2105 436 2109; x_wconf 81' lang='lat'>—</span> <span class='ocrx_word' id='word_1_450' title='bbox 447 2099 468 2117; x_wconf 86' lang='lat'><strong>¹7.</strong></span> <span class='ocrx_word' id='word_1_451' title='bbox 488 2094 526 2117; x_wconf 88' lang='lat' dir='ltr'><strong>Eo</strong></span> <span class='ocrx_word' id='word_1_452' title='bbox 547 2094 605 2123; x_wconf 88' lang='lat' dir='ltr'><strong>ipso</strong></span> <span class='ocrx_word' id='word_1_453' title='bbox 628 2093 753 2121; x_wconf 84' lang='lat' dir='ltr'><strong>nomine;</strong></span> <span class='ocrx_word' id='word_1_454' title='bbox 776 2093 903 2116; x_wconf 86' lang='lat' dir='ltr'><strong>nimirum</strong></span> <span class='ocrx_word' id='word_1_455' title='bbox 917 2094 1110 2117; x_wconf 74' lang='lat' dir='ltr'><strong>centenorum.</strong></span> <span class='ocrx_word' id='word_1_456' title='bbox 1131 2094 1235 2117; x_wconf 73' lang='lat' dir='ltr'><strong>Diversi</strong></span> <span class='ocrx_word' id='word_1_457' title='bbox 1247 2094 1281 2118; x_wconf 89' lang='lat' dir='ltr'><strong>ab</strong></span> <span class='ocrx_word' id='word_1_458' title='bbox 1294 2094 1335 2117; x_wconf 87' lang='lat' dir='ltr'><strong>his</strong></span> <span class='ocrx_word' id='word_1_459' title='bbox 1351 2094 1415 2117; x_wconf 86' lang='lat' dir='ltr'><strong>sunt</strong></span> 
     </span>
     <span class='ocr_line' id='line_1_43' title="bbox 92 2128 374 2152; baseline -0.007 0"><span class='ocrx_word' id='word_1_460' title='bbox 92 2128 201 2152; x_wconf 70' lang='lat' dir='ltr'><strong>centeni</strong></span> <span class='ocrx_word' id='word_1_461' title='bbox 215 2128 284 2151; x_wconf 78' lang='lat' dir='ltr'><strong>inira</strong></span> <span class='ocrx_word' id='word_1_462' title='bbox 298 2133 321 2151; x_wconf 90' lang='lat' dir='ltr'><strong>c.</strong></span> <span class='ocrx_word' id='word_1_463' title='bbox 340 2133 374 2151; x_wconf 80' lang='lat'><strong>¹2.</strong></span> 
     </span>
    </p>

    <p class='ocr_par' dir='ltr' id='par_1_6' title="bbox 91 2162 1414 2292">
     <span class='ocr_line' id='line_1_44' title="bbox 121 2162 1410 2194; baseline 0 -9"><span class='ocrx_word' id='word_1_464' title='bbox 121 2164 175 2186; x_wconf 88' lang='lat' dir='ltr'><strong>VII.</strong></span> <span class='ocrx_word' id='word_1_465' title='bbox 190 2168 210 2186; x_wconf 77' lang='grc' dir='ltr'><strong>ι.</strong></span> <span class='ocrx_word' id='word_1_466' title='bbox 225 2162 266 2186; x_wconf 88' lang='lat' dir='ltr'><strong>Sc.</strong></span> <span class='ocrx_word' id='word_1_467' title='bbox 279 2163 381 2186; x_wconf 64' lang='lat' dir='ltr'><strong>sur-2.</strong></span> <span class='ocrx_word' id='word_1_468' title='bbox 395 2164 438 2187; x_wconf 84' lang='lat' dir='ltr'><strong>Sc.</strong></span> <span class='ocrx_word' id='word_1_469' title='bbox 453 2164 481 2187; x_wconf 90' lang='lat' dir='ltr'><strong>in</strong></span> <span class='ocrx_word' id='word_1_470' title='bbox 494 2164 673 2194; x_wconf 71' lang='lat' dir='ltr'><strong>aliquem—5.</strong></span> <span class='ocrx_word' id='word_1_471' title='bbox 687 2163 748 2187; x_wconf 89' lang='lat' dir='ltr'><strong>Non</strong></span> <span class='ocrx_word' id='word_1_472' title='bbox 762 2163 873 2187; x_wconf 83' lang='lat' dir='ltr'><strong>deorum</strong></span> <span class='ocrx_word' id='word_1_473' title='bbox 887 2168 945 2186; x_wconf 85' lang='lat' dir='ltr'><strong>esse</strong></span> <span class='ocrx_word' id='word_1_474' title='bbox 959 2163 1069 2192; x_wconf 83' lang='lat' dir='ltr'><strong>effigies,</strong></span> <span class='ocrx_word' id='word_1_475' title='bbox 1084 2164 1197 2193; x_wconf 82' lang='lat' dir='ltr'><strong>apparet</strong></span> <span class='ocrx_word' id='word_1_476' title='bbox 1209 2169 1241 2187; x_wconf 83' lang='lat' dir='ltr'><strong>ex</strong></span> <span class='ocrx_word' id='word_1_477' title='bbox 1257 2168 1282 2187; x_wconf 88' lang='lat' dir='ltr'><strong>c.</strong></span> <span class='ocrx_word' id='word_1_478' title='bbox 1298 2168 1320 2187; x_wconf 76' lang='lat' dir='ltr'><strong>a.</strong></span> <span class='ocrx_word' id='word_1_479' title='bbox 1334 2163 1410 2187; x_wconf 79' lang='lat' dir='ltr'><strong>Hist.</strong></span> 
     </span>
     <span class='ocr_line' id='line_1_45' title="bbox 92 2198 1413 2229; baseline 0 -7"><span class='ocrx_word' id='word_1_480' title='bbox 92 2200 134 2225; x_wconf 92' lang='lat' dir='ltr'><strong>IV,</strong></span> <span class='ocrx_word' id='word_1_481' title='bbox 148 2203 176 2221; x_wconf 63' lang='grc' dir='ltr'><strong>«η</strong></span> <span class='ocrx_word' id='word_1_482' title='bbox 188 2205 193 2221; x_wconf 93' lang='lat'>:</span> <span class='ocrx_word' id='word_1_483' title='bbox 208 2199 383 2228; x_wconf 78' lang='lat' dir='ltr'><strong>depromptoe</strong></span> <span class='ocrx_word' id='word_1_484' title='bbox 402 2200 481 2223; x_wconf 74' lang='lat' dir='ltr'><strong>silvis</strong></span> <span class='ocrx_word' id='word_1_485' title='bbox 495 2200 601 2224; x_wconf 77' lang='lat' dir='ltr'><strong>lucisve</strong></span> <span class='ocrx_word' id='word_1_486' title='bbox 608 2200 748 2229; x_wconf 81' lang='lat' dir='ltr'><strong>ferarum</strong></span> <span class='ocrx_word' id='word_1_487' title='bbox 762 2200 900 2229; x_wconf 76' lang='lat' dir='ltr'><strong>imayines</strong></span> <span class='ocrx_word' id='word_1_488' title='bbox 911 2218 917 2227; x_wconf 83' lang='lat'><em>‚</em></span> <span class='ocrx_word' id='word_1_489' title='bbox 930 2200 964 2223; x_wconf 80' lang='lat' dir='ltr'><strong>ut</strong></span> <span class='ocrx_word' id='word_1_490' title='bbox 982 2200 1006 2222; x_wconf 87' lang='lat' dir='ltr'><strong>ei</strong></span> <span class='ocrx_word' id='word_1_491' title='bbox 1020 2199 1096 2228; x_wconf 70' lang='lat' dir='ltr'><strong>yentz·</strong></span> <span class='ocrx_word' id='word_1_492' title='bbox 1115 2199 1189 2223; x_wconf 80' lang='lat' dir='ltr'><strong>inire</strong></span> <span class='ocrx_word' id='word_1_493' title='bbox 1201 2198 1334 2228; x_wconf 76' lang='lat' dir='ltr'><strong>proelium</strong></span> <span class='ocrx_word' id='word_1_494' title='bbox 1356 2204 1413 2223; x_wconf 80' lang='lat' dir='ltr'><strong>mos</strong></span> 
     </span>
     <span class='ocr_line' id='line_1_46' title="bbox 91 2234 1414 2265; baseline 0.002 -10"><span class='ocrx_word' id='word_1_495' title='bbox 91 2235 200 2257; x_wconf 52' lang='lat' dir='ltr'><strong>esa—⁴.</strong></span> <span class='ocrx_word' id='word_1_496' title='bbox 217 2234 318 2257; x_wconf 88' lang='lat' dir='ltr'><strong>Uxores</strong></span> <span class='ocrx_word' id='word_1_497' title='bbox 331 2236 359 2258; x_wconf 90' lang='lat' dir='ltr'><strong>et</strong></span> <span class='ocrx_word' id='word_1_498' title='bbox 370 2234 457 2259; x_wconf 71' lang='lat' dir='ltr'><strong>liberi.</strong></span> <span class='ocrx_word' id='word_1_499' title='bbox 466 2248 490 2251; x_wconf 78' lang='lat'><strong>—</strong></span> <span class='ocrx_word' id='word_1_500' title='bbox 499 2241 521 2258; x_wconf 75' lang='lat'><strong>5.</strong></span> <span class='ocrx_word' id='word_1_501' title='bbox 536 2236 700 2265; x_wconf 83' lang='lat' dir='ltr'><strong>comparare</strong></span> <span class='ocrx_word' id='word_1_502' title='bbox 713 2235 785 2258; x_wconf 84' lang='lat' dir='ltr'><strong>inter</strong></span> <span class='ocrx_word' id='word_1_503' title='bbox 797 2240 826 2258; x_wconf 86' lang='lat' dir='ltr'><strong>se</strong></span> <span class='ocrx_word' id='word_1_504' title='bbox 838 2235 950 2258; x_wconf 87' lang='lat' dir='ltr'><strong>vulnera</strong></span> <span class='ocrx_word' id='word_1_505' title='bbox 963 2240 1024 2258; x_wconf 87' lang='lat' dir='ltr'><strong>cum</strong></span> <span class='ocrx_word' id='word_1_506' title='bbox 1035 2234 1114 2258; x_wconf 85' lang='lat' dir='ltr'><strong>laude</strong></span> <span class='ocrx_word' id='word_1_507' title='bbox 1127 2235 1185 2262; x_wconf 83' lang='lat' dir='ltr'><strong>ejus</strong></span> <span class='ocrx_word' id='word_1_508' title='bbox 1198 2234 1243 2263; x_wconf 89' lang='lat' dir='ltr'><strong>qui</strong></span> <span class='ocrx_word' id='word_1_509' title='bbox 1258 2234 1414 2258; x_wconf 80' lang='lat' dir='ltr'><strong>honestiora</strong></span> 
     </span>
     <span class='ocr_line' id='line_1_47' title="bbox 92 2268 192 2292; baseline -0.02 -1"><span class='ocrx_word' id='word_1_510' title='bbox 92 2268 192 2292; x_wconf 80' lang='lat' dir='ltr'><strong>tulerit.</strong></span> 
     </span>
    </p>

    <p class='ocr_par' dir='ltr' id='par_1_7' title="bbox 91 2302 1413 2442">
     <span class='ocr_line' id='line_1_48' title="bbox 121 2302 1413 2334; baseline 0.002 -8"><span class='ocrx_word' id='word_1_511' title='bbox 121 2302 190 2326; x_wconf 86' lang='lat' dir='ltr'><strong>VIII.</strong></span> <span class='ocrx_word' id='word_1_512' title='bbox 212 2309 231 2327; x_wconf 78' lang='grc' dir='ltr'><strong>ι.</strong></span> <span class='ocrx_word' id='word_1_513' title='bbox 252 2304 351 2328; x_wconf 82' lang='lat' dir='ltr'><strong>Confer</strong></span> <span class='ocrx_word' id='word_1_514' title='bbox 370 2306 458 2329; x_wconf 73' lang='lat' dir='ltr'><strong>caesar</strong></span> <span class='ocrx_word' id='word_1_515' title='bbox 476 2306 506 2329; x_wconf 87' lang='grc' dir='ltr'><strong>Β.</strong></span> <span class='ocrx_word' id='word_1_516' title='bbox 524 2306 596 2330; x_wconf 60' lang='lat' dir='ltr'><strong>Gall.</strong></span> <span class='ocrx_word' id='word_1_517' title='bbox 613 2307 640 2334; x_wconf 87' lang='lat'><strong>1,</strong></span> <span class='ocrx_word' id='word_1_518' title='bbox 654 2311 679 2329; x_wconf 69' lang='grc' dir='ltr'><strong>ει</strong></span> <span class='ocrx_word' id='word_1_519' title='bbox 694 2324 700 2334; x_wconf 86' lang='grc'><strong><em>,</em></strong></span> <span class='ocrx_word' id='word_1_520' title='bbox 720 2305 852 2330; x_wconf 81' lang='lat' dir='ltr'><strong>Plutarch.</strong></span> <span class='ocrx_word' id='word_1_521' title='bbox 874 2304 971 2329; x_wconf 77' lang='lat' dir='ltr'><strong>Mario</strong></span> <span class='ocrx_word' id='word_1_522' title='bbox 987 2310 1011 2329; x_wconf 84' lang='lat' dir='ltr'><strong>e.</strong></span> <span class='ocrx_word' id='word_1_523' title='bbox 1029 2309 1069 2334; x_wconf 78' lang='lat'><strong>¹9,</strong></span> <span class='ocrx_word' id='word_1_524' title='bbox 1083 2310 1192 2329; x_wconf 62' lang='lat' dir='ltr'><strong>siz—2.</strong></span> <span class='ocrx_word' id='word_1_525' title='bbox 1213 2304 1359 2328; x_wconf 77' lang='lat' dir='ltr'><strong>suetonius</strong></span> <span class='ocrx_word' id='word_1_526' title='bbox 1378 2304 1413 2328; x_wconf 90' lang='lat' dir='ltr'><strong>de</strong></span> 
     </span>
     <span class='ocr_line' id='line_1_49' title="bbox 93 2339 1411 2371; baseline 0.003 -11"><span class='ocrx_word' id='word_1_527' title='bbox 93 2340 223 2367; x_wconf 74' lang='lat' dir='ltr'><strong>Augusto,</strong></span> <span class='ocrx_word' id='word_1_528' title='bbox 237 2345 259 2362; x_wconf 93' lang='lat' dir='ltr'><strong>c.</strong></span> <span class='ocrx_word' id='word_1_529' title='bbox 275 2345 299 2362; x_wconf 61' lang='grc' dir='ltr'><strong>ει</strong></span> <span class='ocrx_word' id='word_1_530' title='bbox 312 2346 318 2363; x_wconf 78' lang='lat' dir='ltr'>z</span> <span class='ocrx_word' id='word_1_531' title='bbox 334 2341 359 2363; x_wconf 83' lang='lat' dir='ltr'><em>A</em></span> <span class='ocrx_word' id='word_1_532' title='bbox 371 2340 540 2370; x_wconf 74' lang='lat' dir='ltr'><strong>quibusdam</strong></span> <span class='ocrx_word' id='word_1_533' title='bbox 554 2348 657 2365; x_wconf 80' lang='lat' dir='ltr'><strong>novum</strong></span> <span class='ocrx_word' id='word_1_534' title='bbox 668 2347 755 2371; x_wconf 74' lang='lat' dir='ltr'><strong>qenus</strong></span> <span class='ocrx_word' id='word_1_535' title='bbox 769 2341 906 2368; x_wconf 81' lang='lat' dir='ltr'><strong>obsidum,</strong></span> <span class='ocrx_word' id='word_1_536' title='bbox 915 2340 1050 2369; x_wconf 75' lang='lat' dir='ltr'><strong>semina5‚</strong></span> <span class='ocrx_word' id='word_1_537' title='bbox 1064 2341 1176 2370; x_wconf 74' lang='lat' dir='ltr'><strong>eoeiqerc</strong></span> <span class='ocrx_word' id='word_1_538' title='bbox 1190 2340 1323 2368; x_wconf 73' lang='lat' dir='ltr'><strong>tentavit,</strong></span> <span class='ocrx_word' id='word_1_539' title='bbox 1335 2339 1411 2369; x_wconf 78' lang='lat' dir='ltr'><strong>quod</strong></span> 
     </span>
     <span class='ocr_line' id='line_1_50' title="bbox 91 2373 1410 2405; baseline -0.002 -4"><span class='ocrx_word' id='word_1_540' title='bbox 91 2373 231 2402; x_wconf 63' lang='lat' dir='ltr'><strong>”eflliyere</strong></span> <span class='ocrx_word' id='word_1_541' title='bbox 244 2375 370 2399; x_wconf 79' lang='lat' dir='ltr'><strong>marium</strong></span> <span class='ocrx_word' id='word_1_542' title='bbox 381 2376 504 2405; x_wconf 71' lang='lat' dir='ltr'><strong>piqnora</strong></span> <span class='ocrx_word' id='word_1_543' title='bbox 519 2377 664 2401; x_wconf 80' lang='lat' dir='ltr'><strong>sentiebat.</strong></span> <span class='ocrx_word' id='word_1_544' title='bbox 675 2390 703 2393; x_wconf 98' lang='lat'><strong>—</strong></span> <span class='ocrx_word' id='word_1_545' title='bbox 713 2383 734 2400; x_wconf 76' lang='lat'><strong>5.</strong></span> <span class='ocrx_word' id='word_1_546' title='bbox 746 2377 820 2400; x_wconf 84' lang='lat' dir='ltr'><strong>Conf.</strong></span> <span class='ocrx_word' id='word_1_547' title='bbox 834 2377 929 2403; x_wconf 84' lang='lat' dir='ltr'><strong>Caesar,</strong></span> <span class='ocrx_word' id='word_1_548' title='bbox 943 2377 1018 2404; x_wconf 73' lang='lat' dir='ltr'><strong>I,5o.</strong></span> <span class='ocrx_word' id='word_1_549' title='bbox 1030 2388 1057 2392; x_wconf 98' lang='lat'><strong>—</strong></span> <span class='ocrx_word' id='word_1_550' title='bbox 1067 2381 1087 2399; x_wconf 76' lang='lat'><strong>4.</strong></span> <span class='ocrx_word' id='word_1_551' title='bbox 1102 2377 1139 2399; x_wconf 84' lang='lat' dir='ltr'><strong>De</strong></span> <span class='ocrx_word' id='word_1_552' title='bbox 1153 2381 1204 2404; x_wconf 87' lang='lat' dir='ltr'><strong>qua</strong></span> <span class='ocrx_word' id='word_1_553' title='bbox 1219 2375 1290 2399; x_wconf 76' lang='lat' dir='ltr'><strong>Hisc.</strong></span> <span class='ocrx_word' id='word_1_554' title='bbox 1306 2375 1338 2398; x_wconf 88' lang='lat' dir='ltr'><strong>Ill</strong></span> <span class='ocrx_word' id='word_1_555' title='bbox 1347 2393 1353 2403; x_wconf 87' lang='lat'>,</span> <span class='ocrx_word' id='word_1_556' title='bbox 1366 2379 1393 2399; x_wconf 70' lang='grc' dir='ltr'><strong>ει</strong></span> <span class='ocrx_word' id='word_1_557' title='bbox 1402 2391 1410 2402; x_wconf 85' lang='grc'><em>,</em></span> 
     </span>
     <span class='ocr_line' id='line_1_51' title="bbox 91 2409 1410 2442; baseline 0.003 -11"><span class='ocrx_word' id='word_1_558' title='bbox 91 2412 134 2436; x_wconf 68' lang='lat' dir='ltr'><strong>cs;</strong></span> <span class='ocrx_word' id='word_1_559' title='bbox 150 2409 178 2437; x_wconf 86' lang='lat' dir='ltr'><strong>V,</strong></span> <span class='ocrx_word' id='word_1_560' title='bbox 192 2414 221 2432; x_wconf 73' lang='lat'><strong>22</strong></span> <span class='ocrx_word' id='word_1_561' title='bbox 232 2411 259 2433; x_wconf 90' lang='lat' dir='ltr'><strong>et</strong></span> <span class='ocrx_word' id='word_1_562' title='bbox 271 2415 311 2434; x_wconf 75' lang='lat'><strong>24·</strong></span> <span class='ocrx_word' id='word_1_563' title='bbox 330 2411 478 2440; x_wconf 67' lang='lat' dir='ltr'><strong>captivam</strong></span> <span class='ocrx_word' id='word_1_564' title='bbox 492 2413 557 2436; x_wconf 78' lang='lat' dir='ltr'><strong>dicit</strong></span> <span class='ocrx_word' id='word_1_565' title='bbox 570 2414 678 2440; x_wconf 83' lang='lat' dir='ltr'><strong>Statius,</strong></span> <span class='ocrx_word' id='word_1_566' title='bbox 693 2413 758 2438; x_wconf 76' lang='lat' dir='ltr'><strong>Silv.</strong></span> <span class='ocrx_word' id='word_1_567' title='bbox 774 2413 801 2442; x_wconf 86' lang='lat'><strong>1,</strong></span> <span class='ocrx_word' id='word_1_568' title='bbox 814 2417 842 2440; x_wconf 75' lang='lat'><strong>4,</strong></span> <span class='ocrx_word' id='word_1_569' title='bbox 856 2416 901 2436; x_wconf 63' lang='grc' dir='ltr'><strong>θυι</strong></span> <span class='ocrx_word' id='word_1_570' title='bbox 915 2411 977 2436; x_wconf 84' lang='lat' dir='ltr'><strong>hine</strong></span> <span class='ocrx_word' id='word_1_571' title='bbox 991 2412 1073 2441; x_wconf 74' lang='lat' dir='ltr'><strong>igitur</strong></span> <span class='ocrx_word' id='word_1_572' title='bbox 1087 2413 1116 2437; x_wconf 81' lang='lat' dir='ltr'><strong>et</strong></span> <span class='ocrx_word' id='word_1_573' title='bbox 1127 2417 1161 2437; x_wconf 73' lang='lat' dir='ltr'><strong>ex</strong></span> <span class='ocrx_word' id='word_1_574' title='bbox 1175 2411 1264 2437; x_wconf 83' lang='lat' dir='ltr'><strong>Taciti</strong></span> <span class='ocrx_word' id='word_1_575' title='bbox 1276 2410 1410 2437; x_wconf 82' lang='lat' dir='ltr'><strong>vocabulo</strong></span> 
     </span>
    </p>
   </div>
   <div class='ocr_carea' id='block_1_4' title="bbox 1528 1491 1539 2564">
    <p class='ocr_par' dir='ltr' id='par_1_8' title="bbox 1528 1491 1539 2564">
     <span class='ocr_line' id='line_1_52' title="bbox 1528 1491 1539 2564; baseline 0 0"><span class='ocrx_word' id='word_1_576' title='bbox 1528 1491 1539 2564; x_wconf 95' lang='lat' dir='ltr'><strong> </strong></span> 
     </span>
    </p>
   </div>
  </div>
 </body>
</html>
