1539 2668
475 174 511 202 A.
536 173 574 202 U.
599 173 634 201 C.
656 171 726 200 778.
751 172 787 200 A.
811 172 847 201 C.
872 172 923 200 25.
1301 170 1357 201 105

40 249 110 291 ejus
127 258 234 290 operae
258 257 380 281 memor
396 247 560 285 Tiberius,
587 245 643 278 sed
669 246 731 277 alia
754 245 976 286 praetendens,
993 244 1145 276 exsilium
1167 244 1358 285 deprecatus

40 297 91 329 est
105 306 113 327 z
131 295 306 337 quominus
322 297 433 327 senatu
450 294 631 335 pelleretur,
646 301 710 324 non
726 293 862 324 obstitit.

80 347 202 376 XXXII.
226 343 382 382 Pleraque,
400 350 511 373 eorum
537 349 610 381 quae
625 340 741 379 retuli,
771 348 909 380 quaeque
930 339 1083 377 referam,
1104 347 1204 378 parva
1224 339 1358 370 forsitan

39 391 72 422 et
98 390 181 421 levia
196 391 375 421 memoratu
400 387 502 419 videri
528 397 592 420 non
617 387 748 419 nescius
776 396 848 418 sum
867 397 875 417 :
894 386 949 418 sed
970 394 1064 417 nemo
1082 385 1213 416 annales
1230 389 1358 417 nostros

41 444 115 467 cum
137 437 296 477 scriptura
319 444 430 467 eorum
459 434 682 474 contenderit,
702 434 758 474 qui
775 437 901 465 veteres
918 433 1028 474 populi
1046 432 1181 464 Romani
1205 442 1254 463 res
1271 442 1357 464 coni—

39 492 184 522 posuere.
202 483 341 523 ingentia
354 482 400 514 illi
416 482 500 513 bella
511 506 520 521 ,
535 482 790 522 expugnationes
804 481 933 512 urbium
944 505 954 520 ,
968 482 1058 512 fusos
1070 483 1245 520 captosque
1257 489 1358 519 reges,

39 533 96 561 aut
115 530 288 570 siquando
307 529 348 561 ad
372 530 498 561 interna
523 529 773 570 praeverterent,
795 528 971 560 discordias
996 527 1164 559 consulum
1187 527 1359 559 adversum

38 576 205 617 tribunos,
219 577 356 617 agrarias
374 576 663 615 frumentariasque
679 576 780 616 leges,
798 575 898 615 plebis
913 577 945 606 et
960 574 1163 615 optimatium
1181 575 1358 606 certamina

36 622 138 655 libero
157 632 284 664 egressu
311 622 545 655 memorabant.
570 622 663 653 nobis
687 622 717 652 in
742 625 831 653 arcto
856 625 887 653 et
914 621 1071 661 inglorius
1095 621 1195 653 labor.
1221 622 1359 654 immota

37 670 158 711 quippe
170 673 227 704 aut
240 671 364 703 modice
377 670 525 702 lacessita
542 678 604 710 pax
615 693 624 709 ,
638 670 763 700 moestae
776 669 871 700 Urbis
890 678 952 708 reS‚
964 671 995 700 et
1012 669 1163 709 Princeps
1175 669 1359 709 proferendi

36 716 165 757 imperii
180 719 361 750 incuriosus
380 718 460 750 erat.
482 726 548 748 non
563 719 671 748 tamen
685 716 754 747 sine
773 725 834 747 usu
852 716 946 747 fuerit
963 716 1172 756 introspicere
1186 716 1240 748 illa
1253 717 1359 758 primo

38 767 169 804 aspectu
183 764 284 805 levia,
301 775 340 796 ex
356 766 430 805 quis
451 772 639 804 magnarum
654 772 739 803 saepe
753 773 860 795 rerum
879 766 987 795 motus
1006 763 1012 780 ¹
1030 763 1191 795 oriuntur.

78 815 214 845 XXXIII.
239 817 319 845 Nam
341 813 475 843 cunctas
491 811 635 842 nationes
652 812 684 842 et
702 811 796 842 urbes
813 812 948 851 populus
970 811 1026 840 aut
1043 810 1199 849 primores
1224 812 1281 843 aut
1297 812 1359 843 sin-

37 859 102 896 guli
118 861 232 899 regunt
249 869 257 890 :
276 859 399 891 delecta
422 867 461 890 ex
479 858 518 889 iis
535 860 568 889 et
587 858 768 889 consociata
791 858 978 898 reipublicae
995 857 1117 887 forma¹
1143 857 1266 889 laudari
1283 858 1359 889 faci-

37 905 98 937 lius
116 915 212 946 quam
228 907 372 944 evenire,
389 906 439 936 vel
455 905 481 937 si
495 905 620 945 evenit,
639 905 724 935 haud
737 905 889 936 diuturna
902 914 971 936 esse
985 906 1101 944 potest.
1119 905 1216 944 igitur
1230 909 1266 936 ut
1281 907 1358 937 olim

36 952 128 991 plebe
144 952 269 993 valida,
289 953 339 984 vel
355 961 457 993 quum
474 955 581 983 Patres
596 953 772 992 pollerent,
787 952 949 984 noscenda
963 951 1049 990 vulgi
1064 953 1176 982 natura
1192 954 1224 983 et
1239 953 1357 992 quibus

36 999 141 1031 modis
163 1001 381 1040 temperanter
401 999 572 1031 haberetur
588 999 613 1039 ²,
632 1002 825 1040 senatusque
850 1000 883 1030 et
911 997 1120 1038 optimatium
1150 998 1277 1038 ingenia
1303 1001 1359 1039 qui

36 1047 176 1079 maxime
198 1047 459 1088 perdidicerant,
482 1047 590 1078 callidi
615 1048 799 1086 temporum
826 1049 858 1078 et
880 1046 1039 1086 sapientes
1061 1045 1289 1084 credebantur;
1312 1046 1357 1078 sic

35 1102 191 1126 converso
208 1096 295 1126 statu
308 1118 318 1134 ‚
341 1102 446 1135 neque
459 1093 521 1125 alia
537 1103 570 1125 re
587 1097 732 1125 Romana
745 1103 842 1134 quam
859 1093 886 1124 si
901 1102 985 1124 unus
1001 1093 1180 1132 imperitet,
1197 1094 1265 1124 haec
1280 1103 1358 1125 con-

35 1140 120 1180 quiri
132 1141 279 1181 tradique
292 1141 324 1172 in
336 1149 403 1172 rem
421 1140 519 1172 fuerit
528 1164 537 1180 ,
551 1141 628 1181 quia
641 1141 735 1181 pauci
749 1140 918 1181 prudentia
932 1141 1066 1171 honesta
1079 1139 1119 1170 ab
1130 1140 1356 1182 deterioribus,

35 1187 131 1218 utilia
146 1188 189 1219 ob
202 1188 309 1219 noxiis
321 1187 531 1227 discernunt,
551 1187 658 1228 plures
672 1188 809 1219 aliorum
827 1187 952 1219 eventis
969 1187 1137 1217 (locentur.
1156 1188 1298 1219 ceterum
1320 1193 1358 1221 ut

34 1234 226 1274 profutura,
244 1234 289 1266 ita
308 1233 481 1264 minimum
498 1234 720 1265 oblectationis
739 1234 888 1265 afferunt.
914 1242 990 1264 nam
1017 1233 1100 1264 situs
1116 1234 1259 1272 gentium
1271 1259 1279 1272 ‚
1304 1244 1358 1267 va-

34 1282 165 1313 rietates
186 1281 394 1322 proeliorum,
411 1281 486 1312 clari
508 1280 628 1313 ducum
648 1282 755 1313 exitus
779 1281 918 1313 retinent
944 1289 981 1312 ac
1006 1280 1222 1319 redintegrant
1250 1281 1358 1321 legeu-

34 1327 116 1359 tium
132 1329 296 1360 animum:
311 1336 371 1359 nos
384 1327 592 1368 saevajussa,
603 1329 773 1360 continuas
788 1327 1027 1365 accusationes,
1043 1327 1169 1358 fallaces
1186 1328 1357 1369 amicitias,

33 1375 208 1415 perniciem
230 1375 452 1406 innocentium
479 1377 511 1407 et
528 1375 659 1406 easdem
679 1376 768 1407 exitu
784 1375 795 1392 ³
826 1384 941 1406 causas
964 1374 1206 1413 conjungimus,
1232 1375 1326 1407 obvia
1343 1377 1354 1395 ⁴

32 1431 141 1454 rerum
156 1421 366 1454 similitudine
380 1424 411 1453 et
424 1422 583 1454 satietate.
601 1423 672 1454 tum
686 1421 773 1462 quod
786 1422 928 1462 antiquis
948 1420 1159 1460 scriptoribus
1188 1430 1277 1453 rarus
1301 1423 1358 1454 ob-

33 1470 198 1508 trectator,
213 1477 318 1509 neque
334 1468 432 1500 refert
445 1470 639 1508 cujusquam
650 1493 659 1509 ‚
674 1468 810 1500 Punicas
830 1472 1031 1499 Romanasve
1045 1467 1128 1498 acies
1146 1468 1251 1499 laetius
1268 1473 1359 1501 extu-

33 1516 108 1549 leris
131 1526 139 1547 ε
162 1518 196 1548 at
209 1515 406 1555 multorum,
432 1516 488 1556 qui
515 1516 642 1547 Tiberio
661 1518 789 1556 regente
805 1524 931 1556 poenam
958 1515 1007 1545 vel
1033 1514 1184 1545 infamias
1206 1516 1355 1556 subiere,

32 1563 153 1605 posteri
166 1565 297 1595 manent
315 1573 322 1593 :
340 1566 439 1603 utque
455 1563 586 1594 familiae
600 1564 678 1603 ipsae
691 1564 756 1603 Jam
773 1563 942 1594 exstinctae
955 1562 1029 1600 sint,
1040 1562 1176 1602 reperies
1192 1563 1246 1602 qni
1262 1564 1303 1594 ob
1318 1567 1358 1596 si-

33 1610 248 1643 militudinem
263 1619 389 1641 morum
405 1610 508 1641 aliena
520 1610 688 1642 malefacta
701 1610 764 1642 sibi
778 1609 932 1650 objectari
949 1611 1071 1650 putent.
1088 1609 1184 1639 etiam
1207 1609 1304 1649 gloria
1319 1621 1358 1643 ac

32 1658 137 1689 virtus
164 1657 305 1689 infensos
331 1657 428 1689 habet
443 1657 470 1698 ⁵,
489 1660 527 1688 ut
550 1658 646 1689 nimis
662 1666 702 1690 ex
721 1658 902 1698 propinquo
926 1656 1052 1688 diversa
1072 1664 1218 1695 arguens.
1235 1658 1290 1689 sed
1316 1659 1355 1690 ad

34 1706 138 1745 coepta
152 1704 260 1737 redeo.
1256 1737 1262 1741 ,

74 1754 208 1783 XXXIV.
233 1751 380 1784 Cornelio
397 1755 512 1792 Cosso,
533 1752 643 1784 Asinio
658 1753 794 1792 Agrippa
808 1756 898 1783 Coss.
919 1751 926 1768 ¹
946 1751 1128 1783 Cremutius
1149 1751 1271 1783 Cordus
1298 1762 1357 1793 po·

35 1798 174 1831 stulatur
188 1807 273 1830 novo
289 1807 326 1830 ac
354 1801 433 1830 tunc
448 1799 590 1840 primum
617 1799 727 1830 audito
747 1799 904 1838 crimine,
930 1797 1021 1838 quod
1045 1797 1142 1829 editis
1168 1800 1355 1831 annalibus

35 1845 244 1887 laudatoque
275 1847 322 1878 M.
342 1848 465 1885 Bruto,
489 1848 525 1877 C.
546 1848 705 1878 Cassium
729 1848 964 1877 Romanorum
985 1845 1149 1876 ultimum
1171 1845 1352 1877 dixisset?

33 1891 228 1925 accusabant
242 1892 366 1925 Satrius
380 1893 549 1924 Secundus
569 1896 602 1924 et
615 1892 762 1925 Pinarius
775 1894 870 1923 Natta
882 1915 892 1931 ,
917 1891 1020 1931 sejani
1034 1892 1165 1923 clientes
1181 1902 1188 1922 z
1206 1893 1236 1923 id
1252 1893 1357 1933 perni-

33 1939 147 1971 ciabile
168 1947 239 1978 reo,
255 1940 288 1971 et
302 1943 408 1971 caesar
425 1940 508 1970 truci
521 1939 614 1971 vultu
631 1939 849 1970 defensionem
864 1938 1039 1977 accipiens3
1056 1947 1153 1977 quam
1170 1940 1357 1971 Cremutius

34 1986 249 2026 relinquendae
262 1986 339 2018 vitae
354 1988 462 2017 certus
485 1986 520 2016 in
539 1986 625 2017 hunc
642 1985 775 2017 modum
793 1993 926 2016 exorsus
946 1987 995 2016 est
1010 1994 1017 2014 ;
1036 1997 1052 2011 «
1069 1984 1172 2015 Verba
1190 1994 1261 2016 mea
1273 2010 1281 2024 ‚
1300 1990 1357 2017 Pa-

35 2046 50 2061 «
67 2034 132 2064 tres
149 2033 345 2073 conscripti,
367 2034 566 2073 arguuntur:
584 2033 664 2064 adeo
690 2032 850 2063 factorum
876 2031 1030 2062 innocens
1055 2039 1139 2061 sum.
1167 2030 1222 2062 sed
1250 2041 1355 2073 neque

35 2092 50 2107 ιι
67 2080 140 2111 haec
155 2080 188 2112 in
205 2080 388 2120 Principem
405 2082 462 2110 aut
475 2079 634 2120 Principis
653 2080 820 2120 parentem
832 2102 842 2118 ,
860 2087 941 2118 quos
960 2078 1011 2109 lex
1035 2077 1213 2115 majestatis
1234 2079 1355 2119 ample-

34 2138 51 2154 «
66 2128 183 2159 ctitur:
201 2128 335 2160 Brutum
357 2129 390 2159 et
410 2127 555 2160 cassium
576 2126 759 2158 laudavisse
776 2126 877 2165 dicor,
901 2133 1039 2165 quorum
1059 2133 1109 2155 res
1132 2126 1236 2163 gestas
1253 2135 1356 2165 quum

61 2210 172 2235 xxxn.
185 2216 205 2235 ι.
219 2210 403 2239 Momenta,ut
412 2210 515 2234 Livius:
524 2209 567 2233 Ex
576 2209 675 2238 parvis
685 2214 757 2237 ωερε
768 2212 942 2237 maenarum
955 2207 1098 2230 momenta
1110 2211 1211 2230 rerum
1224 2207 1360 2236 pendent,

63 2246 186 2271 xxxul.
202 2251 222 2270 ι.
236 2246 301 2276 Quae
313 2245 475 2269 describitur
489 2246 517 2269 et
531 2245 739 2269 commendatur
753 2250 769 2266 a
786 2243 915 2267 Cicerone
929 2243 968 2266 De
986 2241 1090 2271 republ.
1111 2241 1130 2269 1,
1148 2246 1185 2264 45.
1200 2254 1225 2257 -
1243 2247 1265 2265 2.
1285 2244 1356 2270 Hinc

36 2281 155 2305 variatur
165 2282 311 2309 structura,
323 2286 355 2305 ac
369 2281 393 2304 si
411 2281 543 2311 scriptum
558 2281 637 2307 esset,
652 2280 701 2309 qui
724 2279 916 2308 coqnoverant
934 2277 1014 2307 vulyi
1027 2278 1168 2300 naturam
1181 2277 1209 2300 ec
1220 2277 1355 2306 quibus...

36 2315 202 2340 haberetur.
215 2321 275 2340 —3.
290 2316 410 2340 Eundem
425 2322 534 2345 semper
547 2316 648 2340 exitum
663 2315 793 2339 habentes
803 2332 809 2343 ,
824 2314 948 2338 nimirum
963 2312 1224 2336 condemnationem.
1235 2324 1263 2328 ——
1277 2318 1298 2336 ⁴.
1312 2316 1346 2338 sc

32 2351 197 2376 lectoribus.
207 2364 234 2369 -
245 2356 268 2376 ε.
278 2351 409 2380 Offendlt‚
427 2351 505 2381 quasi
515 2351 661 2376 virtutibus
674 2351 753 2375 nimis
769 2349 928 2379 propinquis
945 2350 973 2373 et
984 2348 1105 2377 ejusdem
1120 2346 1209 2371 aetatis
1223 2349 1356 2374 notentur

38 2387 101 2411 vitia
117 2392 176 2416 quae
185 2386 311 2411 obtinent
321 2387 470 2411 contraria.

65 2421 184 2447 xinV.
202 2427 222 2447 ι.
237 2422 313 2447 Anno
325 2422 355 2448 U.
366 2427 417 2452 ⁷⁷⁸,
431 2428 458 2452 p.
473 2422 534 2449 Chr.
548 2428 620 2448 es-
637 2427 661 2448 2.
673 2423 714 2447 Sc.
733 2422 762 2446 in
783 2420 835 2446 illis
856 2420 1007 2445 annalibus,
1021 2420 1061 2444 Ita
1073 2418 1165 2443 autem
1177 2418 1275 2442 Brutus
1296 2418 1359 2448 ipsc·

1148 2462 1186 2494 5.
