1539 2668
125 147 144 175 8
534 144 667 173 TACITI
689 144 899 173 ANNALIUM
922 145 995 172 LIB.
1020 144 1050 175 1.

124 233 221 264 royo,
245 222 370 263 inquit,
398 224 528 262 Caesar,
555 231 661 264 quam
687 224 824 262 partem
848 222 1047 263 reipublicae
1066 216 1232 254 mandari
1257 222 1319 254 tibi
1341 225 1453 258 velis?

124 271 293 302 Perculsus
307 269 480 310 improvisa
495 269 744 309 interrogatione
761 269 909 309 paullum
927 270 1055 302 reticuit
1072 279 1079 300 :
1098 269 1173 301 dein
1193 270 1326 301 collecto
1342 272 1452 305 animo

124 317 301 357 respondit,
319 325 539 357 nequaquam
555 316 715 347 decorum
737 316 865 356 pudori
880 325 941 348 suo
959 317 1068 357 leqere
1085 316 1220 357 aliquid
1235 318 1299 348 auc
1322 320 1454 351 evitare

123 373 166 395 ex
179 373 227 404 eo,
245 366 301 396 cui
313 366 349 395 in
365 365 568 395 universum
584 362 767 394 excusari²
783 364 917 395 mallet.
937 373 1066 395 rursum
1082 364 1193 395 Gallus
1209 363 1340 403 (etenim
1360 366 1451 396 vultu

121 412 334 443 offensionem
354 411 616 450 conjectaverat),
635 419 702 442 non
719 410 846 442 idcirco
868 412 1123 451 interroqatum
1139 412 1195 450 ait,
1218 413 1259 443 ut
1281 412 1455 444 divideret

121 467 201 499 quoe
212 460 373 498 separari
391 460 585 499 nequirent,
602 457 661 489 sed
675 459 715 488 ut
728 466 795 489 sua
811 457 1018 497 confessione
1031 460 1241 498 aryueretur
1256 467 1367 490 unum
1383 467 1454 491 esse

122 506 322 546 reipublicae
346 513 468 545 corpus
491 507 596 544 atque
620 506 725 536 unius
752 506 867 536 ammo
889 504 1085 544 reqendum.
1115 505 1239 536 addidit
1261 505 1389 537 laudem
1413 506 1454 538 de

121 555 281 593 Augusto,
303 552 531 591 Tiberiumque
556 552 662 591 ipsum
682 552 893 583 victoriarum
911 561 1063 592 suarum,
1085 562 1222 592 quaeque
1246 553 1278 584 iu
1301 555 1374 593 toga
1396 562 1456 593 per

121 602 170 631 tot
187 610 290 632 annos
307 600 430 639 egregie
450 599 590 638 fecisset,
609 599 789 631 admonuit.
812 608 872 630 nec
892 600 964 631 ideo
987 600 1067 631 iram
1090 600 1159 640 ejus
1178 600 1302 640 lenivit,
1328 600 1453 640 pridem

121 648 247 679 invisus
270 649 423 686 tanquam
443 645 539 676 ducta
558 646 589 676 in
606 646 850 678 matrimonium
874 647 1026 687 Vipsania
1047 652 1089 678 M.
1111 647 1259 687 Agrippae
1280 647 1354 687 filia,
1382 655 1455 688 quae

120 695 283 734 quondam
297 693 415 724 Tiberii
435 702 516 723 uxor
533 693 647 731 fuerat,
663 694 735 734 plus
755 703 853 734 quam
871 694 981 725 civilia
995 695 1128 734 agitaret
1144 694 1363 734 Pollionisque
1377 695 1451 726 Asi-

122 742 167 773 nii
187 743 286 781 patris
301 740 475 771 ferociam·3
502 740 663 772 retineret.

163 792 246 819 XIII.
268 789 346 819 Post
366 796 438 826 qua·
454 788 489 818 L.
508 787 694 827 Arruntius,
716 787 803 819 baud
820 787 958 819 multum
973 788 1158 828 discrepans
1172 796 1191 818 a
1204 787 1282 820 Galli
1296 788 1452 829 oratione,

121 835 254 875 perinde
277 834 427 873 offendit,
452 843 649 874 quamquam
676 835 804 866 Tiberio
821 835 909 866 nulla
926 837 1021 867 vetus
1047 835 1080 866 in
1103 835 1293 866 Arruntium
1311 835 1374 874 ira;
1397 834 1454 866 sed

121 883 268 920 divitem,
293 883 493 921 promptum,
517 882 641 913 artibus
664 882 792 922 egregiis
809 884 842 914 et
860 883 927 923 pari
949 883 1034 913 sama
1048 882 1174 923 publice
1188 882 1212 921 ¹,
1236 882 1454 922 suspectabat.

121 930 239 969 quippe
258 930 425 968 Augustus
454 929 614 967 supremis
636 929 842 960 sermonibus
866 939 967 969 quum
991 931 1144 961 tractaret
1170 929 1301 969 quinam
1322 930 1455 969 adipisci

120 976 296 1016 principem
312 975 417 1005 locuni
436 975 605 1006 suffecturi
620 975 630 993 ²
658 976 850 1014 abnuerent,
875 980 931 1007 aut
953 977 1091 1016 impares
1117 976 1249 1014 vellent,
1277 976 1328 1007 vel
1354 976 1453 1007 iidem

120 1025 253 1065 possent
267 1025 498 1063 cuperentque,
513 1025 558 1054 M.
578 1024 745 1063 Lepidum
756 1023 767 1041 ³
786 1024 911 1055 dixerat
926 1032 1100 1064 capacem,
1115 1022 1173 1054 sed
1190 1026 1452 1064 aspernantem,

124 1071 266 1102 Gallum
294 1071 449 1101 Asinium
472 1069 615 1101 avidum
632 1072 665 1101 ec
687 1072 867 1109 minorem,
891 1073 929 1102 L.
952 1072 1162 1102 Arruntium
1184 1078 1251 1101 non
1270 1070 1452 1110 indiqnum

119 1119 164 1152 el,
184 1119 213 1147 st
231 1125 332 1148 casus
347 1115 509 1155 claretur,
528 1125 711 1148 ausurum.
741 1117 781 1148 de
804 1117 964 1157 prioribus
980 1117 1201 1155 consentitur;
1220 1125 1277 1156 pro
1298 1118 1452 1148 Arruntio

119 1163 252 1202 quidam
266 1166 322 1194 Cn.
339 1162 489 1193 Pisonem
502 1162 511 1180 ⁴
536 1162 696 1194 tradidere
720 1172 727 1193 z
752 1172 928 1202 omnesque
946 1166 1060 1202 praeter
1077 1162 1232 1202 Lepidum
1258 1163 1354 1193 variis
1376 1171 1449 1193 mox

118 1210 323 1248 criminibuS,
339 1210 482 1240 struente
501 1209 641 1248 Tiberio,
658 1209 871 1239 circumventi
887 1212 971 1239 sunt.
997 1211 1104 1240 Etiam
1120 1213 1157 1248 Q.
1178 1209 1329 1240 Haterius
1344 1210 1376 1240 et
1386 1211 1453 1240 Ma·

118 1266 246 1288 mei-cus
276 1259 414 1288 Scaurus
442 1256 643 1295 suspicacem
675 1255 817 1286 animum
840 1256 1073 1295 perstrinxere,
1101 1256 1260 1295 Haterius,
1284 1265 1385 1296 quum
1406 1255 1450 1286 dj-

119 1304 230 1341 xisset,
251 1306 431 1343 Quousque
447 1304 607 1342 patieris,
625 1304 755 1341 Gaesar,
773 1311 841 1333 nou
861 1302 978 1333 adesse
992 1305 1098 1343 caput
1113 1303 1336 1342 reipublicce?
1352 1307 1450 1334 Scau-

117 1360 186 1389 rus,
203 1351 279 1390 quia
296 1349 433 1386 dixerat,
460 1357 554 1387 spem
579 1357 650 1379 esse
666 1358 710 1380 ex
727 1357 776 1387 eo,
804 1358 871 1380 non
898 1351 1023 1380 irritas
1044 1349 1126 1389 sore
1150 1351 1290 1381 senatus
1315 1358 1448 1389 preces,

117 1396 208 1438 quod
231 1396 394 1426 relationi
409 1395 588 1425 consulum.
594 1396 678 1434 jure
697 1395 893 1426 tribunicia?
905 1398 1087 1435 potestatis
1106 1405 1171 1427 non
1189 1397 1448 1427 tntercesfflsset.

117 1448 155 1476 In
172 1443 338 1474 Haterium
349 1442 457 1473 statim
475 1442 622 1473 invectus
638 1444 686 1474 est
699 1453 708 1481 ;
733 1443 903 1482 Scaurum,
920 1443 972 1473 cui
991 1443 1226 1483 implacabilius
1241 1443 1448 1482 irascebatur,

116 1490 244 1522 silentio
258 1489 409 1520 tramisit.
429 1489 599 1529 fessusque
621 1490 761 1520 clamore
778 1490 935 1528 omnium,
952 1490 1212 1530 expostulatione
1234 1491 1447 1530 singulorum,

116 1538 207 1569 flexit
221 1537 231 1554 ⁵
248 1536 425 1577 paullatim,
440 1545 505 1566 non
523 1540 557 1566 ut
575 1537 728 1568 fateretur
744 1537 864 1576 suscipi
889 1546 907 1567 a
929 1546 962 1568 se
984 1538 1165 1577 imperium,
1193 1537 1248 1568 sed
1277 1540 1311 1568 ut
1332 1546 1448 1577 negare

115 1586 149 1616 et
167 1584 270 1624 rogari
287 1583 458 1614 desineret.
480 1584 616 1614 Constat
633 1584 810 1622 Haterium,
834 1593 935 1623 quum
959 1584 1151 1624 deprecandi
1173 1593 1267 1615 causa
1291 1584 1447 1624 palatium

114 1631 279 1662 introisset
298 1629 555 1669 ambulantisque
574 1630 691 1661 Tiberii
715 1630 841 1671 genuaG
869 1631 1105 1670 advolveretur,
1126 1640 1226 1671 propo
1247 1640 1266 1662 a
1287 1631 1449 1662 militibus

115 1679 334 1716 intersectum,
353 1678 428 1717 quia
447 1677 603 1717 Tiberius,
623 1687 696 1709 casu
718 1687 757 1708 an
775 1677 924 1709 manibus
950 1679 1019 1717 ejus
1047 1677 1230 1718 impeditus,
1252 1677 1446 1718 prociderat.

114 1734 220 1765 neque
234 1728 341 1756 tamen
363 1724 505 1764 periculo
527 1725 600 1756 talis
616 1726 676 1756 viri
701 1725 865 1765 mitigatus
888 1727 955 1764 est,
979 1725 1083 1756 donec
1104 1725 1251 1756 Haterius
1267 1727 1446 1765 Augustam

115 1775 222 1804 oraret
239 1772 373 1811 ejusque
390 1771 604 1803 curatissimis
628 1772 776 1812 precibus
797 1774 1028 1813 protegeretur.

157 1823 237 1851 XIV.
254 1819 355 1850 Multa
369 1821 498 1849 patrum
515 1821 546 1850 et
560 1819 591 1849 in
605 1822 785 1859 Augustam
800 1819 953 1851 adulatio.
970 1819 1022 1850 alii
1032 1821 1217 1859 parentem
1228 1819 1282 1850 alii
1295 1820 1446 1850 matrem

110 1868 243 1908 patrlae
271 1865 512 1906 appellandam3
542 1866 696 1906 plerique,
724 1869 759 1899 ut
790 1866 913 1898 nomini
940 1866 1073 1898 Caesaris
1101 1866 1311 1897 ascriberetur
1337 1866 1447 1897 Jultae

107 1914 210 1955 filius
228 1913 252 1953 ¹,
272 1912 459 1944 censebant.
483 1912 537 1944 ille
561 1913 788 1945 moderandos
797 1913 1019 1953 seminarum
1031 1914 1175 1945 honores
1198 1912 1361 1952 dictitans,
1392 1919 1447 1943 ea·

115 1960 258 2001 (lemque
274 1969 309 1991 se
327 1962 559 1999 teniperaoztm
575 1969 723 1992 usurum
736 1962 772 1991 in
787 1961 840 1999 iis,
855 1969 934 2001 quae
950 1960 1014 1991 sibi
1032 1961 1283 1999 tribuerentur,
1301 1961 1445 1990 ceterum

115 2007 229 2038 anxius
243 2007 364 2038 invidia
383 2010 414 2037 et
437 2006 594 2038 muliebre
618 2008 779 2047 fastigium
800 2008 833 2038 in
856 2007 1110 2038 deminutionem
1137 2007 1186 2038 sui
1209 2007 1381 2046 accipiens,
1405 2014 1445 2036 ne

114 2054 259 2084 lictorem
277 2054 407 2093 quidem
425 2053 453 2085 ei
479 2054 606 2085 decerni
623 2064 734 2095 passus
758 2056 827 2094 est,
845 2063 999 2094 aramque
1020 2052 1224 2094 adoptionis²
1251 2054 1282 2084 et
1308 2052 1370 2083 alia
1387 2051 1445 2082 liu-

111 2100 291 2139 juscemodi
306 2101 478 2140 probibuit.
497 2104 539 2133 At
553 2103 742 2133 Germanico
765 2101 881 2133 Caesari
898 2102 1126 2142 proconsulare
1139 2099 1332 2140 imperium³
1361 2098 1443 2139 peti-

114 2175 178 2198 cias.
193 2186 220 2190 -
243 2178 265 2196 2.
280 2174 363 2197 Causa
383 2174 455 2196 dicta
474 2180 503 2197 se
521 2174 682 2198 subducere.
695 2188 723 2191 —
737 2174 1016 2198 5.Animilibertatcm
1029 2176 1057 2198 et
1072 2174 1225 2204 reipublicae
1237 2174 1364 2201 studium,
1375 2175 1403 2197 ut
1417 2178 1443 2197 c.

112 2209 306 2237 aferoclssimt
319 2210 359 2232 est
368 2208 580 2237 intelligendum.
590 2211 695 2233 Asinius
706 2210 789 2241 Pollio
800 2210 849 2234 sub
860 2211 990 2240 Augusto,
1004 2210 1062 2234 aliis
1073 2216 1132 2233 sese
1141 2209 1372 2238 submittentibus,
1384 2208 1444 2239 ptus

114 2245 246 2272 libertatis
258 2245 285 2267 ct
296 2245 363 2272 juris
372 2245 412 2267 sui
425 2245 585 2267 retinuerat.

143 2281 215 2304 ΧΙΙΙ.
235 2285 256 2303 ι.
274 2281 349 2308 Apud
366 2279 535 2309 poputum.—
549 2285 571 2303 2.
586 2281 666 2303 Pares
677 2280 761 2304 futuri
774 2280 888 2311 principi
898 2280 958 2304 loco
969 2280 1189 2310 adipiscendo.-
1203 2286 1226 2304 3.
1247 2281 1286 2304 De
1297 2285 1350 2309 quo
1361 2285 1386 2303 v.
1399 2280 1442 2308 iv,

112 2321 155 2343 20;
170 2316 208 2342 Vl.
222 2320 258 2339 27.
269 2328 295 2332 -
306 2320 327 2338 ⁴.
349 2316 386 2338 Dc
406 2320 458 2343 quo
471 2315 547 2345 plura
562 2316 594 2344 11,
612 2320 647 2344 ⁴³,
662 2322 690 2339 255
705 2318 732 2340 et
742 2323 856 2346 seqq.—
867 2321 889 2340 5.
907 2317 1087 2339 intransitive.
1108 2329 1136 2333 -
1152 2321 1177 2340 e.
1193 2316 1240 2339 i’ro
1254 2314 1388 2345 qenubus,
1409 2315 1442 2338 ad

112 2351 215 2374 motum
229 2349 431 2379 exprimendum
446 2350 473 2373 in
486 2351 594 2374 actione
603 2369 609 2379 ‚
623 2356 704 2380 quum
719 2351 844 2381 yenubus
855 2351 1025 2375 advolutum
1033 2352 1150 2380 essejam
1162 2352 1196 2374 sit
1204 2352 1290 2374 status
1298 2349 1437 2380 supplicis.

143 2386 209 2408 le.
223 2390 241 2408 i.
251 2386 336 2414 Quum
344 2386 444 2414 alioqui
459 2387 550 2415 patrm,
567 2392 620 2409 non
636 2387 838 2414 inatris,addito
854 2387 962 2410 nomine
974 2387 1182 2416 designarentur
1194 2386 1250 2409 sitii.
1274 2398 1303 2403 -
1322 2390 1346 2408 2.
1358 2386 1440 2408 Aram

110 2420 139 2443 in
150 2421 304 2443 memoriam
313 2421 467 2450 adoptionis
476 2423 555 2446 Liviae
568 2424 641 2451 (nain
656 2422 754 2451 injure
767 2424 884 2446 Romano
899 2428 966 2445 uxor
975 2423 1002 2446 et
1012 2422 1064 2445 filia
1076 2422 1170 2446 eodem
1183 2422 1243 2446 loco
1257 2420 1401 2447 hahentur)
1413 2418 1441 2442 ct

109 2455 213 2480 Tiberii
228 2456 255 2479 in
268 2455 377 2480 domum
392 2457 500 2485 Juliam.
514 2471 541 2476 —-
555 2463 577 2482 5.
591 2457 652 2482 scil.
664 2459 841 2488 perpetuum,
856 2463 918 2482 nam
932 2458 1050 2481 triennio
1068 2459 1131 2482 ante
1144 2458 1320 2482 Germanicus
1330 2457 1384 2485 jani
1396 2460 1441 2479 ac-
