1539 2668
103 151 163 181 358
463 144 596 175 TACITI
620 144 882 174 HSTORIARUM
905 142 977 173 LIB.
1004 141 1062 172 111.

104 236 121 252 ι
137 223 194 255 siae
211 222 310 253 duces
321 245 330 262 ,
346 229 406 252 sua
420 218 601 251 constantia
616 218 786 258 perruptas
801 217 895 257 Alpes
906 241 917 258 ,
940 216 1133 255 occupatam
1154 216 1298 258 Italiam,
1325 218 1426 252 iuter-

104 283 120 298 «
135 271 227 310 septa
242 273 474 301 Germanorum
492 267 722 305 Raetorumque
737 264 866 296 auxilia.
893 264 981 305 quod
1003 263 1170 296 discordes
1199 263 1427 306 dispersasque

105 330 121 346 «
136 316 254 349 Vitellii
269 315 408 356 legiones
418 313 558 354 equestri
575 312 714 353 procella
725 336 733 352 ,
751 320 825 343 mox
843 312 990 353 peditum
1006 310 1037 342 vi
1054 320 1112 352 per
1127 311 1211 343 diem
1232 314 1429 353 noctemque

106 363 291 403 «fudisset,
308 363 341 394 id
359 360 612 402 pulcherrimum
630 361 663 391 et
679 359 731 391 sui
745 359 862 400 operis.
880 368 992 391 casum
1017 362 1185 391 Cremonae
1209 358 1294 391 bello
1314 360 1427 401 impu-

103 411 270 444 «tandum
287 420 294 441 :
310 411 432 450 maiore
447 408 583 446 damn0,
603 406 745 448 plurium
764 406 897 438 urbium
913 406 1048 438 excidiis
1067 408 1193 439 veteres
1213 406 1334 438 civium
1363 407 1428 439 dis-

105 471 121 488 «
136 458 261 491 cordias
281 456 466 497 reipublicae
491 454 620 487 stetisse
632 453 657 485 ².
673 463 738 486 non
754 463 788 486 se
803 453 928 485 nuntiis
944 463 1049 495 neque
1066 454 1211 495 epistolis
1223 478 1233 494 ,
1251 455 1305 486 sed
1332 463 1428 487 manu

103 518 120 535 «
135 506 168 539 et
190 505 290 537 armis
316 503 506 544 Imperatori
532 511 590 533 suo
615 501 767 534 militare.
788 510 893 542 neque
913 501 1042 533 officere
1057 501 1070 520 ³
1102 502 1211 542 gloriae
1241 511 1351 534 eorum
1374 503 1429 543 qui

104 564 120 580 tt
133 552 241 585 Asiam
256 552 386 583 interim
403 549 655 590 composuerint.
672 548 738 581 illis
751 549 873 581 Moesiae
890 558 1003 589 pacem
1017 548 1027 568 ⁴
1040 573 1050 589 ,
1072 548 1132 581 sibi
1149 549 1289 581 salutem
1310 551 1430 582 securi-

104 599 297 638 etatemque
313 598 412 629 Italiae
427 596 517 628 cordi
534 596 650 633 fuisse;
669 596 735 627 suis
750 596 1034 628 exhortationibus
1048 596 1167 628 Gallias
1186 597 1430 638 Hispaniasque,

103 657 120 674 κ
133 646 373 679 validissimam
389 647 551 676 terrarum
568 646 695 684 partem
709 643 720 662 ⁵
735 668 744 683 ,
762 643 803 675 ad
819 643 1054 684 Vespasianum
1069 652 1253 675 conversas.
1273 644 1327 675 sed
1352 646 1432 677 ceci-

86 705 119 738 y«
134 693 218 725 disse
236 693 267 724 in
292 693 420 723 irritum
447 691 590 731 labores,
612 690 640 722 si
663 691 797 730 praemia
821 690 1039 730 periculorum
1063 690 1121 722 soli
1147 693 1360 732 assequantur
1376 693 1432 733 qui

102 752 118 769 κ
133 740 286 781 periculis
299 748 363 771 non
380 739 543 771 affuerint.
562 751 577 766 »
593 747 652 769 nec
665 737 805 770 fefellere
819 747 854 770 ea
869 737 1056 770 Mucianum
1073 747 1081 768 :
1095 737 1171 769 inde
1188 747 1302 778 graves
1318 739 1430 771 simul-

99 787 201 826 tates,
221 796 302 827 quas
322 787 480 819 Antonius
507 785 708 827 simplicius,
732 785 900 817 Mucianus
932 784 1048 817 callide
1068 794 1172 825 eoque
1197 784 1431 826 implacabilius

99 835 276 868 nutriebat.

141 886 220 915 LIV.
244 883 283 914 At
296 881 447 914 Vitellius
461 881 572 912 fractis
593 880 680 921 apud
698 882 896 912 Cremonam
919 880 1016 911 rebus
1040 880 1173 911 nuntios
1202 879 1302 912 cladis
1323 880 1432 912 occul-

99 930 186 969 tans,
196 930 295 961 stulta
308 928 567 961 dissimulatione
580 928 724 959 remedia
738 927 847 967 potius
862 927 1021 958 malorum
1035 936 1132 967 quam
1149 927 1233 958 mala
1250 927 1430 960 differebat.

100 977 218 1018 quippe
237 976 403 1008 confitenti
419 976 684 1016 consultantique
699 977 890 1015 supererant
912 982 986 1014 spes
1005 973 1181 1014 viresque,
1202 983 1303 1014 quum
1323 983 1339 1005 e
1359 983 1433 1006 con·

100 1024 198 1057 trario
213 1024 287 1064 laeta
302 1023 411 1054 onmia
424 1022 560 1062 fingeret
573 1047 582 1062 ,
597 1022 685 1053 falsis
702 1020 948 1061 ingravescebat
965 1020 989 1051 ¹.
1015 1021 1136 1052 mirum
1163 1021 1248 1061 apud
1272 1023 1376 1062 ipsum
1393 1021 1432 1053 de

99 1071 184 1102 nello
201 1070 379 1109 silentiunm
398 1070 549 1109 prohibiti
573 1078 629 1109 per
644 1068 812 1099 civitatem
831 1076 996 1099 sermones
1011 1091 1019 1107 ,
1044 1076 1148 1107 eoque
1173 1068 1280 1108 plures
1295 1092 1303 1108 ,
1331 1076 1367 1098 ac
1381 1093 1388 1108 ,
1404 1068 1430 1101 si

99 1118 222 1157 liceret,
240 1126 315 1148 vere
330 1117 502 1155 narraturi,
516 1117 592 1156 quia
608 1115 817 1154 vetabantur,
836 1115 997 1145 atrociora
1018 1115 1241 1154 vulgaverant.
1259 1123 1318 1146 nec
1335 1115 1433 1148 duces

100 1166 242 1197 hostium
255 1163 412 1204 augendae
427 1164 520 1194 famae
534 1164 679 1202 deerant,
691 1165 802 1202 captos
815 1161 935 1193 vitellii
945 1161 1163 1202 exploratores
1177 1162 1431 1194 circumductos-

100 1222 182 1254 que,
200 1215 236 1242 ut
260 1211 376 1242 robora
402 1210 537 1242 victoris
564 1211 725 1242 exercitus
747 1211 940 1249 noscerent,
965 1208 1183 1249 remittendo;
1213 1218 1294 1250 quos
1318 1219 1430 1243 omnes

99 1259 248 1293 Vitellius
263 1260 389 1290 secreto
402 1260 631 1298 percunctatus
649 1256 786 1288 interfici
800 1256 907 1296 jussit.
927 1255 1063 1287 notabili
1081 1257 1265 1288 constantia
1283 1258 1432 1289 centurio

100 1306 203 1338 Julius
217 1306 357 1345 Agrestis
370 1329 378 1344 ‚
395 1307 467 1345 post
485 1305 604 1335 multos
627 1312 793 1335 sermones
810 1303 928 1343 quibus
944 1302 1109 1334 Vitellium
1133 1302 1171 1334 ad
1197 1304 1351 1335 virtutem
1369 1304 1433 1336 fru-

100 1355 166 1385 stra
183 1352 378 1385 accendebat
394 1377 402 1392 ,
432 1352 573 1392 perpulit
589 1354 624 1383 ut
649 1351 689 1383 ad
708 1352 796 1382 vires
812 1351 956 1382 hostium
974 1349 1164 1390 spectandas
1189 1360 1329 1392 quaeque
1347 1351 1433 1392 apud

100 1406 291 1435 Cremonam
306 1402 377 1431 acta
402 1400 506 1430 forent
529 1399 597 1440 ipse
624 1400 819 1430 mitteretur.
840 1407 900 1429 uec
924 1396 1146 1438 exploratione
1171 1398 1298 1430 occulta
1324 1399 1433 1431 fallere

100 1448 276 1481 Antonium
288 1447 440 1487 tentavit,
456 1447 512 1478 sed
529 1447 681 1477 mandata
697 1446 901 1486 Imperatoris
919 1454 1078 1485 suumque
1092 1445 1236 1476 animum
1255 1446 1431 1487 professus,

100 1501 141 1530 ut
154 1498 281 1530 cuncta
298 1496 442 1533 viseret,
461 1495 615 1535 postulat.
632 1494 716 1525 missi
735 1495 790 1534 qui
812 1494 917 1524 locum
938 1492 1041 1533 proelii
1057 1517 1065 1532 ,
1085 1496 1252 1524 Cremonae
1272 1493 1409 1533 vestigia
1421 1517 1431 1534 ,

101 1546 209 1586 captas
228 1543 368 1583 legiones
385 1541 603 1573 ostenderent.
625 1541 768 1580 Agrestis
784 1540 825 1571 ad
838 1540 1006 1571 Vitellium
1024 1540 1192 1580 remeavit,
1211 1540 1432 1581 abnuentique

101 1601 185 1626 vera
200 1598 270 1623 esse
285 1598 365 1630 quoe
380 1589 550 1629 afferret,
569 1591 668 1629 atque
686 1589 771 1619 ultro
789 1589 994 1627 corruptum
1021 1587 1164 1627 arguenti
1181 1597 1188 1618 :
1210 1587 1430 1628 Quandoqui—

101 1639 191 1679 dem,
208 1636 327 1677 inquit,
342 1645 467 1676 maqno
492 1635 693 1666 documento
715 1643 800 1674 opus
823 1635 895 1672 est,
915 1642 975 1664 nec
993 1634 1087 1665 alius
1095 1634 1172 1672 jam
1193 1634 1251 1664 mn*
1269 1636 1335 1665 aut
1349 1635 1431 1666 vitoe

102 1687 166 1718 aut
177 1685 300 1715 mortis
313 1691 397 1714 meae
411 1691 495 1714 usus
508 1706 517 1722 ,
534 1682 622 1713 dabo
639 1684 694 1712 cui
719 1680 852 1712 credas.
870 1681 968 1720 atque
993 1679 1039 1710 ita
1060 1680 1223 1720 digressus
1248 1681 1429 1712 voluntaria

101 1734 205 1763 morte
224 1730 311 1762 dicta
333 1729 485 1760 firmavit.
507 1728 638 1768 quidam
645 1729 749 1769 Jussu
770 1728 898 1760 Vitellii
927 1727 1149 1767 interfectum
1166 1751 1175 1766 ,
1198 1727 1237 1758 de
1253 1727 1329 1768 fide
1350 1736 1431 1761 con-

101 1780 301 1818 stantiaque
317 1776 429 1808 eadem
445 1775 613 1807 tradidere.

143 1829 206 1857 LV.
230 1824 399 1863 Vitellius,
423 1825 458 1854 ut
483 1831 501 1853 e
518 1831 632 1853 somno
662 1822 811 1861 excitus,
837 1821 976 1853 Julium
992 1822 1154 1852 Priscum
1177 1822 1210 1852 et
1235 1820 1430 1861 Alphenum

107 1874 238 1904 Varum
252 1871 259 1889 ¹
277 1880 355 1903 cum
365 1869 641 1911 quattuordecim
655 1869 833 1909 praetorits
848 1867 1045 1899 cohortibus
1059 1869 1092 1899 et
1104 1867 1260 1899 omnibus
1274 1869 1430 1908 equitum

103 1918 169 1950 alis
183 1917 335 1950 obsidere
352 1918 569 1957 Apenninum
584 1915 686 1956 Jubet.
706 1918 817 1946 secuta
841 1923 859 1946 e
882 1914 1023 1946 classicis
1038 1913 1158 1955 legi02.
1185 1915 1233 1946 tot
1255 1914 1354 1946 millia
1377 1924 1430 1947 ar-

102 1966 283 2005 matorum,
297 1964 381 1996 lecta
394 1964 484 2004 equis
498 1964 661 2003 virisque,
679 1963 705 1994 si
721 1963 789 1994 dux
803 1961 887 1993 alius
903 1961 985 1993 foret
995 1986 1003 2001 ,
1018 1960 1184 1992 inferendo
1197 1970 1326 2002 quoque
1344 1961 1430 1995 bello

103 2013 179 2044 satis
192 2012 366 2053 pollebant.
385 2012 501 2042 ceterae
518 2011 666 2042 cohortes
678 2010 717 2041 ad
731 2009 885 2041 tuendam
899 2009 1018 2041 Urbem
1032 2012 1065 2039 L.
1084 2007 1212 2039 Vitellio
1229 2008 1318 2039 fratri
1331 2008 1427 2041 datae.

104 2061 171 2100 ipse
182 2060 292 2091 nihile
309 2059 406 2091 solito
422 2058 501 2089 luxu
519 2059 689 2089 remittens
703 2059 735 2089 et
748 2056 931 2088 diffidentia
944 2064 1100 2096 properus
1118 2055 1267 2086 festinare
1282 2055 1427 2095 comitia,

105 2106 222 2146 quibus
233 2107 380 2138 consules
392 2106 427 2137 iu
440 2105 561 2137 multos
573 2113 675 2136 annos
691 2103 895 2142 destinabat;
914 2102 1036 2134 foedera
1057 2102 1152 2133 sociis
1162 2126 1171 2142 ,
1198 2102 1324 2133 Latium
1337 2101 1350 2120 ³
1371 2111 1427 2134 ex-

105 2154 204 2186 ternis
218 2153 379 2194 dilargiri;
395 2153 445 2184 his
460 2153 583 2184 tributa
598 2152 777 2190 dimittere,
797 2151 876 2182 alios
899 2148 1160 2181 immunitatibus
1180 2149 1295 2189 juvare
1310 2159 1318 2188 ;
1340 2148 1429 2180 deni-

106 2209 169 2240 que
186 2201 274 2232 nulla
288 2201 321 2232 in
338 2201 501 2241 posterum
516 2209 595 2232 cura
607 2199 748 2231 lacerare
765 2198 950 2239 imperium.
967 2196 1023 2229 sed
1040 2196 1156 2236 vulgus
1173 2194 1214 2226 ad
1235 2195 1428 2236 magnitudi-

106 2298 164 2317 —2-
179 2293 212 2318 Ut
225 2293 287 2318 alibi
299 2293 467 2323 constitisse,
481 2292 514 2318 de
528 2294 628 2324 pretio.
648 2294 691 2318 Sic
705 2298 731 2318 c.
749 2298 786 2322 ⁷2,
800 2304 828 2309 ——
837 2298 860 2317 s.
871 2292 913 2316 Sc.
927 2296 964 2315 se.
980 2291 1088 2319 Asiam,
1102 2290 1130 2314 in
1143 2296 1197 2320 qua
1208 2289 1276 2315 nihil
1286 2289 1428 2315 turbarum

105 2328 263 2353 fuerat-4.
278 2329 316 2353 De
329 2334 383 2359 qua
397 2335 420 2353 c.
433 2334 524 2353 ae-s-
540 2329 612 2353 {dem
624 2329 756 2359 Judicium
765 2328 853 2353 Taciti
865 2327 893 2351 in
906 2326 1003 2357 Aqric.
1020 2332 1044 2351 c.
1060 2331 1095 2350 ιε.

135 2363 197 2387 LIV.
213 2369 233 2387 ι.
248 2364 446 2393 lnyravescere
460 2365 569 2394 proprie
583 2364 616 2388 de
630 2365 709 2394 aegrls
730 2369 845 2394 quorum
856 2362 968 2386 morbus
981 2362 1096 2386 validior
1107 2361 1148 2386 nt.

135 2399 186 2424 Lv.
203 2404 226 2424 ι.
238 2398 383 2424 Praefectos
402 2399 544 2430 praetorio,
562 2399 594 2429 11,
609 2404 655 2429 ⁹23
673 2399 718 2430 111,
730 2404 767 2424 se.
780 2412 808 2417 —
819 2404 842 2423 ει.
858 2396 935 2422 Conf.
950 2403 976 2422 c.
987 2402 1024 2422 so.
1034 2410 1063 2416 —
1073 2402 1094 2421 s.
1117 2397 1166 2422 Jus
1181 2395 1261 2428 Latii,
1271 2395 1307 2421 de
1322 2400 1376 2427 quo
1390 2394 1425 2420 ad
