1539 2668
119 193 181 226 444
600 190 635 217 C.
659 189 844 217 CORNELII
865 188 998 217 TACITI

118 269 261 307 nubilis,
279 265 369 297 molli
386 264 418 294 et
434 263 608 293 clementer
625 260 712 291 edito
733 262 852 292 montis
867 260 1007 292 Abnobae
1023 260 1100 300 Jugo
1116 260 1260 300 effusus,
1277 261 1383 302 plures
1395 272 1449 304 po.

118 316 214 357 pulos
232 314 320 352 adit,
338 312 441 342 donec
465 309 499 340 in
520 308 688 339 Ponticum
705 317 792 338 mare
807 317 860 338 sex
878 308 1041 339 meatibus
1058 309 1231 347 erumpat:
1250 308 1445 348 septimum⁵

118 370 155 393 os
171 360 346 402 paludibus
364 356 522 388 liauiitur.

160 413 200 440 11
223 412 312 448 Ipsos
330 411 506 437 Germanos
527 401 694 441 indigenas
717 401 909 433 crediderim
932 401 1133 441 minimeque
1151 401 1288 432 aliaium
1305 402 1448 442 gentium

118 454 315 488 adventibus
329 454 360 483 et
375 450 521 490 hospitiis
535 451 665 488 mixtos,
681 449 756 488 quia
770 458 809 480 ιιι
812 458 829 479 c
845 450 850 466 ¹
870 451 954 480 terra
968 449 1057 487 olim,
1073 449 1127 479 sed
1145 449 1302 480 elassibus
1314 450 1449 482 advehe-

118 502 239 534 bantur
255 501 310 542 qui
327 501 455 530 mutare
473 496 566 527 sedes
582 495 807 549 (praereliaiiff,
824 496 877 527 et
870 505 1047 527 immensus
1062 496 1147 527 ultra
1164 497 1264 543 utque
1286 496 1332 528 sic
1357 498 1449 531 dixe.

118 550 180 581 rim
204 546 377 580 adsersus³
397 549 543 576 Oceanus
567 543 646 574 iaris
666 543 706 574 al)
729 543 805 574 orbe
822 546 936 574 nostro
954 543 1090 573 navibus
1108 538 1225 573 aditur.
1243 543 1315 582 quis
1331 553 1449 587 porro,

117 598 237 637 praeter
253 604 307 635 per
313 593 432 624 iculum
452 590 572 621 lioriidi
591 593 622 621 et
639 590 739 629 ignoti
756 590 871 629 maiis,
886 590 959 620 Asia
976 592 1031 621 aut
1046 589 1150 620 Africa
1164 592 1220 620 aut
1240 590 1328 621 ltalia
1341 592 1450 624 relicta

118 643 321 676 Germaniam
342 641 480 680 peteret,
500 638 670 669 informem
690 638 801 676 terris,
825 614 972 677 asperam
989 637 1088 675 coelo,
1107 637 1233 668 tristem
1254 638 1344 668 cultu
1360 648 1449 679 aspe-

118 692 251 730 ctuque,
270 688 330 719 nisi
345 687 369 717 si
388 685 489 726 patria
503 686 541 716 sit
552 687 567 716 ‘3
583 684 751 716 Celebrant
767 684 965 715 carminibus
978 684 1132 724 antiquis,
1147 685 1233 723 quod
1250 694 1348 715 unum
1364 686 1449 725 apud

116 737 189 768 illos
205 734 370 766 memorias
388 735 420 764 et
437 732 601 763 annalium
620 740 720 771 genus
738 732 807 770 est,
822 731 1013 762 Tuistonem
1026 730 1035 748 ⁴
1061 730 1158 761 deum
1181 734 1268 762 terra
1281 732 1405 762 editum
1419 734 1451 764 et

118 783 219 814 silium
243 780 432 819 Mannum⁵,
457 779 615 819 originem
639 778 743 818 gentis
759 777 1020 818 conditoresque.
1043 782 1160 809 Manno
1180 779 1245 809 tres
1262 778 1348 809 lilios
1369 780 1451 810 assi·
1498 781 1500 785 '

117 832 217 871 gnant
230 854 238 869 ,
263 838 279 859 e
302 836 442 868 quornm
466 826 653 858 nominibus
674 825 815 866 proximi
831 829 963 857 Oceano
977 829 1188 865 Ingaevones,
1207 825 1306 857 medii
1326 825 1451 857 Hermi·

118 886 243 915 nones,
266 875 363 906 ceteri
382 877 560 905 Istaevones
575 873 586 891 θ
613 875 787 905 vocentur.
807 873 948 912 Quidam
961 896 970 912 ,
993 874 1031 904 ut
1051 872 1084 903 in
1107 872 1238 904 licentia
1258 872 1451 913 vetustatis,

117 925 226 966 plures
234 923 294 953 deo
308 925 394 953 ortos
403 922 575 962 pluresque
583 921 686 960 gentis
700 920 939 961 appellationes,
949 923 1082 958 Marsos,
1091 919 1306 959 Gambrivios,
1316 924 1451 956 Suevos,

119 969 322 1007 Vandilios'¹,
341 968 517 1006 affirmant,
533 977 636 1008 eaque
650 977 726 999 vera
743 969 775 999 et
791 967 924 1007 antiqua
944 968 1089 998 nomina.
1109 969 1257 998 Ceterum
1275 967 1452 999 Germaniae

118 1017 313 1050 vocabulum
328 1025 437 1046 recens
451 1018 483 1046 et
508 1024 610 1055 nuper
629 1015 795 1053 additum,
817 1014 973 1054 quoniam
989 1014 1042 1054 qui
1065 1013 1159 1053 primi
1179 1015 1326 1045 Rhenum
1345 1017 1451 1045 trans-

119 1064 217 1105 gressi
241 1064 345 1095 Gallos
369 1063 554 1102 expulerint
572 1072 609 1093 ac
628 1071 716 1092 nunc
735 1061 893 1101 Tungris,
917 1063 996 1091 tunc
1013 1061 1161 1091 Germani
1180 1062 1286 1092 vocati
1309 1061 1385 1092 sint.
1407 1062 1452 1094 ita

118 1111 260 1144 nationis
284 1119 422 1148 nomen,
448 1119 511 1139 nou
534 1109 640 1148 gentis
655 1110 681 1146 ²⁸,
707 1109 868 1139 evaluisse
886 1108 1066 1148 paulatim,
1088 1110 1124 1138 ut
1140 1117 1254 1139 omnes
1276 1109 1415 1148 primum
1433 1119 1452 1141 a

118 1158 244 1188 victore
263 1157 304 1188 ob
320 1159 444 1186 metum
460 1156 501 1195 ¹⁰,
520 1165 595 1186 mox
611 1165 628 1186 a
644 1165 678 1186 se
695 1156 775 1195 ipsis
789 1157 921 1186 invento
936 1154 1066 1186 nomine
1083 1155 1231 1186 Germani
1246 1159 1449 1188 vocarentur.

161 1209 216 1235 ΙΙΙ.
236 1204 349 1234 Fuisse
372 1203 455 1243 apud
482 1212 537 1233 eos
566 1204 599 1233 et
624 1202 814 1233 Herculem¹
845 1203 1046 1240 memorant,
1072 1202 1280 1242 primumque
1302 1203 1450 1234 omnium

117 1250 265 1282 virorum
280 1250 413 1281 sortium
429 1249 505 1280 ituri
522 1250 553 1279 in
570 1249 682 1288 proelia
704 1250 837 1279 canunt.
855 1251 932 1279 sunt
950 1248 1012 1278 illis
1028 1248 1118 1279 haec²
1138 1258 1266 1289 quoque
1286 1250 1449 1288 carmina,

119 1306 260 1337 quorum
279 1297 407 1335 relatu,
433 1305 528 1336 quem
548 1295 710 1327 harditum
726 1295 736 1313 ³
756 1298 897 1335 vocant,
917 1295 1098 1326 accendunt
1120 1296 1245 1327 animos
1271 1297 1452 1337 futuraeque

120 1354 238 1384 pugnae
255 1345 417 1375 fortunam
435 1343 507 1383 ipso
525 1347 621 1374 cantu
643 1344 853 1382 augurantur.
871 1343 995 1373 terrent
1012 1343 1097 1373 enim
1111 1343 1314 1383 trepidantve
1326 1368 1335 1382 ‚
1355 1347 1451 1384 prout

119 1391 229 1422 sonuit
249 1392 354 1429 acies3
372 1400 431 1421 nec
452 1393 517 1421 tam
536 1399 630 1421 voces
649 1390 713 1420 illae
739 1397 836 1429 qnam
851 1389 982 1420 virtutis
1002 1391 1179 1420 concentus
1194 1390 1357 1421 videntur.
1373 1391 1449 1423 affe-

121 1439 231 1469 ctatur
249 1438 413 1478 praecipue
430 1437 587 1477 asperitas
604 1437 674 1468 soni
692 1438 724 1468 et
745 1437 882 1467 tractum
903 1445 1052 1466 murmur
1072 1436 1206 1476 objectis
1224 1438 1263 1468 ad
1279 1447 1314 1468 os
1330 1437 1449 1475 scutis,

120 1493 186 1524 quo
203 1485 325 1524 plenior
338 1488 370 1515 et
385 1485 512 1524 gravior
526 1494 588 1514 vox
601 1492 789 1524 repercussu
803 1484 1010 1514 intumescat.
1026 1485 1173 1515 Ceterum
1190 1486 1222 1515 et
1238 1484 1362 1516 Ulixem
1376 1484 1449 1524 qui-

121 1530 195 1562 dam
212 1533 386 1572 opinantur
404 1532 497 1571 longo
522 1532 576 1562 illo
593 1534 624 1563 et
650 1530 797 1562 sabuloso
820 1539 927 1561 errore
949 1531 982 1561 in
1005 1531 1092 1561 hunc
1116 1535 1282 1562 Oceanum
1306 1531 1448 1563 delatum

119 1643 212 1672 potest
225 1642 394 1670 naufragium
409 1642 576 1667 Germanici.
591 1641 624 1664 de
638 1646 691 1670 quo
705 1640 813 1665 Anna!
828 1640 861 1667 ii,
874 1644 902 1663 2·
917 1646 972 1669 seq
975 1652 1005 1656 —
1015 1645 1036 1663 ις.
1055 1640 1121 1663 Nam
1134 1641 1238 1668 septem
1251 1640 1318 1664 ostia
1333 1641 1448 1665 Danubii

121 1677 204 1706 vulgo
219 1677 384 1700 terebantur
400 1677 538 1699 Herodoto
554 1678 645 1699 tamen
660 1676 700 1698 est
714 1671 832 1714 ’Ἴστρος
851 1670 1070 1708 πεντάστομοτ,

151 1712 221 1735 11.ι.
240 1711 298 1734 Aee
315 1711 433 1734 rtiertur
447 1711 479 1734 ad
498 1717 613 1740 sequens
627 1712 673 1734 et:
694 1712 721 1734 et
734 1717 794 1739 quia
812 1715 869 1733 non
887 1712 968 1733 teria
982 1711 1073 1734 olim..
1082 1728 1088 1734 .
1109 1711 1137 1734 ec
1149 1712 1209 1739 quia
1225 1711 1377 1735 immensus
1391 1713 1445 1736 etc.

120 1758 149 1763 -
159 1751 182 1769 «ι,
196 1746 361 1769 Gelebtrrim
365 1752 386 1768 ιι·
400 1746 511 1769 coloniae
526 1746 694 1774 I‘hmnicum‚
710 1745 843 1774 Lydorum
857 1764 862 1773 ,
877 1746 895 1766 (i
900 1752 911 1768 r
914 1751 1029 1768 :ecorum
1047 1746 1140 1769 Tacito
1160 1746 1202 1768 liic
1222 1746 1447 1772 observabantur.

120 1780 238 1809 Quarum
252 1787 379 1804 numerus
394 1783 421 1803 et
434 1781 518 1809 gloria
533 1781 559 1803 in
572 1786 651 1803 causa
666 1782 724 1804 erat
737 1782 766 1803 ut
779 1781 876 1809 praeter
889 1786 991 1803 morcui
1009 1786 1085 1803 suum
1103 1780 1190 1803 levius
1203 1780 1255 1804 lioc
1269 1782 1446 1806 statueret.-

120 1821 142 1839 5.
168 1817 202 1839 Ex
223 1816 334 1839 adversa
357 1817 413 1839 sive
434 1816 570 1839 contraria
591 1816 668 1839 nobis
687 1817 764 1844 parte
786 1816 867 1843 situs,
888 1814 962 1838 vetut
981 1816 1139 1844 antipodes,
1164 1816 1196 1838 (lc
1219 1816 1316 1845 quibus
1338 1818 1445 1850 Cicero,

121 1852 254 1876 Academ.
271 1851 308 1879 ll,
323 1856 351 1874 aa
363 1857 368 1874 z
382 1857 439 1874 esse
453 1857 466 1874 e
479 1851 632 1874 contraria
653 1852 737 1880 parte
757 1852 843 1874 terrae
861 1853 911 1879 qui
932 1855 1089 1874 ADVERSts
1108 1851 1232 1880 vestiatis
1254 1854 1329 1876 stent
1344 1855 1447 1878 contra

122 1887 244 1915 vestigia
261 1888 370 1914 nostra,
384 1892 452 1915 quos
469 1886 620 1914 antipodes
633 1886 752 1909 vocatis.
763 1898 791 1901 -
802 1891 824 1908 ιι.
841 1886 921 1909 Pauci
935 1886 995 1909 libri
1013 1886 1185 1910 Tm‘sconem.
1200 1898 1228 1903 ——
1238 1892 1260 1910 5.
1275 1888 1357 1916 Quasi
1373 1888 1447 1912 dicas

120 1922 263 1946 Hominem
278 1922 334 1944 sive
349 1922 502 1945 Virum-e.
520 1922 719 1944 Vetustissimus
739 1921 824 1944 codex
840 1921 988 1944 Iscevones.
1001 1922 1029 1944 ln
1050 1921 1212 1951 praecedenti
1233 1923 1354 1946 nonnulli
1376 1923 1447 1946 Her-

120 1958 267 1982 miones.—
277 1961 298 1980 7.
314 1957 400 1980 Etiam
416 1957 478 1980 alibi
493 1962 686 1985 nonuunquam
700 1956 883 1979 vandalorum
899 1962 997 1979 nomen
1011 1956 1132 1980 Vandili
1147 1958 1287 1986 scriptum.
1300 1971 1325 1973 —
1335 1964 1356 1981 8.
1371 1958 1445 1982 Cont‘.

121 1994 196 2018 Hist.
211 1992 252 2018 lv,
270 1997 295 2014 ιε
306 1997 381 2021 seqq.
394 1992 564 2020 Tungrorum
580 1997 678 2015 nomen
692 1997 746 2014 non
758 1992 800 2014 est
811 1991 880 2020 apud
895 1992 1035 2020 Caesarem,
1049 1992 1093 2020 qui
1105 1992 1170 2015 alias
1184 1993 1307 2016 nationes
1317 1994 1447 2022 quattuor

123 2030 333 2052 Germanorum
355 2027 463 2050 nomine
485 2027 676 2055 complectitur
693 2027 727 2050 de
742 2026 811 2050 Bell.
826 2027 902 2050 Gall.
922 2027 959 2055 11,
974 2031 1001 2055 Δις
1024 2027 1131 2050 easdem
1149 2028 1274 2051 nationes
1294 2033 1348 2051 non
1371 2028 1445 2052 novit

120 2063 229 2089 Plinius,
241 2065 287 2085 sed
304 2063 429 2091 Tunqros
447 2063 522 2091 ponit
535 2063 575 2088 iv,
590 2067 615 2085 c.
631 2068 667 2090 ιιι,
683 2062 696 2092 s
711 2067 792 2086 ¹oe.-—
807 2067 829 2085 ⁹.
844 2062 924 2090 cujus
936 2068 998 2091 pars
1015 2064 1056 2086 cst
1072 2063 1164 2086 natio.
1176 2075 1205 2079 —
1217 2069 1250 2086 ιο.
1264 2064 1305 2087 Sc.
1324 2063 1445 2092 injicien-

121 2099 196 2122 dum.
209 2096 294 2123 (Cous.
311 2098 407 2126 Ayric.
423 2102 444 2120 c.
459 2102 494 2123 44,
507 2097 582 2120 nihil
595 2098 685 2120 metus
700 2097 729 2120 in
743 2097 835 2125 vultu,
848 2098 876 2120 et
888 2098 956 2125 not.)
968 2098 1109 2121 Sententia
1122 2099 1331 2121 :Germanorum
1346 2104 1443 2122 nomen

120 2132 155 2156 ab
175 2133 286 2155 natione
300 2133 335 2155 itu
351 2132 420 2155 dicta
435 2132 564 2161 paulatim
582 2133 615 2155 ad
630 2132 782 2155 universam
796 2133 904 2161 gentem
917 2132 1075 2155 translatum
1098 2134 1152 2161 est,
1173 2133 1224 2161 sic,
1246 2134 1275 2156 ut
1294 2133 1408 2161 primum
1428 2140 1444 2158 a

121 2168 227 2191 victore
242 2170 266 2196 (a
280 2168 404 2196 Tungris)
419 2168 457 2191 ita
471 2168 643 2196 vocarentur,
658 2167 810 2191 dicentibus
824 2168 931 2191 ceteras
945 2173 960 2190 ιι
974 2169 1051 2196 tergo
1067 2168 1192 2191 nationes
1204 2170 1231 2191 et
1247 2168 1317 2196 ipsas
1330 2169 1443 2191 Germa-

120 2209 171 2227 nos
191 2208 248 2225 csse
268 2204 294 2225 et
307 2203 407 2231 pariter
426 2203 574 2232 timendos;
591 2203 705 2232 deinde,
726 2204 837 2227 invento
857 2203 909 2227 hoc
922 2203 1031 2226 nomine
1048 2203 1166 2233 generali
1183 2203 1283 2233 gentis.
1298 2203 1378 2226 etiam
1393 2203 1443 2233 ipsi

120 2238 246 2261 Germani
263 2238 444 2261 assumebant.
461 2238 596 2262 Germani
609 2239 685 2267 quasi
696 2238 770 2262 dicas
781 2239 835 2262 Viri
850 2238 953 2261 Armati
966 2238 1009 2261 vel
1023 2239 1077 2261 Viri
1091 2238 1249 2262 Bellatores.
1267 2238 1394 2262 Similiter
1408 2238 1443 2262 de

120 2272 276 2298 nationibus
290 2272 321 2295 ad
336 2274 444 2301 gentem
459 2273 591 2297 translata
605 2275 669 2297 sunt
681 2274 788 2297 nomina
802 2269 946 2305 ’Έλληνες
960 2273 988 2295 et
1003 2272 1103 2296 (ἕνωσί-

152 2307 195 2332 lii.
211 2312 230 2330 ι.
245 2307 302 2330 Νοιι
316 2307 388 2331 hunc
401 2308 497 2336 ipsum,
512 2310 557 2331 sed
574 2309 684 2333 heroem
698 2309 811 2332 similem
823 2308 942 2332 Herculis
958 2308 1041 2332 Graeci
1054 2327 1059 2336 ,
1074 2309 1104 2331 ut
1117 2309 1172 2337 ipse
1184 2309 1295 2332 Tacitus
1308 2308 1442 2338 significat

119 2341 190 2366 infra
206 2347 230 2365 c.
245 2346 281 2365 5⁴.
295 2355 323 2359 -
333 2347 354 2365 2.
376 2343 450 2371 Ha‘c,
462 2344 523 2372 quia
538 2345 644 2372 cognita
663 2345 797 2372 Romanis,
810 2351 822 2367 ιι
834 2344 942 2373 pugnis.
953 2349 1012 2366 —5.
1027 2343 1070 2366 Sic
1081 2344 1245 2367 vetustiores
1258 2344 1382 2371 codices;
1396 2344 1441 2368 alii

122 2375 250 2400 baritum
262 2376 305 2400 vel
319 2376 471 2401 barritum.
486 2379 524 2401 Dc
538 2379 630 2402 Bardis
644 2385 698 2403 non
713 2380 885 2408 cogitandum
897 2397 903 2407 ,
921 2379 965 2408 qui
987 2378 1068 2402 Gallis
1081 2378 1180 2408 ubique
1194 2379 1363 2408 tribuuntur,
1384 2384 1438 2403 non

119 2410 272 2437 Germanis.
291 2411 413 2437 cautum
426 2414 535 2438 trucem
550 2415 630 2438 vocat
640 2414 749 2439 'tacitus
761 2414 834 2438 Hist.
847 2415 877 2443 ii,
889 2419 926 2438 ιη.
941 2414 1039 2438 Frisica
1050 2419 1102 2438 vox
1116 2415 1206 2438 exstat
1219 2413 1304 2438 baria
1314 2432 1321 2443 ,
1335 2413 1437 2444 signifi-
