1539 2668
421 158 716 187 NOMENCLATOR
738 160 1048 188 GEOGRAPHICUS.

121 233 280 264 Euxinum
303 232 421 272 fluens,
451 233 482 263 h.
498 231 713 263 Kobz'clz-hah.

80 275 148 310 Coi,
160 277 192 305 in
203 275 305 305 insula
316 278 360 305 Co
372 274 469 304 maris
481 274 585 312 Icarii,
597 282 669 313 quae
682 274 712 304 h.

121 315 282 346 stanchia
299 323 324 346 s,
342 314 507 346 Istank-ozt.

1330 163 1391 192 :393

794 233 961 271 Hyrcaniae
982 234 1014 264 et
1030 233 1200 272 Margianae
1217 235 1326 273 parte,
1349 235 1392 265 vi-

794 274 908 304 dentur
938 282 1007 305 esse
1037 274 1219 305 Tartaricus
1252 275 1392 315 populus

798 314 973 346 orez-becles.

81 356 186 388 Colchi
200 381 208 393 ,
227 356 365 396 populus
381 356 463 387 Asiae
482 356 562 386 inter
579 359 714 386 Pontum
754 356 941 394 Dandariea,
958 357 1081 387 tractus
1095 357 1259 388 Sarmatiae
1276 357 1390 388 Asiati-

121 398 300 435 Euxinum‚
319 397 455 428 iberiam
468 421 476 436 ,
494 400 669 428 Caucasum
685 398 717 428 et

123 439 316 469 Armeniam.

82 480 261 519 Colophon,
286 479 360 510 urbs
383 478 543 510 maritima
564 479 663 510 Ioniae
685 479 716 509 in

122 521 208 557 Asia,
227 521 280 551 ubi
295 521 326 551 h.
342 521 548 551 Alto-Bosco.

82 562 302 600 Commageni,
329 570 405 599 gens
428 561 527 600 Syriae
552 561 635 592 inter
656 565 716 592 Eu-

122 603 281 642 phratem,
296 607 437 633 Taurum
453 604 484 633 et
496 606 668 641 Amanum,
684 603 716 632 h.

122 644 290 675 chmash.

81 689 237 724 Corcyra,
255 684 360 715 insula
384 683 422 715 ad
443 684 520 715 litus
538 684 620 724 Epiri
639 685 716 724 sita,

126 726 264 764 Cotjfou.

82 770 208 803 Corma,
220 767 338 797 fluvius
353 766 562 797 Chalonitidis
578 767 609 797 in
626 770 719 806 Assy-

124 808 182 846 ria,
202 809 234 840 h.
256 807 436 846 Gumedln',
453 810 489 838 ut
504 808 643 839 videtur.

83 853 179 887 Cosa,
205 849 460 889 promontorium
486 849 640 886 Etrurize,
665 849 718 879 uhi

123 890 156 921 h.
176 890 378 927 Ansedonm,
397 892 432 920 ut
448 890 522 929 alii,
541 890 716 921 orbitello.

83 931 245 963 Cottianre.
269 930 348 963 side
364 930 468 970 Alpes,

85 976 251 1011 Cremera,
273 972 391 1002 fluvius
416 972 569 1009 Etruriae,
585 972 617 1003 h.
634 974 718 1002 Bac-

125 1022 208 1045 cano
226 1023 252 1044 s.
273 1014 307 1044 la
332 1014 450 1043 Vacca.

85 1058 250 1092 Cremona,
265 1055 340 1084 urhs
355 1054 462 1085 Galliae
474 1054 718 1093 Transpadanae,

126 1096 198 1126 hod.
219 1096 331 1126 eodem
350 1095 487 1126 nomine.

87 1137 272 1176 Ctesiphon,
291 1138 386 1175 caput
402 1137 604 1173 Parthorum,
621 1137 653 1167 in
667 1140 721 1167 As-

126 1178 210 1217 syria
222 1202 230 1216 ,
248 1177 288 1208 ad
309 1177 443 1213 'sis-‘ridis
460 1177 561 1217 ripam
576 1178 721 1208 occiden-

125 1219 236 1257 talem,
244 1228 341 1258 prope
351 1218 516 1258 saltumn,
527 1219 558 1249 in
569 1220 723 1259 paschatu

127 1260 311 1300 Bctqlcclacl.

87 1305 196 1333 Cumae
211 1326 220 1340 ,
237 1301 393 1341 oppidum
418 1301 613 1332 maritimum
630 1306 723 1333 Cam-

128 1343 244 1382 pania‘,
261 1351 290 1373 a.
310 1346 386 1373 1203
404 1342 496 1382 plane
511 1342 665 1374 dirutum.

87 1383 215 1415 Curtius
232 1384 332 1421 lacus,
348 1384 424 1413 olim
439 1383 471 1413 in
485 1385 552 1413 soro
569 1387 688 1415 Roman

87 1428 200 1461 Cusus,
215 1424 332 1455 ssuvius
347 1425 533 1462 Germaniae,
548 1425 578 1454 in
593 1425 724 1464 Quadis,

131 1466 163 1496 h.
187 1467 307 1505 ll'aaq.

88 1507 240 1546 Cyclades
265 1507 377 1537 insulae
389 1529 397 1544 ,
417 1506 450 1536 h.
468 1507 554 1538 Isoll
569 1506 649 1538 dele
667 1510 726 1539 Αν-

130 1547 308 1587 cleipelajo.

89 1592 186 1628 Cyme
200 1613 208 1627 ‚
223 1589 377 1628 oppidum
394 1588 522 1625 ,ai-:olidis
537 1589 567 1619 iu
581 1589 654 1620 Asia
667 1614 674 1627 ,
692 1590 724 1619 h.

130 1632 317 1668 Νωηοιινί,
333 1630 404 1661 aliis
418 1630 503 1669 Foja
520 1632 618 1661 Nova
631 1655 639 1669 ,
658 1630 728 1661 aliis

134 1672 260 1702 Castre'.

90 1714 236 1751 cyrenae,
252 1712 329 1743 urbs
342 1711 456 1742 Africae
472 1711 504 1742 in
517 1711 679 1750 Barbaria,
693 1712 725 1742 h.

134 1754 272 1791 Cayron
287 1761 313 1783 s.
332 1754 459 1783 Kurin.

92 1796 229 1833 Cyrrus,
256 1793 331 1824 urbs
347 1793 464 1832 Syriae,
484 1794 581 1833 eaput
596 1793 729 1832 Cyrrhe-

133 1834 232 1872 sticae,
251 1836 343 1873 cujus
359 1834 460 1865 ruinae
473 1834 505 1864 h.
526 1837 640 1865 Corus.

93 1875 250 1915 Cythera,
276 1876 380 1906 insula
395 1875 541 1906 Laconici
563 1875 670 1914 sinus,
695 1875 726 1906 h.

139 1918 264 1955 Germe.

93 1957 237 1997 Cythnus
248 1981 256 1995 ,
270 1957 374 1988 insula
392 1957 591 1997 Archipelagi
603 1980 612 1995 ‚
631 1956 730 1988 Ther·

133 2000 217 2037 vcia,
236 1999 304 2029 aliis
323 1998 450 2030 calchi.

92 2039 244 2078 Cyzicus,
268 2039 344 2070 urbs
356 2039 390 2069 in
406 2039 508 2070 insula
527 2038 730 2079 Propontidis

136 2081 247 2118 (mare
268 2080 304 2112 di
327 2081 521 2120 Marmora)
544 2081 629 2112 dicta
655 2080 731 2112 Clu·-

135 2123 212 2154 :ica
382 2166 425 2207 D

96 2243 196 2281 Daci,
211 2252 287 2283 gens
312 2244 459 2276 habitans
484 2247 606 2285 partem
630 2245 672 2276 de
696 2245 732 2277 la

138 2286 300 2324 Ηοηρνίε,
318 2286 354 2317 la
372 2286 559 2324 Walaclzz'e,
576 2287 612 2317 la
630 2289 734 2318 Tran-

138 2324 308 2398 3353511231‘32'53,
326 2327 363 2358 la
379 2327 550 2359 Moldacz'e
562 2331 595 2358 et
607 2328 644 2359 la
656 2330 734 2359 Bes-

97 2406 206 2441 Sahae‚
234 2416 311 2447 gens
337 2409 376 2441 ad
399 2410 547 2450 Caspium
572 2418 677 2449 mare,
699 2410 733 2441 in

796 406 841 427 eae
865 397 902 427 ad
930 399 1102 437 utramque.
1123 399 1226 437 ripam
1249 400 1392 438 Hypanis

796 438 897 475 fluvii,
913 439 967 478 qui
983 438 1014 468 h.
1032 439 1062 470 le
1077 440 1236 470 Kouban.

754 480 922 517 Delmatia,
937 479 1019 510 inter
1036 480 1231 518 Liburniam,
1250 481 1392 511 §Iresiam

797 523 829 551 et
848 521 1042 551 Pannoniam
1054 545 1062 558 ,
1085 525 1229 552 extrema
1240 530 1313 561 pars
1328 531 1394 552 me-

798 562 964 633 rildioualis
980 563 1066 601 regni
1083 562 1241 593 Austriaci
1262 565 1392 601 <Autri-

798 611 815 633 c
829 604 882 641 ze).

757 644 864 679 Delus,
882 644 984 674 insula
998 644 1196 685 Archipelagi
1209 669 1218 685 ,
1233 644 1396 684 hodieque

798 685 898 716 Delos
914 694 939 715 s.
955 685 1049 716 ScliIi.

757 726 958 757 Divodurum
971 751 978 764 ,
1003 728 1099 766 caput
1120 726 1396 758 Mediomatricum

796 767 829 797 in
847 767 945 798 Gallia
959 768 1094 807 Belgica,
1109 768 1148 799 ad
1165 768 1338 806 Mosellam,
1364 768 1394 798 h.

800 810 901 839 Metz..

757 854 885 880 Donusa
896 873 903 887 ,
922 849 1027 880 insula
1043 850 1254 890 Archipelagi,
1273 858 1396 889 speras,

799 891 830 921 h.
852 892 1003 921 Stenosa.

759 931 931 969 Dulgiluni,
946 932 1085 971 populus
1102 932 1278 962 Germania?
1293 932 1332 962 ad
1348 940 1397 961 oe-

801 972 991 1003 cidentalem
1033 973 1132 1012 ripam
1175 973 1317 1009 Visurgis
1364 972 1397 1002 in

800 1014 1010 1053 westphalia,
1028 1013 1205 1044 seeundum
1223 1014 1300 1044 alios
1317 1014 1397 1044 inter

802 1055 952 1085 Amisiam
989 1057 1019 1085 ot
1051 1055 1183 1094 Lupiam
1226 1055 1350 1094 (Lippe
1363 1055 1372 1093 )
1386 1079 1395 1092 ,

801 1095 884 1126 circa
902 1097 1069 1127 ,uum-ter.

761 1137 1005 1176 Dyrrhachium,
1022 1137 1097 1167 urbs
1111 1137 1244 1176 lllyridis
1259 1136 1298 1167 ad
1312 1144 1397 1166 mare

802 1177 999 1209 Adriaticum
1011 1202 1019 1217 ,
1046 1181 1216 1209 Duras-0.

1054 1251 1104 1292 E.

763 1341 933 1380 Ecbatana,
952 1340 1029 1372 urbs
1041 1340 1075 1371 in
1094 1340 1206 1379 Persis,
1223 1339 1256 1370 h.
1273 1341 1399 1371 Hama-

804 1383 886 1414 dan.

765 1424 879 1455 Edessa
891 1448 899 1463 ,
922 1422 999 1453 urbs
1016 1422 1253 1462 Mesopotamiae
1277 1422 1402 1460 (Osroe-

805 1466 888 1503 nes),
915 1465 948 1494 in
976 1466 1080 1495 tractu
1102 1462 1348 1503 Al-DJ‘ezyrch,
1367 1462 1400 1493 h.

807 1509 837 1537 E
840 1506 982 1537 r-Rolza.

766 1547 990 1586 Elephantine,
1008 1546 1111 1576 insula
1124 1545 1202 1583 Nili,
1221 1545 1250 1575 in
1268 1544 1400 1575 Thebai-

807 1589 846 1619 de
862 1587 989 1627 *Egypth
1008 1588 1038 1617 h.
1060 1588 1351 1618 Geziret-Assszcan.

766 1630 905 1667 Eleusis,
928 1628 1085 1668 oppidum
1106 1628 1237 1665 Atticm,
1256 1627 1289 1657 in
1310 1627 1404 1658 litore

806 1671 896 1700 sinus
910 1669 1062 1709 Saronici,
1079 1669 1108 1698 h.
1131 1670 1285 1708 Lepsina.

768 1711 978 1742 Emeritenses
991 1734 999 1748 ,
1021 1710 1133 1740 incolae
1151 1713 1299 1748 augustie
1316 1712 1403 1739 Eme-

807 1752 895 1791 ritae,
913 1751 1023 1792 oppidi
1045 1751 1218 1781 Lusitaniae
1240 1750 1277 1780 ad
1302 1753 1404 1780 Anam

808 1792 944 1823 fluvium
957 1816 966 1831 ,
989 1792 1021 1822 h.
1042 1791 1176 1823 Merida
1194 1791 1227 1821 in
1247 1793 1402 1821 Estrema-

809 1833 898 1863 dura.

768 1871 936 1913 Ephesus‚'
948 1873 1027 1904 urbs
1052 1873 1150 1903 Ionife
1167 1873 1199 1903 in
1217 1873 1287 1903 Asia
1306 1873 1406 1903 Mino-

809 1924 842 1945 re
854 1938 862 1952 ‚
878 1915 909 1945 h.
924 1916 1023 1954 Feso,
1041 1914 1141 1944 ruinae
1161 1922 1258 1953 prope
1272 1914 1406 1953 AJa-So-

811 1955 882 1987 lzthss.

770 1997 963 2036 Epidaphne,
978 1996 1167 2028 suburbium
1181 1995 1360 2029 Antiochiae
1374 1996 1405 2026 in

810 2039 909 2076 Syria.

770 2078 899 2110 Erindes
926 2078 1042 2110 fluvius
1067 2087 1225 2118 nusquam
1251 2086 1406 2108 memora-

809 2121 874 2151 tur.
899 2120 1073 2159 corrigitur
1102 2118 1300 2151 Charinden
1312 2142 1320 2156 ,
1350 2118 1406 2157 qui

809 2161 947 2192 Mediam
973 2161 1227 2202 Hyrcaniamque
1249 2159 1405 2191 distermi-

811 2205 876 2233 nat.

770 2244 925 2283 Erythrae,
938 2243 1092 2284 oppidum
1104 2243 1301 2274 maritimum
1314 2242 1410 2272 Ioniae

812 2285 845 2315 in
860 2285 944 2324 Asia,
961 2286 992 2316 h.
1011 2287 1144 2323 Eretri,
1162 2284 1232 2315 aliis
1253 2284 1370 2316 Colide.

771 2329 873 2364 Eryx,
899 2334 994 2357 mons
1021 2326 1054 2356 in
1080 2326 1246 2357 occidente
1276 2324 1408 2359 Siciliae,

813 2369 927 2398 Monte
943 2368 1190 2406 st.-Gz'ul2·ano,
1207 2366 1278 2397 aliis
1299 2366 1410 2397 Monte

813 2408 849 2439 di
871 2410 1042 2448 Trapano.
